2618 4590
521 270 628 331 LIBER
644 272 679 329 X.

1087 260 1153 328 739

70 435 111 501 oti
135 435 176 500 ab
197 434 263 501 suis
287 435 390 501 neutri
411 434 535 524 proelio
557 443 777 501 occurrerunt:
813 432 921 522 primis
942 434 1043 501 ferme
1064 446 1151 503 tene·

70 538 114 603 ris
136 562 210 606 cum
230 538 264 605 in
285 550 461 629 conspectu
488 537 553 603 iam
580 548 683 605 castra
710 536 774 603 iam
796 534 999 626 Aquiloniam
1026 538 1152 606 babuis-

70 652 134 723 ent,
165 642 286 711 clamor
308 667 365 710 eos
387 645 559 733 utrimque.
575 667 634 733 por
661 640 808 709 accidens
836 639 1001 709 sustinuit:
1036 642 1160 710 deinde.

98 844 101 852 .
119 810 319 859 concurrerunt.
337 798 417 857 Voss.
428 819 456 858 ιι.
472 797 528 858 Psi.
539 802 565 857 3.

118 886 166 945 ni:
185 897 347 947 occurretur.
358 919 392 929 -
405 886 465 943 Pol:
479 908 563 954 „cum

118 976 147 1029 iu
166 985 312 1050 conspectu
331 977 384 1030 iam
406 984 492 1029 castra
511 975 564 1029 iam

118 1060 291 1136 Aquiloniam
302 1061 488 1122 habuissent‘.
500 1061 564 1117 Pot-

118 1157 161 1204 est
177 1148 287 1223 quidem
304 1148 400 1213 melius
412 1149 499 1207 videri
511 1149 563 1205 bu·

118 1237 231 1305 hereret,
250 1236 299 1295 sed
316 1237 489 1293 habuissent
508 1257 563 1292 non

117 1324 197 1398 peius
220 1333 274 1379 est:
302 1322 469 1381 habuerant
492 1325 562 1378 enim

117 1408 158 1465 ilii
185 1411 239 1467 ism
265 1419 352 1467 eastre
375 1411 429 1467 ism
450 1410 563 1486 Aquilo·

117 1499 189 1553 uiam
208 1500 236 1555 iu
256 1508 410 1574 conspeetu,
430 1515 489 1553 cum
508 1500 562 1575 pri·

114 1604 174 1639 mae
190 1585 316 1641 tenebrae
328 1585 440 1641 obortae
452 1604 562 1662 prospe·

118 1680 193 1729 cturu
207 1671 326 1729 adimere
349 1682 503 1750 coeperunt.
527 1703 562 1712 -

117 1756 155 1813 P:
172 1757 297 1823 „clamer
308 1780 355 1816 eos
368 1763 502 1836 utrimque
513 1779 563 1835 par

116 1844 242 1901 accidens
259 1848 425 1903 sustinuit“:
453 1852 504 1915 (m.
525 1851 561 1904 1.:

116 1935 278 2002 sustenuit):
297 1935 391 2002 „beim
401 1933 561 1990 Hereinbre·

115 2018 184 2073 eben
196 2019 251 2075 ulcr
264 2019 428 2077 Duubeiheit
445 2020 562 2077 hemmte

115 2115 206 2163 zuerst
223 2106 271 2163 das
283 2106 424 2176 Gesobmi,
442 2108 490 2165 das
503 2107 562 2164 sicb

115 2213 170 2249 rou
189 2193 285 2251 beiden
298 2194 385 2253 Orteu
397 2215 446 2253 sus
463 2194 562 2269 gleich-

116 2282 215 2354 mbssig
226 2282 299 2337 stari(
311 2281 474 2339 veruebmen
487 2281 561 2348 lices,

115 2367 175 2423 ibre
192 2367 342 2429 Sobritte'“.

115 2457 155 2512 ris
182 2458 290 2513 omissis
316 2458 449 2534 scriptum
471 2465 512 2511 est
533 2455 562 2511 iu

115 2540 156 2600 il:
178 2544 303 2611 „clamor
321 2562 368 2601 eos
386 2550 495 2617 utrique
513 2561 563 2616 par

116 2630 245 2687 accidens
261 2634 379 2688 tenuit“.
397 2628 440 2687 cf.
458 2634 485 2697 5,
503 2633 562 2688 39.ι

116 2715 164 2772 ubi
192 2736 253 2773 cum
278 2718 428 2795 praegressi
460 2717 564 2791 equites

118 2824 174 2859 nou
192 2814 285 2881 portas
306 2803 413 2885 elnuseo¹
433 2821 488 2857 nou
510 2810 564 2856 str-
596 2879 599 2885 Ι

116 2893 230 2948 tionem·
244 2912 296 2969 pro
317 2891 405 2969 portis
432 2888 564 2947 excubare

115 2999 172 3035 nou
198 2989 317 3035 armatos
339 2996 399 3051 esse
422 2978 452 3033 iu
478 2977 564 3032 muris

118 3064 298 3135 rettulissent,
324 3064 399 3123 aliud
420 3064 505 3140 priori
526 3064 563 3119 si·

79 3164 85 3177 ⁸
117 3152 181 3211 urile
197 3152 355 3211 miraculum
366 3171 415 3209 eos
426 3152 563 3220 sustinuit,

117 3250 279 3318 noctemque
299 3240 380 3297 veriti
403 3248 432 3295 et
454 3240 563 3313 ignotae

116 3330 200 3385 situm
217 3328 294 3385 urbis
310 3329 381 3383 iuter
392 3324 506 3384 Rursum
524 3334 562 3383 st-

103 3434 171 3491 que
186 3415 319 3471 Anienem
336 3412 491 3479 cometem

70 3502 562 3581 s.clemd1raegtommearsrormr,

118 3608 197 3665 quae
216 3592 341 3651 mesura
362 3588 402 3645 ab
417 3588 564 3663 Romanis

118 3936 252 3997 durus
273 3890 593 4021 reginsbustrurum,
607 3952 610 3957 ·

78 4026 357 4099 ··-om.1=ous..
366 4010 596 4095 uum-s*

373 2369 472 2426 Tribus
490 2368 561 2424 litte·
588 2364 596 2377 ”

706 800 784 855 tioris
802 798 886 854 cladis
905 796 1005 855 indicio
1025 798 1150 874 progredi
1175 869 1179 877 Ι

706 885 813 961 longius
830 885 976 961 probibuit.
994 917 1026 929 -
1058 885 1150 964 Primo

706 974 871 1029 restituimus
900 974 1080 1029 accusativum
1107 993 1150 1030 re-

702 1062 829 1139 gionem,
848 1062 895 1136 qui
912 1071 1052 1135 poetarum
1069 1061 1151 1117 modo

704 1167 755 1221 pro
774 1149 806 1204 irs
817 1149 967 1226 regionem
979 1149 1096 1224 scriptus
1109 1156 1150 1202 est

705 1234 759 1304 (cf.
777 1237 803 1301 3,
817 1236 875 1291 ten
893 1233 1036 1292 Lavinium
1054 1236 1085 1291 in
1097 1236 1152 1290 exi·

703 1318 770 1379 lium
787 1322 894 1390 abiitr),
912 1344 973 1380 cum
991 1343 1007 1380 e
1028 1325 1151 1401 regione

705 1408 932 1483 („gegemiber“)
944 1429 999 1465 non
1010 1409 1092 1467 modo
1105 1431 1151 1465 an·

705 1495 790 1571 tiquis
808 1495 885 1553 libris
898 1497 948 1555 sed
960 1501 1040 1555 etiam
1052 1499 1151 1554 rationi

703 1580 758 1639 loci
771 1603 920 1661 repugnare
931 1584 1076 1645 videretur.
1094 1583 1149 1641 Hu-

703 1670 748 1725 ius
766 1673 910 1731 accusativi
930 1674 971 1727 vis
996 1691 1057 1728 cum
1080 1691 1150 1729 rece.
1251 1746 1254 1751 .

704 1755 830 1813 librarios
840 1758 953 1827 falleret,
965 1757 1011 1816 ulii
1021 1760 1151 1837 regione,

705 1843 750 1901 alii
769 1845 864 1916 (Voss.
882 1852 929 1915 ιι.)
951 1848 983 1903 in
1000 1847 1151 1924 regionem

704 1935 879 2009 seripserunt.
910 1932 1083 1995 oi10.3s.:
1108 1952 1151 1987 ea·
1258 1957 1262 1967 ·

704 2019 766 2076 dem
783 2023 901 2094 regione.
929 2021 1003 2077 Dein
1020 2023 1150 2097 seriptum

703 2115 746 2163 est
762 2108 791 2163 iu
809 2106 831 2162 P
849 2117 877 2163 et
893 2106 1011 2166 iubeid.
1024 2126 1042 2166 1.
1061 2127 1151 2183 „quae

704 2195 814 2250 incensa
842 2194 876 2251 ab
903 2197 1022 2251 romanis
1053 2199 1149 2262 crat“,

702 2282 730 2338 iu
742 2281 770 2337 il
787 2284 867 2339 stiam
884 2302 976 2357 „quse
993 2283 1103 2358 iugensa
1116 2282 1150 2337 eb

703 2371 822 2425 romanis
849 2375 932 2425 erut“
961 2375 1014 2436 (m.
1043 2371 1082 2425 Ἅι
1109 2371 1150 2425 in-

703 2460 800 2530 gcusJ:
818 2459 847 2513 iu
865 2454 946 2515 Voss.
953 2476 981 2516 u.
1000 2477 1091 2534 „quae
1109 2458 1149 2513 in·

704 2562 783 2601 censa
796 2546 940 2600 aromuuis
952 2550 1058 2602 erant“.
1080 2544 1150 2601 Turn

704 2632 864 2706 scripsimus
905 2650 966 2686 cum
1002 2630 1050 2685 Pul
1089 2630 1149 2689 cod.

705 2714 809 2775 Tbuan.
826 2714 886 2775 reli.
905 2716 987 2774 Drab.
1005 2716 1151 2784 „flammae

705 2802 785 2870 (Pola
813 2802 936 2873 flamme)
965 2801 1018 2859 late
1045 2802 1151 2861 iusse“.
1204 2858 1208 2871 ,

705 2887 754 2946 sed
781 2889 811 2945 iu
837 2891 877 2946 eis
898 2910 966 2967 quse
992 2902 1147 2968 sequuntur,

705 2974 814 3033 videtur
847 2978 902 3035 iam
931 2980 1039 3054 antique
1070 3000 1149 3035 manu

703 3062 831 3121 mendum
843 3066 942 3122 iactum
954 3084 1103 3133 esseorum
1120 3069 1150 3123 in

704 3148 861 3209 melioribus
873 3151 951 3209 libris
962 3153 1101 3210 inventum
1114 3156 1151 3211 sit
1204 3214 1207 3223 ,

704 3240 854 3306 „certioris
887 3237 972 3297 ciariis
1008 3241 1148 3297 indicio“·:

703 3344 786 3402 quare
809 3327 922 3385 duorum
946 3331 1095 3384 recentium
1117 3327 1150 3385 li·

676 3472 680 3479 ,
704 3412 815 3471 brorum
840 3413 952 3490 Portug.
981 3424 1008 3471 et
1035 3414 1149 3473 flavere.

671 3554 674 3559 .
703 3502 865 3579 scripturam
892 3504 978 3561 secuti
1009 3504 1149 3561 iudicium

702 3590 863 3665 recepimus,
878 3593 1038 3667 praesertim
1049 3611 1109 3649 eum
1122 3603 1150 3649 et

583 3682 589 3689 '
704 3672 796 3733 multis
819 3675 880 3733 eliis
904 3675 973 3734 lueis
996 3698 1014 3733 u
1038 3681 1149 3737 etriin

703 3758 805 3819 finibus
821 3762 965 3821 verboruui
983 3766 1136 3822 confusa
1109 3788 1148 3824 ιι·

650 3846 824 3921 ..doristus
846 3848 898 3919 (ci.
916 3848 949 3910 T.
967 3850 1029 3909 biri
1051 3852 1070 3913 l
1087 3874 1150 3914 m.

658 3954 852 4015 rpumu.
869 3940 913 3997 1⁸
930 3945 1030 4015 seqq..)
1065 3940 1150 4001 t..1·'r

645 4020 967 4099 rirflrousriuaetism
969 4028 1149 4095 ‚salinaria-

109 4101 514 4213 mmmm
534 4106 684 4208 iffi.
672 4108 766 4271 &stt
770 4110 923 4215 ΜΨ
934 4114 1035 4175 'msibi
1055 4115 1150 4183 soluit,

882 4201 951 4271 bi*
