2618 4590
507 266 510 271 ·
544 263 719 326 annam.
751 317 754 327 ,
1117 252 1182 323 457
1255 244 1267 255 '

85 435 151 502 hoe
173 432 236 500 fide
257 431 321 498 hoe
343 427 526 497 foederibus
551 426 615 494 hoo
643 425 800 494 fetialibus
830 426 1026 496 caerimoniis
1053 429 1184 520 dignum
1250 419 1260 443 ⁷

86 551 165 607 erat.
203 548 240 604 ut
261 535 392 625 quidem
413 544 449 600 tu
470 532 558 622 quod
580 530 686 622 petisti
707 555 767 622 per
791 531 973 622 pactionem
994 533 1113 601 habeas
1136 545 1185 602 tot
1212 586 1214 590 -

83 644 171 711 cives
193 630 474 728 ineolumes,-ego
495 636 610 726 paoem
633 659 729 725 quam
751 636 812 703 hos
834 635 891 704 tibi
918 637 1108 706 remittendo
1130 640 1207 727 pal,

84 759 156 814 ctus
178 768 251 812 sum
272 767 338 810 non
359 741 506 823 habeam,
527 739 591 807 hoe
612 739 709 807 tuA.
731 738 874 824 Corneli,
895 741 960 808 hoe
980 764 1040 809 vos
1061 741 1186 808 sedales

86 851 163 918 iuris
187 848 332 968 gentibus
355 846 478 914 dicitis?
512 866 572 932 ego
594 865 672 910 vero
694 844 787 929 istos,
815 868 898 936 quos
922 845 995 912 dedi
1022 844 1217 928 simulatis,5

84 979 148 1024 nec
170 952 293 1043 accipio
315 974 376 1018 nee
398 947 471 1016 dedi
493 947 644 1033 arbitror,
663 971 724 1016 nec
745 973 856 1017 moror
877 973 943 1042 quo
965 949 1070 1016 rninus
1092 948 1125 1014 in
1147 946 1193 1015 ci
1301 1022 1304 1029 ,

158 1143 351 1210 habeatsibi‘ss
368 1138 415 1197 alii
426 1158 544 1216 „pacem
555 1138 603 1194 ha-

163 1232 244 1288 beant
265 1229 352 1288 sibi“.
379 1257 413 1270 -·-
438 1225 501 1285 PM:
528 1224 603 1294 „hoc

158 1316 214 1374 fide
234 1316 287 1373 hoo
309 1312 465 1372 foederibus
486 1312 539 1369 boe
565 1310 604 1369 fe·

160 1403 269 1461 tialibus
303 1402 458 1459 cerimoniis
495 1399 606 1476 dignum

159 1497 246 1551 erst“.
275 1488 433 1547 Desiderari
454 1495 545 1564 potest
563 1487 607 1542 di·

158 1599 251 1658 gnum
269 1586 331 1636 este
362 1574 411 1632 sed
427 1572 523 1632 Livius
539 1573 606 1629 scri·

160 1669 218 1746 psit
239 1673 318 1732 erat,
345 1671 376 1718 ut
398 1662 428 1719 id
446 1663 607 1738 exprimeret

160 1752 250 1830 qnod,
273 1754 298 1808 si
314 1757 394 1828 paeto
412 1756 484 1805 stare
505 1747 606 1805 noluis-

160 1848 229 1907 sent,
247 1859 263 1894 a
279 1835 382 1916 populo
400 1856 468 1895 rom.
484 1834 546 1893 fieri
563 1855 607 1890 ss·

163 1946 247 2004 quum
259 1924 368 1982 fuisset:
380 1923 452 1993 „das
465 1922 537 1980 hate
547 1920 606 1979 sich

163 2016 306 2088 geriemt“.

111 2103 138 2161 2.
165 2111 197 2158 ut
216 2100 336 2179 quidem
353 2109 386 2156 tu
407 2096 491 2175 quod
510 2097 614 2173 petisti

162 2187 230 2264 per*
242 2189 408 2264 pactionem
433 2185 544 2243 babeas
568 2191 613 2239 tot

166 2278 248 2332 ciues
270 2275 447 2332 incolumes:
470 2270 532 2330 Pol:
547 2271 612 2345 ¹nisi

166 2361 240 2440 quod
256 2358 322 2419 inm
338 2360 524 2437 scriptumest
540 2376 610 2434 „per

164 2453 256 2528 pactio
271 2451 277 2519 Ι
292 2450 424 2517 tionem“.
436 2446 499 2520 Quo
512 2444 610 2503 mendo

165 2541 196 2596 in
210 2536 459 2612 dlpaetiotioasm
481 2537 611 2612 seriptum

166 2635 232 2692 erat,
249 2623 344 2680 eodem
356 2624 385 2678 in
396 2621 446 2680 ΡΜ
463 2623 612 2698 ueterisque

169 2711 247 2770 codd.
266 2711 456 2782 scriptumest
476 2727 548 2783 „ego
565 2729 612 2784 ps-

171 2817 229 2854 aem
251 2816 330 2874 quam
356 2795 432 2850 hosti
451 2794 504 2851 tibi
522 2794 613 2850 remit·

168 2884 251 2941 tendo
278 2892 374 2962 paetus
399 2900 460 2938 sum
487 2898 543 2937 non
567 2878 615 2933 hs·

168 2974 278 3032 bearn“.
304 2973 335 3027 in
361 2989 415 3026 uno
437 2977 527 3024 tamen
554 2964 615 3025 eod.

170 3058 282 3135 Neapol.
299 3056 427 3115 Latinius·
447 3074 537 3132 quam
558 3054 616 3111 hos

170 3149 224 3205 tibi
240 3146 415 3204 remittendo
431 3152 616 3219 pertusam

172 3235 291 3301 invenit,
318 3252 397 3311 ιῙιιιιιιι
423 3252 515 3291 veram
535 3229 616 3285 huius
644 3246 649 3263 ²

134 3382 137 3387 ,
173 3320 227 3377 looi
253 3321 412 3397 scripturam
440 3338 499 3374 esse
524 3316 545 3376 i.
573 3317 617 3376 fr.

174 3407 341 3465 Gronovinnr
353 3426 406 3462 non
416 3406 527 3480 sugeret.
545 3407 619 3473 „Ds-

173 3497 225 3553 mit
243 3493 278 3550 du
297 3514 370 3550 zwsr
387 3492 436 3550 das
446 3511 504 3549 was
521 3491 558 3549 du
576 3492 620 3550 bei

176 3582 236 3639 dem
254 3581 382 3657 Verlrage
401 3577 621 3654 beabsiehtigtest

174 3671 223 3729 das
241 3668 334 3727 Leben
359 3688 391 3726 so
412 3666 497 3726 vieler
517 3665 621 3742 Biirger

176 3756 296 3814 erhalien
319 3757 459 3823 kdnniest,
485 3753 530 3811 ioh
556 3753 622 3809 aber

176 3845 224 3901 des
237 3844 374 3912 Friedene
388 3844 440 3900 den
454 3841 500 3899 iah
511 3862 562 3898 uns
576 3840 620 3898 da·

177 3932 221 3990 ide
244 3931 306 3988 dass
326 3932 371 3988 ich
394 3930 438 3988 dir
461 3929 537 3986 disse
553 3928 621 3986 Bar-

179 4039 227 4095 ger
261 4018 414 4093 syiedergab
454 4016 623 4092 ausbedung‚

178 4107 250 4166 mich
270 4106 346 4166 nieht
367 4107 489 4182 erfrenen
515 4104 625 4174 kdanle,

743 1139 838 1198 darum
855 1138 1019 1197 variandae
1035 1139 1072 1197 du
1086 1138 1189 1196 Corne-

744 1226 797 1284 lius
820 1227 876 1284 und
900 1226 944 1284 ihr
964 1227 1190 1305 Bundesprisster

680 1300 684 1307 ’
744 1311 1189 1373 ιοΙοΙιοίιιΙίεοΙιῑᾶοιΝὸΙΙιοιιιῖ“

747 1432 782 1444 ·-
804 1399 840 1457 P:
867 1409 919 1478 qui
942 1402 1015 1458 hosti
1029 1403 1035 1474 Ι
1049 1402 1101 1458 tibi
1122 1418 1191 1457 rem·
1218 1412 1220 1417 '

746 1487 878 1544 mittendo
891 1498 984 1566 pectus
996 1509 1065 1549 sum.
1074 1522 1109 1533 —
1121 1486 1144 1544 Ρ
1156 1508 1191 1547 m.

748 1576 774 1632 1.
791 1574 833 1632 lii:
857 1595 881 1632 a.
900 1576 1020 1635 cornelii.
1046 1574 1069 1632 Ρ
1091 1595 1126 1634 m.
1150 1578 1191 1634 λι

748 1682 772 1721 a.
790 1660 900 1721 corneli.
918 1693 952 1705 ·-·
969 1662 1010 1719 M:
1028 1663 1144 1722 feciales.
1156 1692 1193 1706 -

746 1747 854 1805 Deinde
881 1751 1011 1827 seriptum
1037 1758 1079 1806 est
1102 1752 1130 1806 in
1152 1746 1193 1805 M:

747 1855 819 1912 „ego
846 1856 912 1894 uero
938 1838 1007 1893 istos
1033 1856 1103 1913 quas
1128 1836 1194 1893 dedi

749 1921 1197 2004 simulatisneeaecipioneededi

750 2012 828 2067 simu
843 2014 848 2082 Ι
863 2014 935 2069 lotis
952 2032 1006 2070 nec
1021 2013 1132 2090 accipio
1144 2030 1196 2068 nee

751 2096 815 2154 dedi
827 2097 978 2155 arbitror“z
996 2100 1045 2158 sed
1058 2120 1093 2156 ιιι.
1104 2101 1130 2158 3.
1140 2118 1194 2155 me·

753 2184 796 2241 dia
815 2185 895 2243 verba
913 2186 1022 2244 inducta
1040 2195 1112 2246 sant.

699 2273 726 2332 6.
752 2271 807 2329 nec
822 2275 933 2350 occissis
956 2295 1010 2332 nec
1027 2274 1100 2332 dedi
1117 2272 1211 2329 ordi-¹

750 2369 831 2417 tros:
858 2359 919 2418 Pola
947 2361 977 2422 h.
999 2382 1023 2422 s.
1047 2381 1097 2419 nse
1126 2360 1198 2427 erbis

751 2458 867 2506 trorvos
885 2442 1025 2506 deditnros
1042 2448 1126 2506 fuisse
1143 2449 1198 2506 nisi

751 2555 908 2613 persuasum
919 2535 1083 2594 habuissetis
1095 2557 1137 2593 me
1149 2556 1198 2594 eos

754 2636 925 2702 accepturum
942 2645 999 2680 non
1016 2644 1084 2682 esse.

700 2743 736 2758 ·-
755 2732 807 2771 nec
830 2730 931 2768 moror
959 2730 1018 2785 quo
1044 2713 1141 2767 minus
1168 2711 1201 2767 in

754 2799 903 2857 ciuitatem
925 2798 1086 2874 obligatam
1112 2816 1199 2872 spon·

756 2885 840 2941 sione
849 2884 1098 2941 commissairstis
1109 2884 1202 2939 smni—

757 2972 813 3028 Ims
835 2970 894 3026 diis
918 2990 1042 3046 quorum
1069 2970 1203 3028 eluditur
1252 3013 1260 3035 .

757 3058 1010 3117 aamenredeant.
1022 3088 1055 3101 -
1071 3057 1201 3132 Sponsio
1229 3080 1234 3087 ·

757 3147 964 3204 commississe
982 3155 1023 3202 est
1041 3165 1110 3224 quae
1125 3147 1203 3201 irrita

757 3234 819 3291 fieri
854 3254 909 3291 non
943 3235 1043 3312 possit,
1078 3253 1140 3290 oum
1172 3252 1203 3288 ea

759 3341 828 3398 quas
850 3321 1052 3399 spoponderant
1074 3320 1108 3376 ab
1126 3319 1205 3379 eltes‘·
1275 3320 1279 3327 '

761 3417 820 3465 utre
838 3419 914 3486 parte
931 3411 983 3464 iam
1001 3407 1069 3466 fara
1083 3410 1139 3465 sint
1155 3428 1206 3465 nee

761 3516 812 3574 pro
823 3495 930 3554 infectis
942 3496 1002 3555 fieri
1014 3497 1130 3574 possint,
1138 3492 1205 3565 „ein

747 3582 900 3640 -Biindniss
919 3582 963 3640 b'ei
981 3584 1041 3640 dem
1056 3582 1100 3640 dis
1111 3576 1205 3661 gagen·
1248 3605 1266 3636 ,ι

761 3673 874 3745 seitigen
896 3669 1130 3749 Verpssichtungen
1151 3691 1223 3731 von-

762 3757 810 3813 der
840 3759 918 3815 einen
946 3759 1019 3816 Seite
1049 3760 1135 3816 sehon
1164 3761 1234 3815 insL

763 3844 849 3902 Werlr
870 3856 972 3921 gesetzt
996 3847 1090 3909 sind‘f.
1125 3845 1208 3904 simili

764 3932 846 3989 modo
856 3935 927 4010 apud
936 3934 995 3994 Cio.
1004 3945 1053 3994 aot.
1062 3955 1089 3994 ιι.
1098 3932 1175 3994 Verr.
1184 3936 1209 4002 1,
1248 3960 1251 3965 ·

766 4022 810 4079 10.
822 4021 935 4096 legimus
948 4022 1142 4081 hereditatem
1153 4021 1188 4082 V
1182 4042 1210 4080 e·

768 4109 834 4166 neri
854 4110 1004 4169 Erucinae
1024 4112 1211 4171 commissam
