2618 4590
11 244 16 253 ·
117 206 285 315 ⁴120.
547 352 550 359 Ι
627 255 797 320 numu.

159 423 310 507 obstaret,
332 420 445 512 trepidi
466 430 573 512 patres
595 419 635 487 ad
657 419 722 488 duo
744 419 856 488 ultima
877 417 993 486 auxilie
1014 439 1179 485 summum
1201 415 1259 482 ima

19 599 22 607 ,
158 527 283 618 perimn
310 549 534 617 summumque
562 525 603 593 ad
632 525 736 593 civem
763 525 943 594 decurrunt.
981 521 1168 590 dictatorem
1197 520 1277 603 dici

111 700 113 705 ,
138 630 281 720 ¹placet:
318 631 430 700 dicitur
450 630 496 697 M.
518 629 633 697 Furius
655 628 809 698 Camillus
831 629 888 720 qui
907 626 1092 718 magistrum
1114 625 1259 715 equitum

160 734 197 802 L.
218 734 389 803 Aemilium
410 745 549 826 cooptat.
586 734 696 824 legum
717 757 848 833 quoque
870 734 987 801 latores
1015 730 1168 797 adversus
1192 739 1259 796 tan·

130 851 228 910 otum
250 851 438 932 apparatum
459 837 712 908 adversariorum
733 850 767 907 et
786 839 848 930 ipsi
870 859 1000 904 causam
1028 834 1131 925 plebis
1152 832 1260 923 ingen·

157 942 251 1011 tibus
264 944 376 1012 animis
398 955 522 1012 armant
537 941 738 1034 concilioque
758 942 861 1034 plebis
876 941 994 1009 indicto
1017 938 1117 1006 tribus
1140 937 1181 1002 ad
1196 936 1259 1002 sni-

61 1062 64 1067 '
141 1046 293 1139 'fragm
313 1059 441 1116 vocant.
477 1072 552 1117 cnm
579 1048 713 1117 dictator
739 1050 872 1140 stipatus
902 1044 1025 1136 agmine
1054 1039 1260 1139 patriciorum

55 1139 59 1154 ’
158 1151 273 1240 plenus
294 1151 360 1219 irae
380 1150 601 1242 minammque
624 1153 829 1237 consedisset,
851 1163 947 1242 etque
970 1148 1115 1237 ageretur
1135 1168 1188 1212 res
1209 1168 1260 1211 so-

158 1253 216 1322 lito
238 1254 378 1345 primum
399 1256 570 1323 certamine
591 1255 674 1324 inter
695 1280 730 1325 se
757 1257 957 1324 tribunorum
977 1249 1066 1341 plebi
1089 1249 1260 1317 ferentium

112 1357 265 1449 10'legem
287 1358 623 1452 intercedentiumque,
645 1372 678 1439 et
700 1374 820 1453 quanto
842 1361 910 1427 iure
932 1353 1093 1449 potentior
1112 1355 1261 1435 interces-

160 1462 208 1529 sio
232 1476 313 1548 erat,
340 1475 464 1532 tantum
485 1465 664 1533 vinceretur
685 1466 795 1535 lavore
817 1466 926 1556 legum
946 1458 1260 1557 ipsarumflatorum-

160 1590 241 1660 que,
274 1571 383 1640 etuti
409 1594 513 1664 rogas
538 1569 661 1663 primae
688 1571 789 1643 tribus
816 1570 972 1650 dicerent,
1009 1576 1093 1649 tum,
1107 1561 1261 1629 Camillus

140 1747 145 1762 ’
183 1733 186 1739 ’
229 1743 283 1801 sibi
300 1742 457 1802 riderentur
467 1744 568 1815 videre,
585 1747 677 1805 statim
764 1746 791 1806 l.
817 1746 916 1828 legum
930 1761 1049 1822 quoquc
1060 1739 1189 1813 tereres.-
1205 1735 1263 1799 ΡΜ.

230 1831 377 1907 refugerint
401 1831 436 1888 ad
453 1852 484 1888 ea
503 1852 570 1908 quae
590 1842 633 1889 tot
650 1842 687 1891 et.
818 1863 853 1877 -
878 1831 955 1891 Leid.
976 1851 1012 1890 r.:
1034 1828 1175 1913 legumque
1195 1831 1262 1890 lato·

85 1959 96 1971 2
200 1933 203 1939 ·
229 1926 303 1975 tanta
331 1921 360 1976 in
384 1921 598 1996 superstitiosam
618 1918 676 1997 ple·
817 1939 871 1980 res.
889 1952 923 1965 -
941 1920 981 1977 tl:
999 1921 1153 1980 aduersum.

230 2004 293 2062 bern
311 2007 350 2062 eis
367 2017 459 2084 parata
483 2017 559 2064 erant
575 2009 677 2086 praesi-
764 2010 792 2070 7.
817 2016 884 2066 bum
907 2008 1038 2067 dictator
1055 2040 1090 2052 -
1112 2007 1263 2066 consedis-

230 2091 288 2163 die,
306 2114 367 2151 curn
385 2094 429 2151 vel
446 2113 575 2167 auguros,
592 2095 617 2149 si
635 2094 676 2149 ni·
818 2105 879 2154 set.-
890 2094 947 2154 ΡΜ.
959 2127 993 2143 -
1006 2096 1088 2155 Recc.
1099 2082 1193 2154 codd}
1206 2104 1264 2151 tum

228 2178 269 2235 tul
287 2179 360 2237 aliud
379 2179 515 2238 efficacius
531 2181 676 2247 videretur,

229 2285 288 2324 rem
311 2275 434 2343 coeptam
457 2266 594 2325 adfinem
615 2286 676 2340 per·

230 2350 294 2408 duci
320 2362 411 2409 vetare
437 2362 550 2430 possent
574 2352 627 2423 (cf.
651 2355 676 2421 1,

209 2482 212 2487 ,
231 2439 300 2506 36.),
314 2437 379 2495 dum
392 2439 507 2507 dictator
519 2450 622 2496 creatus
635 2459 676 2496 es·

120 2601 124 2607 ι
229 2534 280 2594 set,
299 2535 326 2581 et
337 2526 439 2584 tribuni
451 2526 534 2604 aliqui
546 2530 604 2584 sive
617 2547 675 2604 gra·

230 2612 268 2666 tia
286 2613 344 2669 sive
362 2622 434 2670 metu
445 2615 476 2671 in
488 2613 598 2672 alteram
614 2635 676 2693 par-

230 2707 284 2755 tem
303 2699 478 2771 ducerentur,
501 2705 549 2781 qui
567 2701 677 2778 collegis

208 2824 219 2844 ·.
229 2787 424 2845 intercessuros
449 2809 509 2846 csse
530 2809 591 2847 sese
612 2811 676 2866 pro·

229 2876 375 2935 mitterent.
387 2879 427 2933 sio
437 2879 508 2934 eninr
517 2877 599 2935 modo
609 2879 677 2935 scri·

227 2971 304 3036 ptum
323 2971 380 3019 erat
391 2966 417 3032 6,
430 2968 484 3032 35..
501 2975 591 3042 patres
603 2985 676 3021 surn-

229 3066 333 3104 marum
344 3069 434 3106 rerum
447 3051 602 3108 discrimine
612 3072 676 3128 pro·

228 3136 318 3212 posito
338 3154 398 3190 cum
416 3135 604 3212 trepidassent,
625 3159 676 3195 nec

141 3282 144 3288 .
227 3218 407 3278 ullom‘aliud
429 3223 577 3282 remedium
598 3244 675 3302 prae·

228 3315 271 3364 ter
290 3319 427 3388 expertam
439 3309 529 3370 multis
541 3315 595 3369 iarn
613 3321 675 3368 ante

227 3399 418 3457 certaminibus
453 3400 674 3457 intercessionem
703 3458 706 3463 λ

228 3483 368 3544 inventum
385 3495 471 3555 esset,
494 3485 611 3562 collegas
624 3487 675 3543 ad·

81 3638 86 3647 ·
141 3574 146 3581 ’
226 3586 321 3627 versus
343 3574 502 3648 tribunicias
522 3577 675 3648 rogationes

228 3673 404 3733 comparasse.
415 3658 458 3718 Cf.
463 3663 589 3739 inprimis
599 3649 674 3732 2,st

46 3826 49 3830 .
102 3808 110 3825 .
172 3737 214 3797 3.·
230 3743 283 3816 qui
306 3747 385 3824 meg.
408 3750 539 3823 equitum
562 3747 675 3808 Me·

228 3826 343 3884 milium
377 3844 510 3909 cooptat.-
546 3834 617 3908 ΡΜ.
638 3861 676 3879 -·

47 3950 64 3965 .
177 3982 181 3989 Φ
226 3900 301 3967 Harl.
319 3932 337 3968 r.
353 3914 430 3980 Leid.
448 3939 464 3976 ι.
483 3920 562 3983 Voss.
575 3942 606 3979 nr
626 3922 676 3998 qui

43 4078 49 4085 ¹
228 4014 256 4055 ¹²²
291 3997 387 4057 imm
416 4008 535 4079 equium
560 4008 594 4070 1..
621 4009 674 4070 Ga·
736 4064 738 4069 ,

63 4094 133 4171 ⁸..
201 4083 468 4173 3'uur'oooptat.
534 4134 536 4141 .

818 2183 985 2239 dictator-
1005 2203 1066 2242 curn
1083 2183 1208 2242 sedisset.
1228 2213 1263 2226 -

816 2267 866 2326 ΡΜ
883 2268 956 2328 Harl.
969 2290 986 2330 r.
1003 2269 1125 2329 Leid.1.:
1144 2269 1264 2326 tribuno*

816 2375 879 2500 pum
896 2349 989 2435 plebis
999 2355 1077 2419 Voss.
1094 2375 1123 2416 u.
1140 2355 1189 2417 aL:
1206 2353 1262 2433 ple·

838 2464 869 2500 rs.

747 2532 791 2590 11.
816 2540 934 2587 tuntum
955 2533 1121 2588 uinceretur
1131 2527 1264 2601 fauore:
1295 2520 1307 2557 ”

794 2617 874 2676 -ΡΜ,
894 2650 928 2661 -
955 2617 1034 2675 Voss.
1051 2635 1079 2674 ιι.
1102 2615 1152 2675 ri:
1177 2624 1265 2682 tauto.

818 2705 864 2767 Cf.
882 2708 913 2775 5,
939 2709 998 2763 10.:
1025 2713 1158 2781 quantum
1175 2712 1264 2759 autem

817 2795 963 2870 augebatur
988 2791 1102 2861 militurn
1126 2808 1274 2857 numerus..

818 2891 894 2944 tanto
913 2883 1015 2937 maiore
1032 2879 1147 2955 pecunie
1164 2886 1217 2937 cet.

748 2972 791 3029 12.
818 2979 849 3027 et
866 2970 910 3026 uti
927 2987 1018 3046 rogas
1034 2968 1148 3040 primae
1167 2965 1265 3021 tribus

818 3056 964 3112 dicerem:
976 3052 1011 3113 Μ.
1025 3085 1059 3095 -
1071 3051 1109 3109 P:
1120 3051 1203 3130 primi
1215 3050 1266 3129 ‘²15

817 3142 877 3200 bue.
899 3161 936 3200 ru.
954 3145 994 3200 Ἅι
1010 3142 1098 3218 prime
1114 3136 1212 3197 tribus.
1229 3130 1284 3179 -”

817 3227 863 3288 Cs.
880 3226 939 3286 Cic.
957 3249 999 3306 ep.
1018 3227 1064 3287 ud.
1078 3226 1135 3284 Au.
1155 3227 1184 3293 l,
1204 3225 1265 3283 tta.

817 3336 915 3395 operae
932 3313 1080 3373 Clodianae
1100 3307 1198 3392 pontes
1220 3330 1265 3367 oc·

818 3413 957 3480 cuperant:
988 3401 1101 3461 tabellae
1129 3400 1265 3456 ministra·

816 3490 915 3548 bantur
941 3492 978 3548 ita
1006 3484 1128 3548 utnulla
1155 3485 1265 3542 daretur

817 3580 882 3648 „uti
904 3584 1015 3653 rogas“.
1036 3607 1069 3619 ·-·
1092 3572 1135 3631 lllr
1159 3578 1197 3629 cri
1222 3593 1265 3629 cr·

816 3664 915 3726 millus.
940 3698 975 3710 -
1000 3665 1076 3722 Pru.
1096 3665 1135 3719 1.=
1156 3658 1264 3735 inquid.
1291 3718 1295 3726 ¹

816 3781 852 3795 -
874 3752 903 3810 Μ
925 3773 960 3813 m.
985 3755 1021 3812 1.:
1043 3751 1139 3808 libino.
1169 3767 1205 3806 m.
1223 3747 1264 3806 3.:

771 3892 780 3903 ,
816 3837 911 3908 libido.
930 3871 965 3884 ·-·
995 3837 1071 3898 Pm.
1090 3840 1129 3895 1.:
1146 3853 1198 3909 qua
1216 3853 1263 3911 pe-

816 3928 920 4004 peritis.
939 3948 975 3985 m.
988 3928 1026 3986 ΜΛ
1045 3945 1096 4002 qua
1107 3923 1263 3999 peperistis.

816 4043 851 4058 -·
862 4012 925 4071 Pll:
938 4033 1015 4083 „non
1025 4013 1093 4090 reip.
1105 4011 1192 4089 magis
1203 4011 1267 4079 uni·¹

692 4167 695 4170 ⁴
815 4119 911 4159 uersas
925 4120 1005 4178 quam
1022 4107 1111 4158 uestra
1124 4114 1205 4156 causa
1217 4095 1263 4187 'di-
