2780 4720
195 277 201 300 ’
226 282 294 354 720

226 462 338 554 pulato
359 458 485 534 Atinate
507 483 583 554 agro
598 459 752 532 Carvilium
767 462 808 530 ad
824 457 1008 532 Cominium
1021 449 1165 551 Papirius
1179 457 1230 528 ori
1248 455 1361 550 Aqui·

176 625 184 641 .
226 563 360 650 lonium,
386 565 442 634 ubi
463 589 590 636 summa
617 567 664 638 rei
684 567 876 637 samnitum
902 576 986 646 erat,
1013 564 1170 656 pervenit.
1213 564 1270 634 ibi
1300 565 1357 630 ali-

227 670 383 763 quamdiu
403 694 465 740 nec
487 681 647 742 cessatum
676 671 835 742 abannis
857 682 909 740 est
934 694 1041 761 neque
1068 669 1193 740 naviter
1219 693 1356 760 pugne

226 787 312 844 tum:
333 775 521 846 lacessendo
544 777 670 869 quietos
691 776 911 848 resistentibus
931 776 1077 845 cedendo
1092 773 1353 844 comminando

191 895 292 971 oque
313 882 415 974 magis
437 904 536 970 quam
556 881 722 952 inferendo
736 905 878 976 pugnam
891 879 959 950 dies
977 878 1231 950 absumebatur:
1258 880 1352 970 qnod

227 1009 303 1054 cum
324 985 516 1077 inciperetur
537 987 826 1078 remittenturque,
848 984 993 1055 omnium
1013 1007 1122 1054 rerum
1143 983 1256 1052 etiam
1281 1009 1348 1074 par·

227 1099 339 1160 varum
361 1101 495 1166 eventus
516 1091 736 1182 proferebatur
757 1091 790 1160 in
811 1090 891 1160 dies.
928 1090 1028 1162 altera
1048 1089 1200 1168 Romana
1227 1099 1347 1170 casua,

695 297 856 360 nunus.
891 335 894 340 -
977 367 987 380 ‚
1110 366 1113 384 Ι

296 1263 403 1327 Loci.
421 1259 471 1323 alt
490 1283 540 1322 nec
556 1265 669 1326 nauiter.
696 1263 741 1324 Cl.

267 1388 270 1402 ·
298 1357 342 1422 10,
360 1355 419 1410 itt:
441 1369 496 1410 nec
512 1352 680 1438 aspernenda
698 1365 743 1410 res

208 1749 211 1762 .
296 1701 489 1762 cossentia·
505 1700 549 1761 lll:
567 1703 760 1762 cominando-⁴

295 1443 355 1499 risa
372 1460 470 1518 neque
481 1441 588 1498 incaute
600 1440 745 1504 metienda.

297 1525 743 1596 Zssbbm-th

295 1611 461 1676 lasessendo.
489 1614 513 1673 1>
534 1633 569 1676 m.
591 1617 617 1676 ὓ.
639 1614 681 1676 tl:
704 1615 743 1673 la·

175 1783 180 1791 “
296 1808 362 1866 ques
385 1789 438 1860 (ei.
455 1793 500 1864 tu,
518 1794 558 1850 7.=
584 1811 743 1870 „oppugno

295 1880 371 1936 tione
381 1875 598 1936 comminanda“=
608 1879 670 1938 cod.
675 1879 743 1938 Lan·

296 1965 383 2036 risit).
396 1964 494 2024 teitu
506 1963 618 2026 Vosau.
627 1965 743 2028 Louna

211 2055 215 2064 “
296 2052 485 2109 comminando
508 2055 602 2128 magia.
631 2051 710 2118 laeid.
723 2075 743 2116 ι.

241 2225 269 2286 6.

119 2661 269 2738 ¹a.

295 2137 346 2200 ala
363 2139 423 2198 dies
441 2143 636 2204 assumebatur.

296 2229 426 2286 omnium
444 2247 545 2286 rerum
566 2232 656 2288 etiam
673 2249 743 2306 pnr-

296 2334 404 2372 uorum
425 2325 550 2376 euentus
568 2317 743 2392 profereba-

295 2407 346 2458 tur
374 2403 406 2456 in
435 2402 502 2460 dies
531 2406 623 2472 (,‚ron
653 2407 742 2462 cinam

294 2486 367 2562 Tage
384 2507 446 2544 zum
463 2487 622 2560 andern“)a
643 2489 678 2550 ll.
705 2523 741 2536 -·

294 2571 330 2630 Pr
348 2573 534 2652 proferebatur
551 2577 580 2632 in
597 2575 665 2640 dies.

295 2663 394 2720 alteru
405 2681 531 2720 romana
542 2672 645 2722 castro
663 2685 741 2743 quae

297 2765 355 2810 xx
375 2750 473 2809 mittin
493 2752 592 2826 spatii
618 2752 742 2812 otnant

296 2845 326 2896 et
342 2838 475 2896 charmis
492 2840 626 2918 collegae
646 2843 741 2922 conor]-

295 2926 339 2982 liu
357 2927 490 2984 omnibus
499 2925 642 3005 gerendis
654 2927 742 2984 inter·

296 3021 383 3069 erunt
393 3014 497 3070 rebus:
515 3011 544 3070 lli
554 3032 591 3070 m.
604 3014 645 3084 1.]
658 3013 741 3071 altera

169 3131 172 3148 ι
295 3097 418 3156 Romana
445 3105 531 3155 eastra
557 3100 654 3176 viginti
680 3100 741 3157 mil·

294 3185 360 3244 liurn
381 3187 469 3262 spatio
492 3186 615 3253 aberant,
640 3195 667 3244 et
694 3187 740 3246 ab·

293 3275 380 3331 sentis
392 3272 508 3350 collegae
518 3273 630 3332 consilia
640 3285 690 3335 oct
704 3305 739 3318 ·-

294 3359 323 3419 lll
334 3381 369 3422 m.
382 3364 421 3420 bn
438 3363 536 3440 spatio.
554 3361 587 3418 P:
600 3361 681 3419 altera
695 3383 738 3420 ro·

294 3457 477 3506 mana-castra
494 3469 563 3526 quae
579 3467 616 3506 xx
633 3448 739 3510 milium

292 3538 381 3613 spatio
393 3536 504 3595 aberant
515 3547 543 3594 et
559 3537 678 3595 absentis
686 3547 738 3598 cet.

296 3622 380 3699 Quae
397 3625 426 3680 in
444 3616 518 3680 nullo
536 3643 587 3680 nco
604 3623 670 3685 Pall.
688 3645 739 3684 neo

293 3709 550 3770 Drakenborobiano
572 3711 668 3770 codiee
691 3714 737 3770 de-

293 3806 348 3855 est:
362 3797 411 3854 sed
425 3799 453 3855 in
466 3797 531 3857 Pell.
542 3801 567 3858 1.
577 3802 603 3859 3.
617 3797 697 3860 Voss.
709 3815 737 3861 n.

291 3886 422 3961 scripturn
439 3894 482 3944 est
498 3901 589 3962 „quas
605 3907 660 3946 xxx
679 3888 739 3945 mil·

231 4001 234 4006 ·
291 3971 358 4028 lium
375 3973 464 4046 spatio
482 3972 623 4034 aberant¹‘.
635 4005 671 4021 -
687 3975 738 4033 llio

212 4153 237 4192 N

292 4055 368 4114 locnb
386 4057 466 4134 paolo
485 4057 624 4118 diffieilior
642 4081 675 4120 ex
692 4081 736 4118 ca·

290 4143 390 4196 streusi
418 4141 601 4204 Romanorum
631 4149 736 4206 ratione

883 1259 1100 1344 interpretandus
1117 1273 1170 1324 eat,
1193 1256 1266 1321 vult
1279 1265 1346 1319 enirn

883 1351 978 1412 Livius
1008 1351 1117 1422 dicere,
1150 1347 1229 1409 nibil
1265 1354 1345 1408 maio·

882 1443 922 1500 rls
940 1443 1068 1500 momenti
1085 1437 1236 1516 aPapirio
1258 1447 1344 1497 actum

885 1547 946 1586 esse
957 1530 1011 1586 nisi
1024 1525 1148 1586 consulto
1159 1525 1286 1603 collega,
1302 1545 1342 1583 ne·

886 1635 939 1696 qne
948 1615 1096 1694 quidquam
1104 1611 1340 1690 Carviliumegis

883 1723 917 1762 se
938 1705 992 1762 nisi
1012 1701 1145 1778 'collegam
1162 1706 1340 1762 consentien-

883 1799 938 1850 tem
961 1789 1080 1848 baberet.
1110 1809 1195 1868 quem
1219 1789 1261 1847 ad
1288 1810 1339 1847 mo·

884 1878 950 1938 tium
970 1879 1054 1956 igitur
1073 1876 1155 1954 legati
1180 1877 1338 1954 tribunique

884 1976 913 2024 et
929 1967 1100 2026 centuriones
1121 1965 1208 2040 peimi
1229 1965 1288 2040 pili
1309 1966 1337 2022 ab
1365 2003 1366 2008 κ

885 2053 1093 2132 imperatoribus
1122 2050 1158 2108 ad
1191 2052 1337 2110 consilinm

883 2143 976 2200 vocari
992 2139 1125 2208 solebant,
1142 2139 1185 2196 sic
1204 2138 1336 2199 reintin-

883 2238 1002 2287 tererant
1013 2226 1125 2285 consilia
1138 2225 1269 2286 absentis
1278 2227 1335 2284 Car

886 2316 958 2381 sitin
973 2319 1002 2374 in
1031 2315 1175 2392 Papiriano
1210 2315 1333 2376 consilio.

884 2411 912 2460 et
936 2401 1009 2480 qnod
1035 2405 1116 2460 etiam
1138 2401 1228 2460 altera
1251 2415 1333 2462 castra

882 2489 1037 2548 interfuisse
1054 2491 1229 2559 scribuntur,
1248 2492 1281 2549 id
1298 2492 1332 2548 ‹li-

788 2600 794 2611 ¹
883 2595 944 2636 uere
965 2575 1084 2647 ridetur,
1114 2575 1262 2654 Papirium
1285 2600 1332 2636 non

883 2664 963 2722 nnius
985 2672 1089 2722 tantm
1106 2663 1227 2722 Carvilii
1249 2670 1332 2724 oonsi-

882 2750 990 2820 bornm,
1001 2752 1051 2812 sed
1062 2753 1143 2810 etiam
1155 2769 1257 2810 eornm
1270 2775 1330 2831 qnae

883 2861 898 2896 a
917 2839 1063 2899 Catulliani
1081 2840 1219 2896 meruitne
1237 2839 1330 2917 legatis

882 2927 1052 3005 tribunisque
1071 2926 1215 3006 proposita
1235 2941 1331 2998 essent,

881 3015 1014 3072 rationem
1023 3013 1253 3076 baberivoluisse.
1264 3017 1332 3084 „Ant

882 3101 932 3158 das
961 3103 1060 3162 andere
1086 3100 1226 3160 obmisebe
1251 3103 1331 3171 Heer.

882 3189 980 3246 doasen
992 3189 1077 3265 Leges
1094 3189 1193 3257 tooou
1206 3189 1330 3249 Scbritte

881 3277 999 3334 entiemt
1014 3275 1110 3345 stand,
1136 3275 1194 3333 nod
1219 3279 1274 3336 ani
1289 3281 1330 3338 die

880 3361 1060 3442 liatbscbltgs
1089 3364 1179 3422 seines
1204 3365 1331 3445 Amtsge-

879 3471 980 3510 uossen
998 3451 1079 3510 nalun
1092 3451 1217 3528 Papirius
1234 3455 1284 3512 bei
1295 3460 1331 3531 je·

879 3538 942 3596 (lem
959 3541 1048 3598 seinos·
1063 3537 1147 3596 Plane
1171 3540 1330 3620 sorgiiltiga

878 3625 1040 3686 libolsiebta
1067 3628 1171 3684 sooria
1189 3625 1331 3690 Carvilius

878 3714 968 3772 seiner
990 3713 1063 3770 Scite
1084 3715 1160 3772 seina
1183 3715 1329 3778 Anlmerl·

878 3800 993 3860 saultoit
1017 3800 1095 3858 mebr
1116 3799 1165 3860 aui
1185 3801 1232 3860 dio
1245 3803 1329 3884 ,Largo

880 3887 930 3944 ‹ler
946 3886 1131 3970 Verbt'ltnisse
1151 3888 1195 3946 bei
1213 3892 1330 3969 Aquilo.

878 3976 933 4041 uia,
944 3993 990 4030 sro
1002 3993 1032 4032 es
1043 3974 1103 4033 siab
1111 3973 1156 4032 um
1167 3976 1213 4034 die
1221 3977 1327 4059 llanpt·

877 4061 1126 4140 entacbeidungdes
1134 4061 1325 4140 Kriegesban·

875 4147 929 4220 ule,
947 4146 987 4208 als
1004 4148 1054 4210 aot
1067 4147 1183 4212 olearon
1201 4151 1259 4214 ibnr
1277 4157 1323 4214 be·
