2618 4590
533 270 645 329 moun
660 270 706 331 VL
1124 262 1169 331 59

68 437 233 504 crederem
255 460 319 504 vos
336 459 396 526 pro
417 430 564 501 libertate
586 457 684 524 quam
704 433 776 502 illos
791 458 850 524 pro
866 434 1080 507 dominatione
1101 461 1168 507 cer-

67 553 205 609 taturos:
243 551 325 630 quot
346 539 431 607 enim
452 538 584 606 clientes
606 539 689 606 circo
716 539 858 629 singulos
885 540 985 608 fuistis
1005 554 1169 631 patronos,

66 657 118 714 tot
138 671 225 712 nunc
247 645 398 713 adversus
418 668 520 711 unum
540 643 669 711 hostem
683 643 779 712 eritis.
812 643 967 711 ostendite
987 648 1085 714 modo
1100 647 1169 715 bel·

66 752 154 816 lumz
176 773 292 840 pacem
310 749 476 817 habebitis.
512 748 643 816 videant
655 772 715 816 vos
737 760 866 838 paratos
888 749 929 815 ad
942 744 1023 816 vimi
1044 752 1092 818 ius
1107 751 1168 841 ipsi

68 855 241 923 remittent.
278 853 460 923 audendum
481 864 532 922 est
552 854 671 946 nliqrrid
692 854 845 921 universis
868 864 923 920 aut
938 854 1045 920 omnia
1067 855 1198 944 singu-5

69 958 111 1027 lis
132 959 288 1048 patienda.
322 982 390 1049 quo
411 981 516 1050 usque
536 983 590 1026 me
612 958 934 1050 circumspectabitis?
956 980 1017 1048 ego
1041 956 1171 1048 quidem
1235 982 1244 994 ·

66 1061 148 1127 nulli
162 1075 304 1130 vestrum
326 1063 441 1132 deero:
460 1087 502 1133 ne
525 1064 651 1132 fortuna
672 1089 747 1132 mea
768 1061 851 1131 desit
870 1062 987 1133 videte.
1019 1060 1090 1154 ipse
1105 1061 1171 1129 vin·

67 1165 133 1247 dex
154 1178 276 1252 vester,
301 1168 358 1235 ubi
379 1169 485 1237 visum
505 1169 639 1236 inimicis
662 1181 726 1253 est,
753 1169 860 1237 nullus
888 1179 1021 1260 repente
1044 1167 1106 1252 tui,
1139 1177 1173 1235 et

66 1270 190 1338 vidistis
216 1272 250 1340 in
271 1273 398 1341 vincula
427 1274 501 1343 duci
526 1274 666 1345 urriversi
692 1296 767 1341 eum
795 1274 850 1364 qui
876 1298 895 1341 n
923 1273 1054 1365 singulis
1078 1271 1171 1340 vobis

65 1375 195 1443 vincula
223 1377 419 1468 depuleram.
456 1380 536 1472 quid
563 1368 705 1471 sperem,
731 1381 759 1447 si
781 1379 855 1470 plus
881 1379 915 1445 in
945 1403 998 1446 me
1032 1376 1172 1444 audeant
1184 1392 1220 1450 1o

64 1479 206 1548 inimici?
226 1505 267 1548 au
288 1483 411 1550 exitum
433 1483 523 1552 Cassi
544 1483 716 1575 Maeliique
739 1485 927 1574 expectem?
963 1484 1047 1550 bene
1069 1480 1171 1548 facitis

63 1585 158 1675 quod
183 1585 423 1656 abominamini:
461 1588 505 1657 dii
530 1588 748 1678 prohibebunt
772 1589 868 1656 haec:
907 1587 966 1654 sed
994 1609 1173 1676 numquam

84 1752 113 1808 3.
141 1758 186 1806 tot
214 1771 292 1808 nuno
319 1751 469 1811 aduersus
496 1774 587 1812 unum

142 1836 258 1894 bostem
275 1837 375 1895 eritis.-
390 1838 414 1894 P
432 1839 484 1895 eod
500 1838 588 1902 Rhen.

144 1953 178 1964 ·-
194 1921 270 1981 Idem
281 1923 389 1982 videtur
404 1923 530 1984 librarius
543 1948 587 1984 co·

728 1755 861 1812 micorum
895 1753 924 1810 vi
958 1761 1065 1830 ereptus
1103 1771 1172 1810 sum.

725 1841 804 1901 Leid
828 1861 845 1901 1.
872 1838 950 1900 Voss.
970 1859 996 1898 rr.
1022 1837 1071 1898 at:
1098 1837 1173 1893 nullo

728 1939 839 2004 repente
862 1929 911 1986 tui.
934 1959 969 1969 -
995 1924 1061 1983 PM:
1085 1926 1139 2001 qui
1154 1943 1175 1979 a

143 2009 213 2067 dicis
224 2010 251 2066 Μ
268 2019 331 2068 aute
343 2011 435 2069 oculos
453 2013 588 2084 habuisse,

140 2118 303 2175 quamquam
320 2099 379 2176 ipse
390 2103 501 2178 scripsit
517 2101 587 2169 „ad-

139 2205 234 2243 uersus
251 2206 336 2244 uuum
353 2186 432 2243 hoste
448 2190 587 2249 meritis“.

25 2262 27 2271 ’
107 2276 109 2290 '
143 2271 225 2328 altera
248 2273 347 2330 deinde
364 2293 493 2332 manuos
515 2275 584 2331 edie-

142 2362 180 2417 cit
189 2370 218 2417 ut
229 2361 307 2417 fieret
322 2361 441 2430 „hostes
453 2363 587 2420 meritis⁸‘.

140 2446 204 2504 iude
230 2448 330 2506 factum
353 2458 394 2506 est
416 2459 448 2506 ut
469 2453 499 2506 in
519 2452 586 2507 anti·

140 2535 249 2611 quiores
267 2536 397 2614 quasdem
408 2537 471 2598 edd.
486 2528 587 2616 irrepess

729 2016 950 2091 singulisuobis
958 2014 1077 2070 uincula
1085 2012 1175 2085 depu-

728 2103 831 2160 lerom.
848 2099 922 2158 Harl.
935 2118 954 2159 r.
968 2098 1063 2154 eodem
1076 2096 1174 2153 mendo

728 2208 782 2265 qno
805 2197 832 2244 et
858 2186 924 2244 alias
948 2207 979 2244 m
1001 2195 1029 2243 et
1051 2194 1085 2242 nt
1110 2204 1174 2241 con·

728 2274 787 2331 susa
799 2284 874 2332 suut:
886 2275 1099 2353 ,‚depulerunt“.
1110 2272 1176 2329 hinc

728 2361 807 2421 Voss.
824 2383 853 2423 rr.
871 2362 905 2422 al.
929 2365 1012 2420 etium
1028 2362 1118 2419 minus
1135 2359 1174 2417 lr-

728 2452 796 2507 tine:
816 2452 981 2527 depulerat.

657 2536 700 2596 11.
727 2557 767 2593 an
785 2541 898 2596 exitum
912 2537 1176 2610 CorsiMaeliique

140 2631 183 2680 ret
199 2623 310 2683 hostes.
422 2680 424 2684 Α
727 2634 892 2698 expectem:
918 2623 985 2696 PM]
1013 2645 1048 2680 on
1073 2625 1175 2679 exitum

84 2736 122 2751 ·-
142 2709 289 2767 ostendite
316 2711 438 2768 modum
461 2712 586 2770 bellum.-

140 2794 337 2857 Mm.1.l>.
367 2830 401 2840 -
430 2797 586 2858 Mm.2.:

141 2883 275 2939 ostendite
287 2883 370 2940 modo
383 2883 464 2943 bello.
477 2915 512 2925 -
523 2883 587 2942 PM:

141 2972 190 3028 ius
208 2971 268 3045 ipsi
287 2972 443 3029 renzittcnt.
466 2970 539 3031 Harl.
556 2991 586 3031 u:

141 3077 179 3114 us
206 3058 260 3134 ipsi
283 3060 428 3116 remittent.
458 3057 536 3118 Voss.
559 3080 588 3120 u.

141 3144 190 3204 aL:
208 3147 251 3203 ius
268 3147 337 3223 ipsis
354 3150 511 3204 remittetur.

85 3235 113 3295 6.
143 3253 201 3308 quo
224 3253 320 3310 usque
342 3253 390 3290 me
414 3236 590 3310 circumspe-

143 3320 274 3377 ctoditio:
292 3319 349 3380 ΡΜ.
362 3353 397 3362 -
416 3319 494 3381 Voss.
505 3341 525 3381 r.
540 3322 587 3382 aL:

728 2709 818 2769 Cassii
836 2721 886 2770 cet.
913 2711 949 2767 Et
965 2713 1006 2767 sie
1016 2709 1175 2788 plerumque

726 2801 756 2854 in
774 2807 841 2874 optt.
860 2798 949 2864 codd,
967 2799 1014 2854 ubi
1032 2796 1086 2852 duo
1106 2799 1176 2851 eius·

728 2884 789 2939 dem
807 2883 879 2939 illius
897 2885 1002 2958 generis
1020 2883 1128 2938 nomina
1146 2884 1176 2937 in

729 2971 848 3044 genitivo
877 2969 1003 3047 ponenda
1031 2979 1120 3037 erant,
1146 2971 1176 3026 iu

728 3059 821 3134 priore
838 3077 932 3114 eorum
949 3077 1031 3115 unum
1049 3060 1070 3125 i,
1090 3058 1119 3114 in
1138 3055 1176 3114 nl-

728 3155 786 3202 tero
806 3145 860 3201 duo
884 3147 896 3202 ἰ
917 3148 1016 3224 scripte
1033 3145 1175 3203 videmnus

729 3232 803 3310 quod
820 3235 867 3289 vix
880 3233 1004 3290 videatur
1020 3235 1124 3289 incuria
1142 3231 1176 3289 li·

730 3320 883 3376 brariorum
900 3321 1000 3377 iactum
1018 3341 1086 3379 esse.

143 3406 449 3486 circumexspectabitis.
466 3441 501 3451 -
523 3408 587 3467 Pdl:
659 3409 710 3468 19.Ι
730 3407 775 3464 dii
788 3407 986 3482 prohibebunt
1006 3406 1096 3464 tace:
1117 3405 1175 3468 ΡΜ.

142 3512 199 3571 ego
219 3493 337 3569 quidem
358 3497 441 3552 rrulli
456 3506 588 3555 aeonum

143 3581 245 3638 deero.
265 3578 347 3640 Recc.
365 3583 474 3657 quidam
492 3585 587 3647 codd:

143 3687 192 3743 ego
212 3669 312 3744 quippe
329 3665 395 3724 nulli
407 3681 456 3728 cet.
470 3702 504 3713 -
522 3670 586 3730 PM:

143 3755 321 3828 nefortuno
331 3760 398 3812 meo
410 3756 504 3815 desit:
522 3759 550 3819 h.
563 3781 587 3820 e.

142 3843 192 3899 sed
215 3852 244 3900 ut
261 3844 340 3900 vobis
363 3843 458 3902 adesse
476 3848 588 3922 possim,

141 3930 220 3986 vobis
236 3931 435 4008 providendum
452 3944 501 3993 est.

88 4019 116 4076 8.
144 4019 247 4076 nullus
264 4029 383 4094 repente
392 4019 463 4093 fui:
484 4019 542 4080 ΡΜ.
560 4021 587 4082 h.

144 4124 167 4162 e.
186 4123 220 4163 ex
236 4105 375 4166 hominum
392 4109 521 4165 societate
537 4110 587 4166 ini·

727 3493 819 3554 Nolim
830 3495 907 3569 sequi
918 3494 1077 3569 interpretes
1094 3514 1183 3571 quoe-⁸

729 3583 789 3639 dam
808 3582 856 3658 qui
870 3580 951 3637 verba
969 3579 1032 3649 „dii
1050 3581 1177 3659 prohibe-

727 3667 1175 3727 bunthaec‘mmultirudineomi-

729 3760 774 3813 nis
804 3777 883 3814 causa
912 3755 984 3815 dieta
1013 3758 1176 3834 putaverint.

729 3865 792 3901 nom
809 3854 915 3924 praeter
929 3864 1080 3924 pronomen
1092 3844 1174 3911 haec,

729 3932 917 3990 multo-maior
939 3934 981 3992 vie
1004 3934 1034 3988 in
1056 3930 1098 3987 his
1116 3950 1176 3988 ver·

729 4021 773 4078 bis
791 4023 856 4089 erit,
872 4024 898 4079 si
917 4019 1033 4078 Manlius
1052 4018 1175 4077 videaur

660 4151 666 4165 .
730 4109 770 4167 cis
787 4128 853 4168 usus
871 4127 930 4169 esee
947 4106 982 4164 nd
995 4107 1099 4164 mimos
1111 4125 1174 4165 suo·
