2780 4720
553 291 715 354 ameum
1114 279 1181 352 683
1263 213 1268 244 Ι

73 455 301 524 concidereotr
324 455 405 526 baec
426 455 460 526 io
480 454 606 524 sinistro
620 453 723 524 co'rnu
739 451 960 524 Romanorum
981 455 1108 526 fortuna
1128 482 1181 526 va

74 560 227 630 riarerat.
262 561 380 628 Fabius
402 562 435 628 in
457 561 570 629 dextro
591 558 696 648 primo
723 567 761 626 ut
787 570 861 628 aute
889 559 1009 646 dictum
1035 573 1086 630 est
1106 585 1211 632 cun-t

50 666 199 746 xctando
223 676 403 734 extraxerat
424 665 518 748 diem,
538 662 613 732 dein
634 673 806 753 postquam
827 689 889 733 nec
904 663 1026 735 clamor
1038 664 1180 734 bostium

74 794 142 838 nec
163 771 302 862 impetus
323 793 384 838 nec
405 769 470 838 tela
490 768 586 836 missa
609 767 745 836 eandem
766 767 832 836 vim
853 768 973 838 babere
994 769 1072 854 visa,
1093 793 1181 862 prae-
1249 799 1252 814 ·

10 957 15 965 ’
75 873 173 941 lectis
195 874 339 964 equitum
361 872 454 942 iussis
476 871 621 942 adlatus
643 871 835 941 Samnitium
856 873 1093 944 circumducere
1114 875 1212 946 alasb

75 987 116 1044 ut
137 978 230 1068 signo
252 979 328 1047 dato
349 979 384 1046 iu
400 990 598 1046 transversos
613 987 734 1067 quanto
748 976 890 1045 maximo
904 990 1039 1070 possent
1050 979 1182 1070 impetu

2 1103 3 1142 t
75 1082 291 1166 incurrerent,
319 1081 438 1150 sensim
458 1101 537 1150 suos
557 1080 645 1172 sigua
666 1080 782 1149 inferre
803 1081 895 1151 iussit
916 1094 950 1152 et
976 1105 1182 1152 commovere
1226 1136 1231 1144 .

75 1189 224 1256 hostem:
244 1199 420 1278 postquam
440 1208 506 1254 nou
527 1184 631 1252 resisti
646 1183 725 1252 vidit
746 1185 887 1288 etxbaud
909 1188 1039 1257 dubiam
1060 1187 1182 1256 lassitu-

77 1292 189 1360 dinem
217 1315 304 1375 esse‚
335 1301 405 1358 tum
434 1289 587 1358 conlectis
614 1289 762 1357 omnibus
792 1290 938 1360 subsidiis
965 1317 1049 1384 quae
1080 1289 1183 1358 adid

77 1408 209 1488 tempus
230 1406 456 1478 reservaverat,
479 1403 512 1464 et
532 1392 676 1486 legiones
698 1394 869 1464 concitavit
880 1407 915 1464 et
928 1396 1054 1489 siguum
1077 1397 1116 1482 ad
1139 1396 1183 1463 in·
1195 1409 1231 1470 lo

77 1501 245 1569 vadendos
273 1500 384 1568 hostes
414 1497 573 1590 equitibus
603 1496 699 1566 dedit.
735 1522 796 1580 nee
822 1500 1041 1569 sustinuerunt
1061 1500 1183 1570 Samni·

77 1616 129 1674 tes
157 1605 314 1694 impetum
339 1613 530 1694 praeterque
558 1599 660 1668 aciem
687 1601 792 1692 ipsam
813 1599 979 1672 Gallorum
1006 1605 1126 1674 relictis
1150 1605 1184 1674 in

80 1707 283 1776 dimicatione
305 1706 399 1774 sociis
423 1706 464 1774 ad
485 1715 588 1775 castra
617 1705 720 1774 effuso
747 1728 844 1774 cursu
871 1707 1067 1777 ferebantur:
1101 1708 1185 1778 Galli

79 1811 239 1880 testudine
261 1811 345 1878 facta
372 1809 507 1878 conferti
533 1809 676 1876 stabant:
707 1819 778 1876 tum
799 1810 917 1880 Fabius
944 1811 1050 1880 audita
1079 1811 1185 1897 morte

81 1917 224 2006 collegae
247 1914 484 2005 Campanomm
514 1913 599 1980 alam
620 1949 665 1962 -
686 1913 877 2004 quingentos
904 1915 971 1984 lere
994 1907 1119 2008 equiies
1140 1932 1232 1988 -15

87 2021 244 2094 excedere
267 2019 335 2087 acie
356 2019 446 2086 iubet
467 2028 500 2092 et
522 2018 753 2088 circumvectos
780 2018 820 2086 ab
849 2029 940 2111 tergo
963 2021 1120 2089 Gallicam
1140 2019 1186 2088 iu·

83 2127 201 2192 vadere
223 2124 339 2206 aciem,
361 2122 472 2191 tertiae
494 2122 609 2190 deinde
630 2121 764 2211 legionis
787 2122 939 2216 subsequi
961 2124 1121 2218 principes
1144 2135 1186 2212 et,

84 2253 148 2319 qua
170 2229 333 2296 turbatam
355 2249 470 2318 agmen
491 2226 633 2301 hostium
655 2225 800 2294 viderent
820 2227 944 2318 impetu
965 2229 1119 2320 equitum,
1140 2230 1185 2295 in·

83 2343 167 2402 stare
191 2359 228 2400 ac
251 2331 377 2401 territos
400 2329 549 2398 caedere:
571 2328 640 2421 ipse
663 2330 777 2397 aedem
792 2331 859 2400 lovi
874 2332 997 2403 Victori
1019 2334 1186 2426 spoliaque

85 2428 226 2506 bostium
248 2461 323 2505 cum
345 2435 501 2518 vovisset,
518 2435 570 2503 ·ad
592 2444 695 2502 castra
718 2435 909 2504 Samnitium
935 2438 1091 2529 perrexit,
1118 2456 1235 2529 quoae

86 2542 257 2616 multitudo
280 2539 384 2610 omnis
407 2549 608 2608 consternata
630 2539 792 2633 agebatur.
828 2543 890 2612 sub
907 2541 977 2635 ipso
993 2542 1089 2628 vallo,
1111 2541 1187 2634 quia

103 2753 130 2811 3.
156 2756 335 2826 extraxerat
360 2747 453 2804 diam:
479 2745 538 2809 ΡΜ.
565 2779 599 2796 -
700 2703 704 2708 Ι
740 2709 1188 2824 lpsrm.-lllrsotiir.—·Vose.u.
1255 2813 1258 2824 ¹

155 2835 211 2892 Pal.
231 2837 268 2892 1.:
292 2831 450 2890 exhauserat
467 2831 547 2894 diem.
566 2867 601 2882 -ι
742 2833 790 2893 al:
808 2854 889 2892 cursa
906 2835 993 2892 effuso
1011 2836 1142 2898 seruntur.

155 2921 204 2980 Por
222 2919 298 2980 Leid.
310 2939 327 2977 r.
346 2916 424 2977 Voss.
435 2937 463 2980 n.
483 2918 552 2982 Lov.
562 2925 602 2981 br
673 2919 718 2980 16.
743 2921 890 2980 excedere
903 2925 967 2982 aare
979 2925 1073 2982 iudet.-
1085 2923 1144 2984 ΡΜ.
1154 2953 1189 2968 ·-

160 3009 222 3066 dein
235 3016 385 3086 postquam.
405 3005 438 3067 cl.
450 3009 477 3074 8,
489 3009 516 3068 2.
527 3011 552 3065 8.
567 3007 603 3069 al.

160 3127 193 3138 -
203 3095 284 3154 Voss.
297 3115 339 3152 rua
358 3113 407 3155 neo
423 3093 475 3150 tela
489 3098 603 3156 emissa:

159 3185 220 3252 (28,
236 3184 280 3240 33.
299 3182 356 3249 at).
374 3211 409 3225 -
427 3180 506 3243 Voss.
525 3203 542 3242 r.
561 3183 603 3242 ala

158 3281 259 3345 quanto
281 3278 395 3345 possent
415 3272 532 3326 maximo
556 3273 606 3327 im-

159 3367 233 3436 petu.
269 3355 313 3415 Cl.
341 3375 383 3412 ex.
409 3375 449 3430 gr.
474 3361 520 3424 30,
546 3360 604 3416 iba

161 3453 261 3520 quanto
283 3445 400 3501 maximo
423 3445 526 3521 impeto
548 3453 607 3520 pot·

160 3540 245 3590 eraut.

99 3708 139 3766 19.
161 3714 341 3782 praeterque
357 3705 426 3762 aare
434 3705 529 3781 ipsam
538 3705 608 3762 Gal·

162 3795 277 3850 lorum:
304 3789 383 3850 Pur.
405 3794 443 3850 Ἅι
467 3790 609 3860 „modern

163 3884 293 3961 sturmten
306 3898 339 3934 an
352 3878 405 3938 den
417 3877 536 3936 Galliern
549 3898 610 3936 ror·

165 3965 233 4022 bber
250 3966 297 4022 hio
320 3963 389 4028 uach
413 3965 474 4024 dem
491 3965 611 4042 Lager“·

165 4081 199 4094 -
217 4051 240 4108 P
258 4073 292 4110 m.
314 4055 352 4112 1.:
377 4063 536 4131 praeterque
554 4053 612 4110 acio
655 4084 658 4091 ·

166 4139 261 4218 ipram.
303 4139 344 4200 lllr
379 4147 440 4222 pter
455 4143 461 4214 Ι
475 4160 501 4220 q.
531 4140 612 4198 etiam

743 3005 822 3067 Leid.
844 3027 863 3068 1.
885 3007 964 3070 Voss.
986 3030 1014 3072 rr.
1035 3011 1086 3071 alr
1113 3029 1190 3068 exce·

745 3094 810 3151 dere
822 3098 906 3154 aciem
919 3098 1002 3159 iubet.
1021 3097 1065 3155 (ll.
1077 3101 1119 3166 1⁰,
1133 3100 1190 3158 rea

744 3191 775 3240 ut
786 3185 924 3259 provincia
934 3195 979 3242 tua
992 3185 1143 3246 excederes.
1156 3215 1191 3228 -

744 3267 822 3330 Leid.
835 3290 853 3330 1.
871 3269 950 3334 Voss.
968 3291 996 3329 rr.
1013 3271 1082 3332 Lor.
1099 3275 1126 3334 l.
1143 3269 1192 3332 al:

746 3359 942 3416 circumuectos
978 3379 993 3415 a
1028 3369 1132 3438 tergum
1157 3389 1193 3402 -

748 3441 826 3500 Leid.
839 3465 870 3505 r.=
888 3465 941 3522 qua
953 3445 1089 3504 turbatum
1100 3463 1195 3521 agmen

721 3605 722 3608 Ἴ
747 3530 867 3590 bostium
879 3534 972 3609 inpetu
984 3531 1108 3589 uiderent
1120 3534 1196 3609 equi·

614 3627 623 3640 '
749 3627 814 3679 tum.
837 3617 860 3676 P
877 3640 913 3682 m.
932 3624 970 3681 1.=
988 3622 1017 3678 iu
1036 3621 1138 3700 inpetu.
1160 3649 1195 3660 -·

748 3704 785 3763 P:
811 3708 870 3786 ipse
893 3707 986 3765 erdem
1012 3710 1070 3765 iani
1097 3706 1196 3766 uictori

749 3792 891 3871 spoliaque
907 3793 1026 3854 bostium
1045 3803 1096 3854 cet.
1108 3811 1114 3820 ·
1125 3791 1195 3851 Cod.
1312 3847 1317 3858 ,

751 3879 860 3940 Kloclr.:
888 3883 948 3960 lpse
969 3883 1077 3940 interim
1103 3879 1196 3938 aedem

751 3967 808 4024 iooi
829 3971 913 4025 tutori
936 3968 1074 4046 spoliaque
1092 3977 1143 4026 cat.
1161 3995 1195 4012 -

751 4051 833 4112 naec.
846 4053 902 4111 duo
915 4054 1009 4117 codd:
1028 4061 1197 4113 consternata

753 4142 908 4217 augebatur.
