2618 4590
173 269 238 343 ⁹28
485 342 488 347 .
633 284 741 345 orara
759 283 818 345 vu.

118 494 122 511 .
175 461 250 539 post
278 471 375 540 quam
402 459 477 516 vota
507 459 574 516 erat
604 450 700 516 aedes
722 447 872 514 Monetae
902 442 1064 515 ‹lorlicatur
1092 447 1130 514 C.
1155 446 1279 513 Marcio

47 556 51 569 “
172 553 281 620 Rutilo
303 554 431 619 tertium
453 553 492 620 Τ.
509 553 629 620 Manlio
644 555 810 643 Torquato
833 554 948 619 iterum
970 553 1167 620 consulibus,
1207 577 1278 643 pro

175 657 293 747 digium
315 657 478 747 extemplo
501 658 734 725 dedicationem
749 669 897 723 secutum
919 658 1021 724 simile
1037 667 1165 723 vetusto
1189 679 1280 722 mon·

175 761 215 826 tis
229 759 344 827 Albani
368 761 527 852 prodigio:
551 785 691 852 namque
715 773 746 828 et
762 761 918 852 lapidibus
940 763 1022 853 pluit
1044 771 1076 828 et
1097 785 1165 827 nox
1186 747 1280 827 inter-

120 858 228 934 'adiu
251 865 318 933 visa
339 866 475 932 intendi:
504 866 655 955 librisque
676 866 826 956 inspectis
850 891 924 933 cum
946 867 1040 956 pleno
1063 865 1217 954 religione
1240 866 1280 932 ci-

175 969 256 1035 vitas
279 981 379 1047 esset,
406 970 529 1036 senatui
556 970 676 1059 placuit
698 970 886 1037 dictatorern
908 970 1057 1036 seriarum
1084 969 1280 1036 constituen-

176 1073 288 1138 darum
316 1097 412 1140 causa
443 1075 514 1141 dici.
551 1075 653 1140 dictus
682 1075 717 1141 P.
742 1076 887 1143 Valerius
915 1074 1096 1164 Publicola²
1129 1072 1281 1163 magister

177 1178 322 1266 equitum
345 1178 374 1244 ei
398 1178 438 1262 Q.
461 1178 577 1244 Fabius
592 1177 767 1246 Ambustus
790 1181 882 1245 datus
905 1188 963 1244 est.
1001 1201 1067 1243 non
1089 1177 1190 1243 tribus
1213 1188 1278 1243 tan-

89 1330 93 1340 .
152 1291 248 1367 „turn
275 1281 489 1371 supplicatum
515 1283 561 1348 ire
589 1284 709 1371 placuit
736 1285 793 1350 sed
821 1283 971 1349 finitimos
1005 1282 1101 1348 etiam
1130 1281 1280 1372 populos,

44 1376 47 1385 ¹
77 1398 81 1416 ¹
109 1400 166 1475 Ι10
179 1383 322 1475 ordoque
344 1385 381 1452 iis
405 1410 470 1476 quo
496 1387 631 1477 quisque
661 1388 712 1456 die
739 1387 954 1479 supplicarent
980 1396 1126 1453 statutus.
1162 1370 1284 1453 iudicia

45 1500 47 1505 '
178 1510 218 1554 eo
241 1512 325 1556 anno
346 1489 459 1579 populi
481 1491 580 1558 tristia
601 1492 635 1558 in
657 1493 851 1560 feneratores
873 1492 972 1572 facta,
996 1489 1111 1580 quibus
1134 1491 1174 1555 ab
1199 1490 1280 1557 aedi-

176 1590 260 1657 libus
288 1591 370 1660 dicta
399 1594 466 1685 dies
494 1608 592 1680 esset,
620 1599 795 1665 traduntur.
833 1584 866 1664 et
887 1619 939 1662 res
968 1595 1054 1661 lraud
1080 1594 1145 1660 ulla
1167 1594 1282 1684 insigni

197 1768 222 1824 1.
248 1767 342 1826 aedes
362 1770 500 1829 Monetae
522 1772 693 1830 dedicatur:

141 1914 143 1919 .
246 1852 323 1913 Pm.
342 1857 421 1914 1.-
445 1858 519 1917 Pm.
540 1863 564 1918 1.
583 1858 692 1920 Harlt.

248 1938 325 2000 Leid.
336 1960 366 1999 n:
383 1946 509 2003 monitae.
528 1945 570 2003 tl:
583 1950 691 2005 monite.

108 2094 112 2099 .
195 2073 228 2083 —
248 2043 280 2100 0.
308 2045 421 2102 Marcio
452 2048 563 2109 Ilutila.
590 2071 627 2110 nr.
661 2053 691 2110 T.

248 2131 361 2187 Manlio
379 2134 538 2209 Torquato.
550 2156 578 2196 u.
596 2146 691 2195 eous:

247 2215 303 2275 ΡΜ.
332 2217 375 2272 De
400 2221 504 2276 ilerum
527 2222 562 2281 cl.
584 2226 691 2288 o‚18.:

247 2301 279 2358 Τ.
292 2301 434 2374 Quinctius
447 2307 624 2364 Cincinnatus
642 2312 691 2364 ite·

247 2406 315 2446 rum.
328 2419 362 2428 —
375 2387 454 2451 Reae.
468 2392 560 2452 codd:
578 2393 609 2453 T.
620 2395 691 2452 llan-

248 2471 286 2530 lio
304 2474 441 2552 Torquato
460 2481 630 2541 secuudum.

196 2573 223 2632 2.
246 2578 418 2655 prodigium
440 2587 587 2660 extemplo
609 2587 691 2642 dedi·

248 2665 392 2721 cationem
410 2679 557 2727 secutum:
576 2671 605 2729 P.
618 2705 651 2713 -
664 2672 692 2729 Μ

249 2745 322 2808 Harl.
334 2770 351 2810 r.
369 2751 445 2813 Leid.
465 2774 495 2813 ιε
515 2756 691 2818 dedicatione.

248 2866 282 2876 -
301 2832 343 2897 (ll.
365 2841 389 2908 1,
407 2843 451 2897 31.

196 2922 221 2978 l.
248 2943 375 3000 uanaque
394 2937 423 2983 et
440 2916 590 3004 lapidibus
600 2934 691 3007 pluit.-

246 3007 308 3080 ΡΜ]
327 3033 440 3089 namque
452 3048 486 3056 —
499 3015 586 3091 pluvit
602 3023 691 3088 (rece.
765 3052 768 3067 ·

248 3095 351 3166 codd).
374 3098 461 3167 cut,
480 3104 523 3160 31.
540 3106 567 3167 3,
587 3107 629 3163 10.
646 3110 691 3174 30,

137 3230 142 3236 ,
245 3180 332 3237 38.-
345 3181 387 3240 lll:
401 3194 428 3240 et
439 3205 493 3242 nox
504 3189 621 3245 interdiu
632 3194 690 3248 uisa

169 3362 172 3367 ¹
245 3301 364 3364 intende.
386 3325 424 3367 m.
442 3310 484 3366 3.=
501 3278 624 3370 intendi

190 3398 219 3460 5.
246 3404 391 3482 librisque
402 3411 541 3484 inspectis
551 3432 617 3470 eum
625 3416 688 3488 ple·

244 3509 286 3546 rra
303 3495 447 3574 religione
464 3499 475 3566 (
481 3497 518 3554 P:
537 3499 688 3574 relegione)

244 3577 349 3635 ciuitas
368 3592 462 3640 esset:
479 3584 536 3645 ΡΜ.
555 3618 589 3630 -
607 3586 688 3648 Reae.

835 1773 907 1829 enirn
938 1771 1090 1846 significare
1119 1778 1226 1848 poterat
1254 1779 1282 1824 ct

831 1861 952 1936 publius
970 1868 997 1913 et
1011 1878 1094 1932 prae.
1107 1856 1174 1913 -P
1193 1879 1228 1914 m.
1242 1857 1279 1916 a:

835 1952 896 2021 mag
915 1947 1034 2022 equiturn
1048 1947 1077 2001 ei
1088 1968 1113 2022 q.
1126 1944 1213 2005 sobius
1227 1963 1279 1999 am-

833 2034 928 2089 bustus
958 2032 1034 2088 datus
1062 2041 1111 2090 est.
1140 2031 1163 2089 P
1190 2051 1226 2089 m.
1255 2033 1278 2089 1.

833 2117 911 2178 Leid.
931 2140 947 2178 r.
966 2118 1017 2178 el:
1036 2126 1103 2195 mag.
1122 2121 1242 2195 equiturn
1259 2130 1278 2169 a·

833 2214 860 2283 ¹]-
874 2206 960 2261 labius
974 2215 1024 2264 cet.
1042 2206 1082 2261 lll:
1101 2227 1152 2263 ma.
1169 2213 1192 2262 ὓ.
1205 2205 1277 2280 equi-

833 2302 889 2349 turn
904 2296 1009 2368 equitus
1022 2293 1108 2348 labiae
1121 2302 1172 2349 cet.
1191 2313 1226 2349 m.
1238 2295 1277 2348 3.:

832 2399 884 2437 rna.
907 2386 933 2454 g.
957 2383 1077 2455 equitum
1100 2381 1207 2454 equitus
1229 2388 1277 2434 cet.

834 2497 869 2506 -
892 2466 975 2522 Paulo
1000 2476 1063 2544 post
1085 2465 1113 2522 Μ
1138 2465 1277 2540 „suplica-

833 2559 912 2609 tum“
922 2563 949 2608 et
959 2554 1177 2628 „suplicarent“,
1187 2573 1277 2629 quem·

834 2639 996 2698 admodum
1014 2642 1042 2697 in
1061 2640 1121 2700 cod.
1135 2637 1277 2696 Laurisha-

832 2729 919 2783 mensi
940 2731 1071 2801 scripturn
1092 2718 1205 2802 reperiri
1233 2746 1276 2780 so—

831 2810 877 2871 let.
906 2845 940 2855 —-
969 2815 1005 2872 P:
1030 2815 1151 2891 ordoque
1174 2817 1201 2871 is
1223 2833 1276 2890 quo

832 2902 946 2978 quisque
965 2902 1009 2958 die
1026 2901 1215 2982 supplicarent.
1242 2931 1277 2940 -

831 2986 930 3043 Omnia
949 3010 1016 3065 quae
1035 2992 1068 3046 ab
1080 2989 1276 3065 supplicatum

830 3077 962 3149 usquead
975 3068 1207 3152 supplicarentln
1220 3095 1275 3128 me·

830 3157 943 3216 liorib'us
962 3164 1040 3222 codd.
1062 3163 1186 3238 leguntur
1204 3163 1275 3218 exci-

831 3244 928 3303 derunt
944 3250 973 3304 in
991 3249 1064 3308 Harl.
1081 3271 1099 3310 1.

760 3329 802 3388 11.
829 3333 861 3386 in
874 3332 1085 3404 feneratores:
1110 3337 1141 3397 P.
1170 3368 1204 3378 -·
1233 3335 1273 3391 M:

828 3420 857 3474 in
867 3420 1056 3483 foeneratores.
1066 3456 1100 3466 —
1110 3422 1160 3481 ΡΜ
1172 3423 1247 3482 Harl.
1256 3444 1278 3483 r..

828 3503 904 3563 Laid.
922 3528 955 3566 u:
980 3513 1134 3578 „tristitia“
1153 3531 1205 3588 pro
1224 3514 1273 3567 tri·

829 3596 896 3652 etia.
915 3595 959 3654 Cf.
977 3601 1003 3665 7,
1023 3600 1066 3657 25.

209 3694 211 3698 ι
244 3661 336 3720 codd:
362 3664 440 3725 libris
465 3692 572 3750 quoque
599 3677 687 3750 inape·
758 3679 801 3738 12.
829 3681 909 3736 dicta
927 3683 1008 3739 dies:
1026 3684 1074 3740 ΡΜ
1093 3683 1273 3744 codGel—

213 3787 214 3790 η
243 3749 302 3805 ctis.
321 3780 355 3791 --
373 3752 396 3808 P
412 3775 448 3813 m.
467 3760 505 3817 1.:
524 3762 687 3821 constituen-

242 3830 376 3898 demtum.

173 3917 214 3984 27.
240 3919 338 3981 dietus
358 3922 395 3983 P.
418 3926 560 3993 Valerius
584 3934 684 3993 Publi·

239 4009 322 4064 colo:
351 4007 382 4072 P.
414 4045 448 4059 -
482 4017 525 4076 lll:
556 4022 682 4096 „dictusl

237 4095 428 4166 praeualuius
460 4104 593 4177 publicola
601 4114 627 4164 “.
659 4117 682 4184 p

826 3766 889 3824 Plll:
909 3779 1006 3828 essent.
1033 3770 1108 3832 Pm.
1127 3775 1168 3830 Ἅι
1192 3783 1275 3835 esset.

828 3883 863 3895 ·-
892 3855 1027 3916 Drakenb.
1058 3859 1151 3918 codd:
1183 3860 1275 3918 dietae

826 3938 884 3997 dies
902 3955 999 4004 essent.
1034 3945 1078 4006 cf.
1097 3950 1140 4016 10,
1161 3949 1221 4007 la:
1239 3967 1273 4004 eo

824 4048 894 4085 anno
912 4031 1047 4108 plerisque
1065 4032 1124 4090 dies
1146 4034 1220 4094 dicta
1238 4036 1273 4093 ab

823 4115 962 4177 aedilibus.
