2618 4590
145 270 216 338 eo
273 240 292 337 ’.
382 290 386 302 ’
440 358 442 363 .
636 282 743 342 uranu
762 280 807 342 rr.

172 447 261 537 quod
282 459 332 514 tot
353 446 480 537 insignis
502 446 684 538 triumphis,
706 446 803 514 etiam
825 458 928 514 aetate
950 436 1138 512 venerabilis
1161 479 1204 492 -
1228 442 1273 508 in·

170 561 221 618 ter
241 550 342 640 prima
370 552 458 642 sigua
485 553 540 618 ubi
567 551 723 643 plurimus
750 550 841 619 labor
867 550 1109 641 periculumque
1138 558 1209 616 erat
1236 569 1273 614 se

107 720 110 727 ,
172 655 339 739 offerebat,
360 656 523 748 increpare
547 654 660 745 singuli
681 678 717 722 se
740 655 875 746 quisque
898 666 931 723 et
953 654 1046 734 alios,
1071 663 1105 718 et
1126 651 1273 719 adhorta·

172 759 216 827 tio
236 760 270 826 in
298 760 403 828 vicem
429 773 532 830 totam
559 759 655 826 alacri
683 761 822 828 clamore
850 759 989 852 pervasit
1014 757 1125 823 aciem.
1166 779 1274 846 neque

141 863 250 932 talter
271 866 415 932 tribunus
436 866 482 932 rei
504 863 613 946 deluit,
634 865 693 930 sed
713 863 829 931 missus
844 888 862 930 a
878 864 1001 952 collega
1015 861 1201 928 restituente
1216 883 1271 950 pe·

172 967 273 1035 ditum
295 971 398 1037 aciem
420 971 460 1036 ad
483 969 620 1060 equites,
650 993 716 1037 nou
738 968 919 1058 castigando
942 1006 986 1017 -
1015 967 1055 1032 ad
1083 989 1181 1055 quam
1203 988 1273 1031 rem

171 1072 328 1140 leviorem
351 1085 515 1141 auctorem
537 1097 611 1140 eum
639 1074 752 1163 culpae
780 1072 917 1140 societas
945 1070 1129 1139 fecerat-
1150 1069 1209 1136 sed
1230 1069 1274 1134 ab

170 1177 304 1266 imperio
326 1189 413 1245 totus
436 1179 476 1244 ad
497 1202 608 1269 preces
630 1201 742 1245 versus
764 1201 854 1244 orare
871 1175 1013 1265 singulos
1029 1172 1272 1263 universosque,

170 1292 208 1345 ut
228 1304 264 1348 se
287 1306 379 1349 reum
400 1282 545 1349 fortunae
567 1281 635 1348 eius
652 1281 713 1348 diei
728 1280 857 1348 erimine
875 1281 1065 1347 eximerent:
1088 1277 1274 1361 „abnuente
1301 1304 1305 1309 ·

98 1468 101 1472 .
124 1397 209 1452 10ac
231 1385 420 1475 prohibente
442 1386 563 1476 collega
579 1385 763 1453 temeritatis
784 1409 838 1452 me
854 1385 998 1453 omnium
1019 1383 1126 1474 potius
1148 1383 1273 1450 socium

171 1511 270 1578 quam
290 1489 383 1557 unius
404 1492 590 1581 pmdentiae
613 1491 701 1557 dedi:
723 1488 876 1555 Camillus
893 1489 927 1554 in
940 1500 1074 1579 utraque
1088 1497 1195 1555 vestra
1211 1487 1274 1555 for·

171 1603 247 1659 tuna
270 1617 361 1660 suam
382 1594 515 1684 gloriam
537 1597 638 1664 videt:
676 1619 751 1685 ego,
779 1593 812 1659 ni
833 1593 1009 1660 restituitur
1030 1615 1151 1684 pugna,
1185 1592 1274 1682 quod

98 1716 101 1731 ·
169 1695 382 1763 miserrimum
396 1710 453 1782 est,
476 1700 637 1767 lortrmam
651 1724 727 1767 curn
743 1697 900 1781 omnibus,
922 1696 1085 1764 infamiam
1099 1695 1188 1764 solus
1204 1719 1273 1762 sen-

66 1816 73 1832 *
169 1799 283 1867 tiam.“
306 1802 463 1891 optimum
477 1804 582 1870 visum
604 1815 653 1871 est
673 1803 706 1870 in
720 1804 929 1870 fluctuantem
949 1802 1050 1868 aciem
1071 1800 1153 1868 tradi
1170 1825 1273 1892 equos

122 1916 156 1974 15
170 1916 203 1971 et
223 1902 362 1994 pedestri
384 1931 489 1998 pugna
503 1908 652 1976 invadere
666 1908 803 1975 hostem.
841 1919 918 1975 eunt
938 1906 1077 1995 insignes
1099 1906 1195 1972 armis
1210 1905 1273 1972 aui·

46 2072 49 2081 ,
168 2008 297 2101 misque
320 2035 385 2101 qua
405 2012 508 2103 premi
529 2026 620 2105 parte
641 2013 781 2083 maxime
796 2013 940 2103 peditum
955 2011 1063 2100 copias
1077 2010 1197 2079 vident.
1229 2009 1273 2076 ni·

239 2205 686 2281 terprimasignaubieet-lllm.

240 2292 278 2346 1.:
290 2290 356 2345 lacri
367 2289 489 2347 clamore.
502 2313 538 2348 m.
546 2295 584 2351 3.=
596 2292 686 2354 alacri.

186 2376 214 2433 6.
242 2395 302 2431 non
328 2378 522 2456 castigando.-
552 2378 601 2435 ΡΜ
628 2379 686 2440 rell.

828 2205 878 2262 sed
896 2224 983 2263 auam
1000 2223 1105 2261 erasum
1122 2212 1173 2263 est.
1194 2234 1228 2267 ,-
1245 2202 1268 2259 Ρ

827 2292 901 2351 Harl.
917 2312 948 2351 ι..
965 2292 1103 2349 infamiam
1119 2290 1194 2348 solua
1211 2310 1271 2348 een·

814 2382 949 2459 tentiam.

238 2461 280 2516 Ex
293 2466 415 2540 sequenti
426 2465 509 2520 verbo
523 2486 612 2524 orare
622 2486 685 2546 sup·
758 2468 801 2525 14.
816 2469 968 2543 *optimum
986 2468 1084 2535 uim}
1105 2473 1150 2524 ΒΜ
1167 2465 1271 2538 i'‘fh‘'

237 2547 368 2624 plendam
380 2559 421 2607 est
433 2551 593 2630 „impellere
604 2562 685 2631 atque

238 2636 352 2691 incitare
362 2640 481 2712 equitnm
493 2641 628 2699 auimos“.
641 2641 684 2697 Si·

238 2721 297 2779 mili
310 2723 389 2780 modo
399 2727 527 2802 scriptum
539 2736 580 2782 eat
589 2731 615 2796 3,
626 2730 683 2788 ta:

238 2818 340 2886 „pater
351 2813 420 2867 iuter
431 2811 481 2869 hos
493 2811 526 2872 L.
539 2814 683 2888 Quinctius

236 2917 297 2953 non
315 2900 451 2957 iterando
469 2899 562 2958 laudea
580 2922 614 2958 ue
637 2922 683 2960 cu-

236 2983 350 3038 mularet
361 2985 499 3055 invidiam,
516 2989 565 3044 aed
576 2991 683 3046 veniam

235 3072 322 3123 errori
334 3080 415 3146 atque
427 3071 622 3129 adulescentiae
631 3096 681 3148 pe·

233 3154 333 3223 tendo,
345 3156 399 3212 sibi
412 3159 458 3233 qui
470 3177 524 3213 non
537 3159 611 3215 dicto
626 3180 683 3219 non

233 3239 307 3298 facto
331 3263 489 3320 quemquam
514 3246 680 3314 offendisset,

178 3318 186 3335 ⁸
233 3336 264 3385 ut
294 3331 478 3389 condonarent
499 3331 585 3390 filium
612 3355 679 3391 ora·

232 3417 314 3478 bat“.
341 3451 376 3462 —
405 3418 433 3475 Μ
450 3422 545 3478 m.1.:
566 3420 678 3482 facerat.

138 3572 140 3577 1
230 3521 267 3561 m.
286 3505 326 3563 2:
346 3526 376 3565 ae.
395 3536 430 3549 -
446 3506 489 3563 tl:
507 3528 628 3585 praeces.
643 3541 677 3551 -

232 3585 312 3649 Voss.
329 3610 369 3650 ιω
395 3593 518 3651 fortunae
534 3597 601 3654 eius
619 3595 677 3658 die.

231 3674 276 3730 Cf.
295 3680 321 3745 9,
338 3682 384 3738 37.
402 3681 427 3747 1,
445 3683 488 3740 59.
506 3680 541 3740 al.

161 3761 205 3819 10.
231 3766 419 3822 temeritatis:
441 3766 498 3825 ΡΜ.
530 3799 563 3812 -
594 3769 676 3832 Reec.

232 3849 326 3908 codd:
343 3854 493 3911 temeritati.

161 3936 204 3994 1⁸2.
228 3938 264 3993 rri
279 3941 443 3997 restituitur
457 3960 576 4019 pugna.-
593 3941 628 4001 Μ.
641 3973 676 3986 —·

229 4025 266 4082 P:
278 4046 405 4104 pugnam.
417 4059 451 4070 -
461 4027 483 4083 P
492 4047 527 4087 m.
541 4033 579 4088 1.:
597 4029 675 4099 „lor-

229 4122 320 4173 tunam
337 4135 424 4174 auam
442 4136 503 4176 cum
515 4116 675 4175 omnibus“:

660 4334 685 4390 p..

826 2563 974 2611 cluentem
998 2555 1104 2610 aciem
1122 2552 1153 2612 P.
1189 2551 1273 2620 „Das

826 2638 908 2696 Beate
934 2641 1029 2697 schieu
1058 2639 1102 2696 lin·
1131 2639 1175 2695 die
1200 2641 1271 2695 noclr

824 2726 901 2783 nieht
927 2726 1125 2794 abaunelmnde,
1154 2724 1198 2782 liar
1227 2725 1271 2782 die

825 2814 897 2870 noch
922 2813 998 2872 nicht
1024 2833 1058 2871 zu
1085 2812 1291 2873 hereclruende,

824 2899 1269 2976 EntaeheidungderSehlaclrtdie

824 2985 1270 3064 Plerdeabzugcbennndzul’uss

825 3073 873 3129 aul
882 3073 935 3129 den
947 3075 1032 3131 Feiud
1046 3075 1269 3151 einzudringen“.

822 3189 858 3200 -
876 3157 916 3215 ll:
939 3163 1105 3233 omnilum
1122 3165 1211 3220 uisum
1229 3171 1271 3220 est

822 3246 851 3301 in
872 3247 1045 3305 fluctuantem
1069 3252 1136 3311 acie.
1168 3270 1205 3309 m.
1228 3252 1268 3306 2:

821 3335 894 3390 acii:
918 3340 989 3406 (uon
1013 3346 1043 3393 ut
1060 3338 1196 3397 Drakenb.
1220 3357 1269 3396 vo·

821 3418 872 3476 luit
895 3426 1039 3490 „omnium
1064 3428 1205 3502 optimum
1226 3425 1267 3482 vi·

781 3500 784 3505 ’
821 3526 880 3563 sum
899 3515 991 3580 est“).
1008 3511 1148 3573 InHarl.r.
1166 3512 1269 3570 excidit

821 3597 923 3652 comm.
950 3597 970 3657 l.
989 3598 1033 3657 l'r.
1045 3599 1130 3658 Gran.
1147 3601 1268 3657 scriben-

820 3682 884 3740 dum
897 3687 1013 3742 coniecit
1030 3688 1267 3754 „intulluetuan-

818 3780 874 3830 tem
891 3774 1008 3832 aciem“.

749 3858 792 3919 16.
818 3880 880 3936 qua
903 3863 1000 3935 premi
1021 3871 1108 3937 parte
1131 3864 1267 3922 maxime

815 3947 949 4020 peditum
968 3951 1069 4024 copiae
1094 3951 1211 4008 uideret.-
1233 3948 1265 4009 P.

817 4063 852 4074 -
881 4033 924 4091 tl:
955 4055 1008 4111 qua
1030 4038 1132 4110 praemi
1157 4046 1265 4114 partem

816 4122 930 4179 maxime
948 4130 998 4179 eet.
1023 4151 1057 4165 -
1086 4122 1118 4180 ln
1135 4123 1158 4182 P
1175 4126 1264 4203 primo
