2618 4590
427 224 430 228 ’
519 262 691 327 ereren.
894 244 898 258 '
1111 250 1186 329 19*

53 452 231 498 memorem
253 427 305 497 ad
318 451 418 520 quem
436 425 706 493 instruendum
677 447 759 494 ures
779 450 846 496 nou
867 444 1041 503 essent-
1055 435 1142 504 ln
1114 460 1155 504 cr·

50 536 153 619 prtate
173 537 271 628 plena
293 531 492 623 religionum,
515 518 592 598 tunc
614 528 711 598 etiem
734 531 773 597 ab
796 536 914 602 recenti
934 539 1023 609 clade
1045 564 1154 635 supcr-

54 641 186 709 su'tiosis
208 637 409 731 principibus,
430 645 467 701 ut
488 646 719 702 renovarentur
733 636 871 728 auspicia
893 664 944 708 res
967 644 1035 709 ad
1026 656 1153 713 rnterre
1239 722 1249 733 ,

55 770 157 834 gruum
178 745 279 812 rediit.
306 744 476 831 interreges
499 739 648 831 deinceps
665 739 710 808 Μ.
726 740 864 810 Manlius
879 743 972 835 Capit
959 746 1074 815 toliuus
1085 751 1154 817 Ser.
1248 786 1254 805 ι

57 849 216 939 Sulpicius
240 846 421 914 Camerinus
443 844 481 912 L.
495 843 641 911 Valerius
663 845 797 916 Potitus.
834 847 887 916 hic
909 850 1041 918 demum
1063 852 1187 923 tubo-e

55 975 172 1020 norum
193 953 326 1045 militum
349 949 507 1036 consulari
528 960 686 1040 potestate
709 952 835 1020 comitia
857 952 985 1021 habuit:
1008 954 1045 1023 L.
1068 956 1157 1046 Papi-

51 1056 136 1124 rium
159 1056 195 1125 0.
218 1057 404 1125 Cornelium
425 1055 463 1121 C.
487 1055 634 1146 Sergium
654 1055 691 1124 L.
707 1055 877 1125 Aemilium
898 1052 1016 1127 iterum
1037 1058 1075 1127 L.
1091 1058 1157 1126 Me·
1223 1124 1226 1131 .

51 1163 183 1232 nenium
204 1163 242 1232 L.
264 1161 430 1232 Valerium
451 1159 651 1228 Publicolam
673 1161 801 1230 tertium
822 1175 925 1233 creet:
956 1164 978 1232 ii
1001 1188 1042 1233 ex
1064 1163 1157 1232 inter·

666 1372 669 1377 ¹
710 1402 743 1439 eo
764 1404 809 1443 cn.
832 1387 966 1487 sergium
985 1381 1078 1454 (Pu).
1107 1382 1157 1440 sed

709 1470 751 1527 sie
769 1458 878 1527 eteius
896 1493 941 1531 en.
959 1479 987 1528 et
1006 1473 1157 1529 cornelius
1240 1534 1247 1541 ,

694 1561 857 1635 'permutata
870 1568 941 1618 sunt.
964 1559 997 1618 C.
1015 1558 1158 1638 Sergium

70 1385 96 1444 1.
123 1386 154 1440 in
167 1385 286 1440 ciuitate
291 1370 383 1458 plena
392 1375 586 1460 religionum

121 1480 193 1529 tune
210 1473 299 1529 etiam
311 1471 349 1528 ab
362 1472 473 1528 recenti
482 1469 570 1537 elude

122 1560 337 1634 superstitiosis
369 1558 568 1634 principibus:

122 1644 185 1702 PM:
213 1647 267 1702 nisi
289 1644 362 1722 quod
386 1646 414 1701 in
437 1644 460 1702 P
483 1665 519 1704 m.
543 1645 612 1702 1.·

121 1743 183 1804 *erat
206 1732 465 1808 „superstitionis“‚
491 1733 520 1787 in
541 1730 570 1789 Μ

123 1840 163 1878 m.
181 1821 206 1876 1.
225 1818 430 1894 ‚‚suptitiosis“.
447 1848 483 1862 -
500 1817 571 1874 Ante

125 1905 193 1962 boec
213 1904 294 1961 rerba
317 1901 419 1987 aliquid
436 1905 573 1960 excidisse

123 1994 252 2058 arbitror,
270 2002 397 2048 curn'non
407 1990 572 2059 sitreletum,

22 2133 29 2143 .
124 2100 173 2136 cur
194 2079 318 2135 tribunos
341 2080 450 2152 comitia
474 2079 572 2135 hebere

123 2166 259 2225 noluerint
290 2186 369 2243 quem
395 2165 431 2222 ed
459 2166 571 2224 modurn

120 2274 193 2325 enno
215 2264 276 2310 aute
298 2253 459 2322 habuerant,
482 2274 570 2332 neque

114 2341 270 2418 quidquam
291 2340 383 2397 abeis
404 2340 505 2399 iactum
522 2360 568 2398 ue-

121 2428 271 2506 glectumve
287 2427 425 2496 rideatur,
451 2448 505 2504 quo
523 2449 568 2486 su·

17 2564 20 2579 .
121 2518 293 2597 perstitiosae
307 2515 449 2582 ,bominum
466 2526 569 2573 mentes

124 2613 303 2664 moverentur.
335 2604 476 2681 diligenter
498 2606 570 2661 euim

28 2759 30 2763 Ι
124 2690 154 2747 id
165 2689 259 2747 Livius
276 2690 376 2747 reierre
393 2689 472 2759 solet,
490 2692 570 2768 siqui

122 2781 293 2854 magistratus
305 2779 373 2836 nitio
386 2781 469 2835 creeti
481 2787 572 2834 essent

125 2875 171 2921 ent
193 2866 218 2920 si
245 2864 311 2942 quid
334 2865 426 2922 abeis
449 2865 572 2922 commis·

122 2973 183 3010 sum
201 2961 343 3028 essetque
366 2951 572 3028 necesselride·

123 3051 198 3097 retur
216 3042 335 3117 auspicia
354 3039 389 3096 de
406 3041 510 3112 integro
528 3059 570 3096 re·

122 3129 180 3208 peti
198 3137 224 3184 et
242 3127 422 3199 interregnum
440 3128 513 3187 iniri.

64 3219 96 3277 ’3,
124 3234 175 3272 res
192 3216 236 3271 ad
251 3217 452 3294 interregnum
467 3214 571 3271 rediit:

68 3393 96 3452 5.
125 3390 162 3447 L.
191 3388 332 3446 Valerius
356 3387 491 3446 Putitresr
520 3384 572 3445 PM

123 3473 199 3533 Harl.
213 3493 230 3533 1
248 3471 352 3534 Leid..1
379 3475 426 3533 Sic
440 3477 571 3552 scriptum

70 3612 73 3618 .
64 3565 337 3710 estalquoqueii,
356 3565 398 3622 18.
424 3562 474 3620 sed
492 3561 526 3622 ei.
544 3565 572 3633 5,

126 3655 139 3708 1

69 3739 98 3800 5.
126 3737 338 3814 L.Papirium:
331 3735 446 3796 ’,1)11-
458 3738 571 3796 C.·Cor
613 3766 615 3770 ⁸

126 3818 237 3883 notium
248 3823 296 3898 sig
281 3827 376 3881 onius
389 3844 422 3880 cx
430 3823 570 3893 Diodmt,

10 3892 48 3941 ¹⁸·
126 3913 171 3970 24.
191 3911 299 3970 ridetur
320 3921 392 3969 recte
412 3913 571 3980 restituisse,
610 3950 617 3956 -

125 4017 258 4056 cumaeo
274 4001 303 4057 iu
320 3998 371 4058 Pll
395 4020 445 4057 nee
466 4002 495 4057 iu
513 3999 570 4056 rell.

124 4083 186 4146 Lir.
198 4085 277 4147 codd.
289 4088 450 4157 inveniatur,
460 4086 569 4166 seipso

711 1664 789 1714 nero,
812 1647 888 1702 euius
905 1644 967 1701 loco
987 1644 1059 1723 apud
1076 1643 1158 1709 Diod.

711 1732 819 1791 Gaium
844 1731 1008 1792 Servilium
1037 1732 1159 1809 legimus,

712 1830 745 1878 ex
767 1822 800 1886 5,
821 1819 865 1880 nt.
893 1819 1087 1877 restituendum
1109 1826 1160 1885 est,
1189 1844 1198 1855 -

712 1907 759 1962 ubi
777 1908 805 1962 in
824 1915 892 1983 optt.
910 1909 1061 1984 quibusque
1079 1904 1159 1964 codd.

714 1990 806 2060 „Gaio
828 1993 923 2067 Sergio
945 1995 1087 2049 tertium“
1110 1999 1160 2049 eet.

715 2077 761 2137 Gi.
778 2077 809 2137 Τ.
827 2077 889 2136 Livi
906 2077 924 2134 l.
943 2098 1005 2137 xxx.
1023 2099 1051 2158 p.
1069 2095 1121 2136 uu.
1134 2080 1162 2134 3.

712 2164 867 2222 -Deinde
884 2167 913 2223 in
925 2164 974 2223 Pri
992 2167 1161 2244 repperimus

712 2251 753 2321 ,,1.
771 2252 907 2310 remilium
919 2254 1015 2310 iterum
1026 2254 1160 2311 licinium
1182 2322 1187 2337 ‚

708 2343 872 2400 merentum.
890 2340 909 2400 1.
920 2339 1053 2398 ualerium
1070 2340 1159 2418 publi·

711 2427 797 2486 colam
814 2431 960 2486 tertium“:
979 2429 1008 2486 in
1025 2448 1079 2505 qno
1096 2428 1158 2485 liei·

710 2518 792 2573 nium
801 2536 850 2593 pro
861 2517 971 2573 lucium
980 2513 1077 2572 eodem
1086 2535 1159 2572 men·

712 2600 748 2658 do
774 2605 904 2681 scriptum
930 2611 972 2658 est
996 2622 1052 2678 quo
1078 2605 1110 2670 5,
1132 2603 1159 2660 4.

711 2691 853 2746 seruilius
867 2691 1058 2765 proseratur.
1076 2687 1161 2747 Diod.

712 2773 762 2834 1.1.
781 2775 926 2843 ,Λεύκιον
936 2773 1112 2846 Μενήνιον“.
1126 2805 1160 2817 ·-

712 2859 745 2915 Iu
757 2859 830 2918 Harl.
840 2880 857 2919 1.
876 2861 1033 2917 exciderunt
1043 2856 1096 2928 „L
1107 2858 1161 2914 Ae·
1279 2892 1287 2903 ·

713 2944 817 3003 milium
827 2946 966 3008 iterumb
976 2947 1160 3007 Menenium“.

683 3049 689 3062 ·
712 3064 747 3076 -
766 3033 863 3092 Cum'
854 3057 883 3094 ιιι
901 3036 982 3097 codd.
999 3035 1161 3114 quibusdem

711 3125 807 3180 creati
829 3123 875 3181 hii
890 3123 972 3196 (PM)
994 3133 1161 3203 sequeretur,

711 3195 738 3268 Ι.
751 3209 796 3270 Fr
815 3209 925 3276 (icon,
927 3211 971 3279 L.
989 3211 1160 3288 Papirius-

713 3300 818 3355 creati“
832 3297 915 3354 scribi
928 3296 1028 3355 voluit.
1046 3296 1165 3355 sedihii

712 3383 781 3443 nibil
818 3383 905 3440 eliud
927 3383 1025 3440 dicere
1045 3383 1161 3455 videtur,

712 3493 793 3550 quam
811 3473 840 3529 iu
858 3470 919 3526 eliis
937 3469 1014 3528 libris
1031 3473 1089 3531 iiu
1100 3473 1161 3530 aliis

712 3564 735 3618 ii
751 3559 795 3618 rel
814 3559 859 3616 bii
874 3559 998 3620 inveniri.
1027 3580 1089 3619 cum
1112 3562 1162 3636 igi·
1254 3541 1268 3579 '⁵

628 3685 632 3690 -
712 3659 757 3707 tor
776 3647 821 3704 Ιιίἰ
836 3665 966 3727 persaepe
982 3668 1033 3729 pro
1054 3651 1079 3707 ίί
1092 3652 1161 3708 scri.

712 3744 789 3812 ptum
807 3735 845 3790 sit
861 3735 913 3803 (4,
931 3738 1006 3808 ib),
1029 3736 1160 3796 hocloco

713 3823 737 3878 ii
751 3840 802 3897 pro
820 3840 884 3879 vcro
903 3816 1040 3885 hebemus.
1063 3854 1098 3871 ο-
1122 3825 1160 3882 P:

713 3928 754 3965 ex
761 3909 928 3989 interregno
935 3917 1006 3992 meg
1014 3930 1160 3987 occepere.

712 3995 754 4052 iil:
776 4015 810 4053 ex
827 3997 981 4074 interregno
1002 4004 1063 4075 mag
1080 4018 1160 4056 ucce-

711 4103 785 4160 pere.
804 4082 847 4144 Ci.
864 4088 892 4154 5,
909 4085 938 4144 9.
955 4084 1053 4145 ³1:21.

890 4173 958 4238 ,9.
