2618 4590
169 271 235 341 256
602 283 607 291 '
627 284 737 345 trust
753 284 810 347 vu.

169 473 244 540 pars
257 449 366 518 ‘maior
386 448 454 533 erit,
476 472 517 517 eo
539 449 672 518 stabitur
694 448 837 518 consilio.
876 472 962 518 nunc
984 472 1067 540 quae
1082 460 1192 517 mente
1208 449 1265 540 agi-
1308 464 1309 529 t

170 565 238 623 tem
259 556 374 623 audite.
410 578 477 623 non
504 554 579 643 iugo
606 551 729 624 delatos
756 579 818 623 nee
847 554 957 623 inertia
984 555 1112 621 relictos
1134 553 1189 621 hie
1211 577 1265 623 vos

171 659 377 729 circumvenit
397 659 516 727 hostis:
539 659 654 728 virtute
672 659 799 751 cepistis
814 659 932 744 locum,
953 659 1068 727 virtute
1088 659 1163 726 hinc
1179 681 1265 750 opor-

169 776 217 833 tet
239 765 389 833 evadatis.
427 765 584 834 veniendo
606 765 672 833 huc
694 764 870 834 exercitum
892 764 1054 855 egregium
1069 764 1192 855 populo
1209 765 1265 831 Ro·
1305 798 1308 833 2

32 935 35 943 ,
139 886 265 940 tmano
288 871 453 940 servastis:
488 871 685 960 erumpendo
706 869 781 937 hinc
802 869 1037 959 vosmetipsos
1060 881 1200 937 servate:
1227 869 1265 936 di·

169 975 222 1066 'gui
244 976 320 1044 estis
343 975 398 1067 qui
420 975 514 1066 pauci
537 975 679 1065 pluribus
703 999 800 1067 opem
820 973 968 1057 aderitis,
994 974 1054 1065 ipsi
1076 973 1194 1041 nullius
1215 997 1267 1040 ou-

167 1079 245 1145 xilio
268 1081 425 1170 egueritis.
464 1104 539 1147 cum
561 1105 600 1148 eo
623 1081 717 1148 hoste
738 1103 790 1148 res
819 1091 868 1147 est
891 1080 946 1170 qui
967 1079 1117 1146 hesterno
1145 1079 1196 1146 die
1218 1079 1266 1145 de·

167 1183 255 1252 leudi
278 1185 381 1253 omnis
404 1185 562 1252 exercitus
584 1185 712 1252 fortuna
738 1209 798 1276 per

826 1185 1006 1253 socordiam
1034 1206 1112 1251 usus
1134 1207 1202 1251 non
1222 1183 1267 1265 sit,

168 1289 255 1357 hunc
282 1299 349 1357 tam
372 1301 587 1380 opportunum
616 1289 735 1358 collem
761 1290 970 1359 inminentem
997 1288 1093 1379 capiti
1119 1298 1181 1356 suo
1206 1310 1267 1355 non

124 1406 244 1463 1⁰ante
266 1393 380 1463 viderit
402 1392 653 1486 quam⁸eaptum
675 1421 694 1463 a
716 1395 818 1479 nobis,
839 1419 899 1463 nos
921 1406 989 1462 tam
1005 1416 1126 1485 paucos
1148 1402 1199 1460 tot
1211 1388 1268 1482 ipsi

168 1499 296 1566 milibus
330 1498 501 1566 hominum
531 1524 593 1569 nee
626 1524 769 1569 ascensu·
793 1500 928 1570 arcuerit
960 1523 1021 1568 nec
1053 1507 1200 1565 tenentes
1225 1495 1269 1561 lo·

168 1613 259 1688 cuni,
297 1628 372 1670 cum
406 1603 467 1670 diei
498 1615 623 1672 tantum
658 1616 855 1698 superesset,
893 1604 979 1672 vallo
1013 1599 1267 1670 circumdederit:

168 1732 267 1801 quem
287 1708 450 1777 videntem
472 1733 511 1776 ae
525 1709 710 1801 vigilantem
731 1711 778 1780 sic
800 1708 965 1791 eluseritis,
988 1707 1130 1798 sopitum
1145 1714 1270 1797 oportet

830 1814 917 1882 enim
944 1813 1018 1880 loco
1047 1834 1099 1909 res
1121 1822 1198 1878 sunt
1217 1833 1270 1905 no·

167 1814 297 1899 taraus,
330 1813 431 1883 immo
454 1838 587 1885 necesse
610 1829 668 1884 est
706 1816 739 1884 in
761 1839 802 1884 eo

239 1953 362 2014 consilio.
404 1954 498 2014 Lorel.
525 1957 565 2017 1..
594 1977 687 2015 eorum

236 2043 353 2100 stabitur
371 2042 494 2101 consilio.
512 2073 548 2088 -·
565 2043 639 2105 Harl.
652 2065 686 2104 ι..

235 2151 361 2208 nuncque
383 2139 473 2188 mente
494 2133 564 2207 agite
587 2133 686 2194 audite.

238 2248 273 2258 —
292 2218 313 2274 P
331 2239 366 2277 m.
387 2222 425 2278 1..
444 2221 570 2295 caepistis
589 2219 686 2279 locum.

185 2304 212 2362 1.
248 2303 393 2362 ueniendo
430 2305 489 2361 huc
524 2308 686 2362 exercitum

240 2393 392 2469 egregium
425 2397 491 2466 poi.
521 2395 685 2451 seruantis:

237 2477 280 2550 bl]
303 2478 435 2534 veniendo
458 2477 512 2536 bue
538 2476 707 2539 exereitnm'

238 2566 373 2639 egregium
390 2563 485 2643 populi
506 2569 610 2623 romani
627 2588 684 2624 ser·

237 2654 329 2711 vastis.
356 2683 391 2698 -
420 2653 454 2710 P:
484 2657 618 2730 egregium
641 2663 683 2736 pi.

235 2741 373 2800 seruantis.
408 2739 452 2801 Cf.
474 2742 621 2822 prolegom.
648 2745 684 2802 ad

237 2825 291 2886 vol.
309 2847 327 2886 1.
344 2848 372 2905 p.
389 2848 426 2887 xr.
444 2862 478 2873 -
496 2830 517 2892 1.
534 2832 579 2891 Fr.
597 2833 682 2892 Gron.

236 2916 320 2972 scribi
349 2916 464 2975 malebat
491 2919 681 2996 „erumpendo

235 3003 301 3059 bine
328 3014 432 3061 vosmet
462 3008 521 3079 ipsi
545 3013 683 3067 servaret

169 3102 173 3109 “
236 3090 272 3147 ef.
299 3110 339 3149 cx.
367 3110 405 3165 gr.
428 3093 460 3159 2,
485 3095 541 3151 19..
570 3095 683 3149 suismet

237 3177 304 3251 ipsis
323 3178 490 3255 corporibus.

182 3262 209 3322 6.
236 3265 296 3338 ipsi
310 3266 424 3322 nullius
440 3266 555 3322 auxilio
569 3267 682 3343 egueri-

235 3353 291 3408 tis:
309 3350 365 3412 ΡΜ.
386 3352 459 3409 Haec
477 3353 558 3409 verba
576 3352 681 3408 excide-

236 3448 299 3495 runt
317 3440 345 3494 in
362 3439 440 3499 Leid.
452 3460 470 3499 1.
489 3439 570 3498 Voss.
589 3459 617 3498 u.
636 3437 669 3496 al.
753 3438 796 3498 1t.

182 3524 209 3582 7.
236 3523 373 3583 hesterno
393 3528 457 3583 die:
475 3527 505 3586 P.
522 3558 557 3569 —
575 3525 614 3582 Μ.
634 3525 681 3601 qui

234 3607 361 3666 hesterno
380 3613 493 3670 delendi
506 3623 557 3673 eet.
570 3647 604 3656 -
620 3612 681 3668 ΡΜ.

237 3705 408 3764 oportunum.

168 3778 212 3838 10.
238 3799 295 3835 nos
311 3793 371 3840 tam
381 3807 494 3858 paucos
506 3799 550 3846 tot
562 3789 682 3864 ipsimi·
715 3786 719 3793 ’

236 3868 315 3924 libus
328 3867 479 3930 hominum
491 3896 544 3928 nec
556 3895 683 3933 ascensu

236 3957 371 4032 arguerit
398 3978 452 4012 nec
477 3967 610 4016 tenentes
639 3960 682 4014 lo·

234 4061 301 4097 eum
323 4074 357 4085 —
380 4045 462 4100 uallo
485 4045 682 4102 circumdede-

235 4129 289 4184 rit:
307 4128 329 4185 P
340 4149 364 4189 c.
378 4130 487 4190 Kionin
501 4133 554 4188 nisi
566 4131 641 4208 quod
653 4133 682 4187 in

828 1955 851 2012 P
866 1975 902 2012 m.
921 1955 946 2009 1.
965 1961 1030 2022 „tot
1047 1952 1100 2030 ipsi
1117 1951 1271 2008 militibus“

828 2045 958 2121 scriptam
968 2048 1018 2100 est.
1031 2038 1096 2097 lntl
1105 2041 1272 2119 repperimus

828 2151 900 2202 „nee
922 2147 1034 2186 ascensu
1055 2128 1215 2204 arguerint“
1237 2151 1270 2164 -

828 2259 847 2288 ,‚
855 2215 1081 2274 circumdederint
1088 2219 1112 2268 “.
1133 2207 1201 2281 Ipsi
1217 2226 1271 2263 non

828 2307 1008 2361 nominativus
1027 2295 1134 2355 estred
1152 2295 1271 2352 dativus:

828 2389 972 2466 „obgleich
990 2387 1046 2443 ihm
1064 2404 1096 2441 so
1116 2381 1188 2441 viele
1205 2382 1273 2440 Tru·

826 2478 911 2534 sende
921 2497 954 2532 zu
964 2475 1067 2531 Gebotc
1075 2469 1216 2531 standen“.
1229 2472 1274 2539 38,

825 2559 1274 2636 54.-M:sieeluseritisopitunt

826 2674 863 2713 m.
873 2658 914 2712 3..
927 2654 1054 2729 sopitum.
1063 2679 1098 2692 -
1111 2645 1176 2703 ΡΜ.
1190 2665 1274 2720 opor·

825 2751 867 2799 tet
884 2738 981 2796 fallatis
994 2739 1076 2794 immo
1088 2754 1210 2792 necesse
1221 2738 1275 2788 ert.

823 2827 982 2885 Laudamur
994 2827 1047 2881 iam
1058 2824 1220 2896 interpretes
1237 2819 1274 2873 si-

824 2915 902 2972 miles
925 2911 1001 2969 locos
1025 2907 1096 2986 apud
1116 2905 1176 2966 Cie.
1198 2904 1273 2964 Verr.

825 3004 851 3071 4,
864 3006 907 3060 39.
925 3002 983 3058 84..
1003 3000 1138 3072 tamqnam
1155 2997 1195 3051 ita
1212 2992 1274 3049 fieri

825 3112 880 3147 non
891 3087 978 3147 solum
988 3093 1124 3162 oporteret
1133 3081 1184 3139 sed
1193 3083 1275 3141 etiarn

825 3197 936 3234 necesse
948 3183 1026 3233 esset.
1045 3177 1071 3241 5,
1084 3173 1127 3230 11.
1146 3172 1204 3229 37..
1218 3188 1276 3224 non

826 3267 889 3340 quia
916 3282 1027 3319 necesse
1056 3260 1138 3316 fuerit
1165 3289 1203 3300 -
1224 3255 1276 3327 sed

825 3354 887 3429 quia
905 3352 946 3408 sic
965 3349 1135 3428 oportuerit..

824 3441 854 3494 in
876 3458 910 3496 eo
934 3440 1012 3495 enim
1035 3437 1100 3492 loco
1124 3451 1175 3488 rer
1202 3437 1277 3486 sunt

824 3536 960 3582 nostrae.-
978 3522 1036 3582 ΡΜ.
1057 3552 1093 3564 -
1115 3516 1182 3578 Poll.
1203 3519 1228 3576 1.
1247 3519 1273 3576 3.

824 3610 1003 3672 Voss.1r.al.:
1023 3613 1077 3679 „in
1095 3628 1127 3662 eo
1147 3625 1191 3662 res
1208 3613 1275 3661 sunt

824 3709 931 3755 nostrae
939 3705 970 3755 “:
1001 3695 1075 3775 quod
1097 3694 1118 3753 Ι.
1138 3694 1183 3750 Fr.
1202 3688 1273 3746 Gro-

823 3789 905 3843 novio
936 3787 1007 3844 hand
1038 3779 1188 3856 displicuit:
1220 3779 1272 3845 (cf.

823 3874 868 3938 30,
888 3875 943 3931 19..
962 3889 1016 3927 nou
1034 3875 1062 3923 in
1080 3886 1112 3921 eo
1132 3885 1197 3922 erse
1205 3863 1272 3941 Car-

822 3955 1027 4030 thaginiensium
1046 3974 1089 4010 res
1108 3963 1138 4010 ut
1154 3952 1272 4010 Galliam

824 4052 902 4118 atque
913 4043 1017 4102 ltaliam
1028 4044 1108 4100 armis
1121 4042 1271 4100 obtineant.

825 4130 883 4200 ab).
