2618 4590
161 231 227 301 888
627 244 736 306 tussa
754 246 800 308 ut
915 208 919 219 ⁸

161 410 235 500 goti,
257 434 397 499 quonam
419 434 455 478 se
478 423 572 500 pacto
597 432 718 500 paucos
741 420 773 478 et
795 410 937 477 infirmos
959 407 1142 476 crederent
1165 407 1266 496 praesi-

163 514 216 581 dio
238 525 304 581 tam
325 516 430 583 valido
459 528 492 583 et
520 528 642 583 armato
665 516 731 582 vim
759 514 934 596 adlaturos,
963 512 1004 578 ab
1035 512 1153 579 isdem
1181 512 1265 578 consi

162 619 241 685 lirun
262 630 371 709 petere
393 620 469 686 iussi
492 620 606 709 quibus
629 619 810 687 auctoribus
825 619 1018 709 praesidium
1042 617 1077 682 in
1094 615 1217 684 urbem
1231 640 1265 682 ac·

163 723 329 812 cepissent,
351 723 525 806 discedere,
548 747 706 814 aegreque
721 723 890 813 impetrato
913 733 949 789 ut
973 722 1012 788 de
1039 745 1081 788 ea
1096 745 1137 788 re
1156 720 1265 788 consuli

126 838 308 896 assuetum
330 852 548 919 responsaque
571 831 611 894 ad
633 852 668 895 se
691 828 800 894 referri
816 828 941 909 sineret,
965 825 1006 891 ad
1030 848 1118 892 suos
1134 827 1264 893 redeunt

161 933 243 1000 duae
259 934 413 1000 factiones
429 945 577 999 senatum
592 933 792 1014 distinebant,
815 957 879 999 una
895 931 984 998 cuius
999 928 1178 1020 principes
1194 940 1265 997 eran

160 1036 347 1104 delectionis
376 1063 395 1104 a
423 1038 544 1127 populo
566 1038 712 1104 Romano
741 1048 902 1119 auctores,
933 1036 1032 1101 altera
1064 1034 1266 1103 fideliumoi

161 1141 264 1208 vium:
286 1153 442 1209 certaturn
464 1142 504 1207 ab
527 1141 669 1230 utrisque
691 1152 799 1209 tanren
822 1153 872 1209 est
889 1152 926 1208 ut
942 1140 982 1206 ad
998 1140 1266 1207 reconciliandam

232 1307 373 1366 vernacula
391 1309 475 1383 igitur
494 1307 583 1382 lingna
602 1308 678 1374 „wie

231 1396 273 1452 sie
296 1417 327 1453 es
348 1396 461 1470 glauben
485 1394 593 1451 diirl'ten
615 1394 678 1450 dass

216 1484 273 1538 'sis
308 1483 353 1540 die
387 1483 560 1540 sohwttchere
589 1479 678 1537 Partei

187 1608 192 1621 .
230 1571 307 1626 siner
333 1591 366 1628 so
393 1570 500 1627 starlen
527 1569 677 1643 Besatzung

231 1665 318 1713 etwas
334 1657 449 1715 wttrden
471 1656 594 1715 anhaben
612 1655 677 1713 ltn-

229 1748 317 1802 nenss‘.
338 1776 373 1791 ·—
400 1745 469 1802 Tum
487 1747 617 1820 seriptum
635 1753 677 1800 est

230 1830 261 1887 in
269 1828 298 1886 ll
309 1832 366 1899 „ab
381 1832 467 1889 isdem
477 1832 619 1888 consilinm
628 1852 675 1910 pe-

222 1925 287 1973 tere
301 1920 308 1986 Ι
322 1938 354 1975 se
373 1922 445 1996 quib.
459 1919 589 1977 auctorib.
601 1939 675 1991 prae-

222 2004 330 2062 ¹sidium
347 2008 376 2063 in
394 2007 487 2064 urbem
509 2009 677 2083 accepissent

229 2091 408 2162 diseeduut“‚
437 2093 487 2151 sed
511 2094 557 2151 illa
580 2093 635 2151 duo
658 2115 676 2150 e

228 2199 264 2240 m.
284 2185 309 2240 t.
327 2191 391 2238 sunt
408 2183 437 2238 in
460 2181 520 2238 loco
545 2202 615 2241 raso.
646 2183 675 2237 in

228 2266 251 2323 P
273 2269 362 2343 primo
383 2270 443 2337 „ab
469 2272 585 2336 istem“,
612 2267 675 2324 dein

141 2409 143 2413 ,
229 2353 323 2410 eadem
334 2357 531 2431 manuautiqua
545 2357 675 2431 seriptum

229 2449 272 2495 est
289 2441 344 2508 „ab
362 2442 449 2498 isdem
468 2441 609 2497 consilium
628 2463 675 2520 pe-

212 2534 288 2583 .tsre
311 2529 378 2583 iussi
403 2530 501 2605 quihus
520 2529 677 2586 auctoribus

230 2614 393 2688 praesidium
410 2618 439 2672 iu
452 2616 546 2673 urbem
559 2620 675 2695 accepis-

229 2711 292 2759 sent
303 2701 476 2763 discedunt“,
489 2734 523 2747 -
535 2703 675 2761 Postremo

228 2786 380 2848 invenimus
409 2790 494 2861 ia-ll
524 2812 677 2869 „aegreque

139 2886 142 2892 '
200 2920 210 2957 3
229 2877 360 2954 imperato
378 2888 410 2936 nt
423 2879 461 2938 de
479 2899 509 2935 ea
528 2900 558 2936 re
571 2878 676 2937 consuli

228 2974 352 3021 senatum
377 2986 560 3043 responsaque
585 2966 620 3023 ad
647 2986 678 3021 ss

229 3049 324 3107 referia
337 3049 411 3120 (dein
424 3052 580 3121 ‚‚relerris“)
592 3055 679 3111 iueret

228 3148 250 3191 t
271 3137 306 3193 ad
332 3157 397 3192 suos
425 3137 575 3194 redeunt“:
603 3142 633 3195 in
655 3140 678 3195 P

219 3240 221 3253 ¹
224 3262 246 3294 „
252 3242 383 3300 aegreque
400 3224 542 3301 impetrato
555 3234 586 3281 ut
597 3224 631 3281 de
646 3245 677 3281 ea

116 3356 126 3363 .
226 3329 262 3366 re
279 3309 384 3367 consuli
401 3321 522 3369 senatum
539 3331 677 3390 responsa-

228 3417 283 3475 que
300 3397 334 3454 ed
351 3419 382 3455 se
399 3398 494 3456 referri
517 3401 678 3456 cinerente

125 3491 131 3499 “’
229 3484 265 3543 ad
289 3505 354 3543 suos
374 3486 525 3545 redeunt“:
553 3485 678 3562 idemque

231 3580 284 3638 „et
312 3572 442 3629 ad.snos
477 3574 612 3630 redeunt“
650 3574 677 3626 in

229 3646 296 3715 Ball.
310 3660 336 3715 1.
347 3661 373 3717 3.
392 3661 421 3716 in
432 3658 510 3718 Leid.
521 3679 540 3718 1.
559 3658 637 3717 Voss.
648 3678 676 3717 11.

230 3741 299 3801 Lar.
312 3745 337 3801 d.
356 3744 390 3804 al.
408 3756 543 3824 repertum
561 3755 610 3804 est.
629 3746 678 3802 sed

229 3827 297 3888 illud
316 3840 345 3887 et
363 3851 396 3887 ex
413 3833 591 3908 praecedente
602 3835 677 3890 sine·

229 3925 276 3975 ret
293 3915 462 3992 neglegenter
479 3922 620 3996 repetitum
638 3920 677 3974 vi·

229 4002 322 4072 detur,
346 4005 400 4060 nisi
418 4005 487 4062 sorte
504 4014 567 4060 ante
585 4014 614 4061 et
632 4003 678 4058 ali-

166 4130 189 4152 ,.
228 4087 297 4164 quid
320 4090 429 4150 excidit.
463 4090 562 4151 stiram
583 4099 678 4148 ¹tamen

819 1307 906 1363 sideri
917 1313 1016 1382 potest,
1035 1307 1088 1382 qui
1100 1305 1206 1364 Livius
1217 1306 1267 1361 seri·

820 1394 884 1450 lrere
901 1394 1020 1470 potuerit
1039 1391 1156 1470 legatos
1181 1393 1267 1449 disoes

819 1482 901 1547 sisse,
935 1500 1053 1554 cumque
1085 1481 1268 1538 discessissent

783 1610 788 1618 .
819 1570 977 1645 impetrasse
1001 1567 1122 1626 eosdem
1148 1578 1183 1625 nt
1200 1567 1232 1624 de
1245 1587 1268 1621 ea

806 1675 849 1711 .re
874 1665 983 1712 senatus
1010 1655 1219 1712 consuleretur.
1249 1661 1269 1707 et

819 1741 983 1819 aliquamdiu
1001 1752 1029 1797 et
1047 1742 1119 1800 milri
1136 1741 1209 1800 illud
1220 1741 1268 1798 dis·
1308 1805 1309 1816 γ

818 1831 928 1886 cedunt
943 1839 1105 1903 suspectum
1125 1830 1269 1895 videbatur,

819 1918 869 1974 sed
898 1915 1054 1991 diligentins
1084 1917 1144 1974 loci
1176 1920 1269 1974 ration

820 2005 953 2078 pensitato
985 2005 1079 2060 omnia
1111 2006 1220 2080 optime
1246 2023 1268 2059 se

817 2092 917 2148 habere
961 2090 1093 2151 intellexi.
1152 2091 1269 2168 Papirius

818 2181 889 2235 enim
901 2179 990 2256 primo
1003 2178 1058 2239 nisi
1073 2181 1219 2255 praesidio
1235 2181 1267 2233 iu·

817 2269 932 2323 terfecto
944 2266 1048 2339 legates
1059 2265 1098 2322 ad
1109 2286 1144 2323 se
1157 2284 1269 2336 remeare

816 2361 945 2411 vetuerat.
957 2373 1018 2409 cnm
1031 2354 1117 2426 igitur
1130 2357 1154 2411 ii
1166 2357 1219 2411 iarn
1231 2354 1269 2408 tri-

817 2443 854 2496 sti
867 2459 998 2516 responso
1007 2440 1173 2506 iuberentne
1184 2443 1218 2498 ab
1230 2441 1268 2496 de

820 2529 944 2584 lectionis
957 2528 1116 2585 auctoribus
1128 2527 1269 2585 consilium

819 2625 919 2692 petere,
932 2635 966 2672 ne
982 2617 1041 2672 viro
1054 2617 1194 2672 acerrimo
1208 2618 1269 2671 iren

811 2710 964 2771 88888888,
975 2701 1121 2760 discedunt
1130 2705 1215 2781 (,‚sie
1223 2712 1269 2758 tre

818 2797 865 2845 ten
876 2790 928 2845 ab“
936 2793 957 2860 ),
969 2810 1019 2846 nec
1031 2799 1123 2846 umen
1135 2786 1270 2847 decedunt

820 2879 984 2944 excestriae,
1005 2876 1056 2934 sed
1077 2880 1178 2934 iterum
1197 2878 1270 2934 editu

819 2966 904 3039 petito
924 2974 951 3019 et
969 2964 1047 3034 dato,
1067 2984 1128 3021 cnm
1146 2964 1270 3025 consulis

821 3055 925 3107 animas
938 3054 996 3107 iarn
1018 3051 1110 3108 nritior
1128 3051 1272 3109 videretur

820 3156 902 3205 esse„
926 3138 1017 3195 multis
1048 3157 1111 3195 enm
1139 3140 1270 3215 precibus

820 3235 929 3299 agentes
941 3228 1086 3303 impetrant
1099 3234 1130 3282 ut
1146 3235 1270 3281 senatum

820 3311 925 3368 consuli
943 3316 1051 3373 sineret.
1078 3322 1138 3370 tuna
1162 3311 1270 3370 demun

822 3398 932 3456 domum
949 3399 986 3455 ad
1003 3419 1067 3456 suos
1085 3398 1214 3459 redeunt.

765 3487 794 3544 ⁶.
822 3487 1267 3559 duoesactionessenatumdtr·

773 3614 775 3619 ,
820 3576 969 3631 tinebant:
991 3573 1021 3630 P.
1046 3603 1080 3617 -
1109 3574 1151 3630 ll:
1175 3574 1268 3630 damae

809 3661 953 3717 ‘factiones
964 3669 1085 3715 serratum
1095 3660 1267 3718 distinebant.

819 3745 889 3803 Hine
897 3746 974 3805 Laid.
984 3767 1002 3804 1.
1012 3746 1067 3805 Pel.
1077 3749 1104 3806 3.
1114 3747 1219 3808 [8888.
1226 3747 1267 3804 sla

820 3833 884 3894 duna
902 3833 968 3889 haee
986 3833 1127 3894 factiones.
1146 3835 1229 3896 Voss.
1242 3854 1267 3892 u.

822 3918 870 3977 al:
889 3919 951 3975 dum
969 3919 1020 3976 hae
1037 3921 1198 3982 factiones.-

764 4009 804 4064 83
819 4015 962 4062 certatum
990 4007 1028 4062 ob
1058 4011 1200 4086 utrisque
1228 4020 1268 4065 sa.

770 4115 774 4119 ·
818 4110 885 4150 meu
901 4102 963 4152 est.-
986 4092 1053 4152 Pttz.
1074 4095 1129 4153 nisi
1149 4096 1226 4175 quod
1244 4098 1269 4152 iu
