2618 4590
369 228 373 241 Ἰ
454 292 456 297 ·
511 297 619 356 ansa
635 298 704 360 vm.
812 354 817 365 .
1095 278 1160 361 tta

63 488 205 556 pugnam
227 486 353 530 vocare.
391 474 508 529 novato
532 461 670 528 clamore
693 461 780 553 signa
802 462 978 529 inferuntur
998 473 1044 544 ct,
1072 460 1160 552 quid·

63 569 141 659 quid
155 567 459 658 progrediebantur,
483 565 584 655 magis
605 564 769 657 magisque
791 566 935 634 turbatos
962 566 1072 634 hostes
1094 575 1165 634 cen

61 673 193 740 nebant.
231 693 331 760 eques
354 670 422 760 ipse
444 670 509 736 iam
529 667 639 758 primis
661 681 728 736 erat
749 671 782 736 in
810 681 1000 760 conspectu,
1028 682 1061 737 et
1082 669 1157 737 Cor·
1273 714 1275 724 ·

59 777 163 844 nelius
192 776 362 865 respiciens
390 776 430 842 ad
457 773 637 864 manipulos
666 772 803 841 militum
831 776 920 867 quod
947 799 1044 841 manu
1071 774 1159 866 quod

60 905 143 950 voce
165 891 291 969 poterat
312 881 509 946 monstrabat
529 877 646 945 vexilla
668 899 703 945 se
726 903 858 946 suorum
874 903 1070 970 *parmasque
1093 902 1157 945 cer·
1175 889 1193 944 5
1224 929 1230 949 .

60 1010 139 1055 nere
162 984 314 1074 equitum.
353 985 441 1075 quod
462 983 517 1050 ubi
539 982 796 1059 auditumsimul
811 984 978 1074 visumque
996 994 1054 1067 est,
1076 983 1157 1050 adeo

58 1101 192 1180 repente
213 1088 331 1183 laboris
352 1113 411 1180 per
433 1088 517 1162 diem
538 1112 641 1180 paene
663 1099 767 1155 totum
780 1088 907 1155 tolerati
924 1089 1157 1177 vulnerumque

60 1194 152 1262 obliti
173 1186 255 1275 sunt,
277 1203 314 1259 ut
334 1192 420 1263 haud
442 1216 536 1261 secus
560 1217 657 1283 quam
678 1192 706 1258 si
727 1187 797 1259 tum
817 1193 928 1284 integri
951 1192 1097 1260 ecastris
1118 1190 1170 1257 si·-

60 1323 159 1391 gnum
180 1320 305 1387 pugnae
328 1297 540 1388 accepissent,
562 1297 789 1365 concitaverint
810 1321 845 1365 se
867 1297 901 1365 in
922 1297 1059 1364 hostem.
1096 1318 1158 1362 neo

58 1405 141 1472 ultra
156 1401 282 1469 Samnis
304 1402 441 1470 tolerare
462 1414 617 1471 terrorem
639 1403 782 1493 equiturn
799 1401 1006 1491 peditumque
1020 1402 1088 1469 vim
1101 1412 1206 1491 poto

59 1509 138 1576 tuit:
155 1506 271 1596 partim
292 1507 326 1572 in
346 1506 453 1574 medio
476 1507 570 1590 eaesi,
591 1508 706 1598 purtim
727 1506 759 1572 in
781 1506 891 1597 lugam
908 1506 1047 1596 dissipati
1068 1516 1157 1572 sunt:

56 1612 159 1705 pedes
180 1621 335 1676 restantes
358 1633 395 1676 ae
418 1611 652 1693 circumventos
675 1611 803 1680 cecidit:
841 1610 882 1677 ab
910 1610 1017 1699 equite
1039 1609 1158 1699 fugien-

70 1763 101 1822 1.
129 1765 237 1814 nouato
264 1758 393 1814 clamore
415 1761 504 1839 signo
531 1764 574 1818 in·
716 1780 776 1817 rum
794 1777 870 1834 aegre
887 1757 967 1815 simul
990 1759 1093 1832 equites
1110 1777 1157 1833 pe·

88 1846 92 1857 '
121 1845 277 1925 seruqtur'
290 1853 320 1899 et
342 1845 491 1922 quidquid
507 1851 574 1924 'pro-

127 1931 422 2011 gradiebantureetz
444 1931 467 1989 P
488 1954 524 1994 m.
546 1937 573 1995 2.

129 2016 235 2077 lleod.
253 2016 312 2076 Get.
330 2017 416 2089 alp—
439 2017 572 2082 Pm.1.:
624 2048 627 2057 ⁶

128 2115 225 2164 uocato
244 2104 367 2163 clamore.
378 2137 412 2149 -
429 2105 494 2167 Pali.
508 2113 532 2168 1.
544 2113 571 2169 3.

10 2234 13 2239 -
126 2194 207 2252 Voss.
216 2212 244 2251 11.
257 2188 304 2250 al:
323 2212 492 2271 quocumque
507 2216 571 2273 pro·

128 2280 324 2358 grediebantur.
334 2278 378 2337 Cf.
388 2283 414 2347 7,
424 2283 481 2339 32:
492 2283 570 2360 quid

127 2368 192 2446 quid
211 2367 244 2424 ab
262 2367 327 2423 urbe
344 2366 449 2443 longius
467 2369 570 2447 proser-

127 2463 187 2511 rent
205 2474 285 2513 arma.
555 2486 558 2495 ·

72 2547 100 2605 3.
128 2562 219 2618 eques
238 2543 302 2617 ipse
318 2543 378 2597 iam
390 2543 495 2619 primis
505 2554 570 2601 erat

126 2632 332 2702 inconspectu:
342 2628 399 2686 PM.
408 2661 442 2671 —
452 2628 530 2688 Voss.
540 2650 569 2690 11.

128 2735 274 2790 omnesque
313 2734 382 2774 rece.
418 2716 569 2776 Drakenb.=

126 2805 238 2881 primus.
261 2831 296 2841 -
320 2799 379 2877 Pll:
399 2802 471 2878 quod
489 2823 570 2860 manu

127 2887 200 2968 quod
217 2907 285 2945 uoce
302 2897 453 2963 poterat,
455 2909 498 2956 ‚so
515 2887 572 2948 viel

125 2998 156 3035 er
172 2977 222 3032 mit
239 2974 287 3031 der
304 2972 397 3043 Hand,
418 2995 453 3030 eo
468 2974 522 3034 viel
541 2995 570 3032 er

125 3067 175 3122 mit
193 3064 240 3120 der
250 3060 364 3118 stimme
380 3061 498 3141 deutliplr
515 3083 570 3121 ma·

126 3153 192 3211 chen
211 3150 340 3207 konnte⁶⁶.

70 3246 100 3305 6
127 3237 211 3317 quod
220 3237 271 3292 ubl
281 3236 414 3292 auditum
425 3239 560 3294 simul
527 3258 569 3295 ιιι

32 3338 36 3345 '
125 3343 251 3401 sumque
280 3331 339 3378 est:
368 3318 417 3378 Ptl
446 3323 518 3383 Harl.
548 3345 566 3384 r.
612 3351 619 3362 ·

37 3452 42 3457 ·
126 3413 203 3474 Lerd
209 3429 227 3468 1
240 3429 263 3467 e.
274 3405 368 3465 Ktoet
377 3406 444 3468 Lov.
450 3410 567 3512 4.]quod

124 3501 172 3561 ubi
189 3494 307 3555 auditum
328 3494 504 3572 simulque'
478 3516 567 3555 nsum

124 3599 174 3647 est.
186 3579 220 3629 ss-
239 3580 320 3653 „Als'
331 3580 389 3637 dies
407 3584 435 3636 in
454 3581 567 3643 demseri-

125 3677 179 3733 ben
192 3667 374 3746 Augenbliolre
393 3667 488 3742 gehtrt
511 3667 567 3724 und

125 3761 240 3838 geselren
251 3756 364 3815 worden
371 3761 398 3815 ⁶⁶.
415 3753 458 3814 Cl.
470 3759 497 3823 3,
506 3758 567 3822 50st

124 3846 205 3908 simul
227 3845 270 3902 his
291 3864 358 3922 quae
379 3840 505 3898 videbant
522 3843 566 3897 iis·

126 3957 178 4015 que
196 3951 264 4010 quae
282 3941 339 3988 acta
357 3929 460 3986 Romae
477 3928 566 3985 audie·

126 4033 194 4082 rant.
216 4024 260 4087 31,
282 4022 337 4076 tu:
357 4036 416 4075 cunr
432 4023 567 4074 sescento·

714 1847 836 1924 ditesque
846 1866 984 1903 numerum
997 1844 1156 1922 explessent.

712 1933 747 1993 al.
765 1967 799 1976 —
821 1933 884 1990 Ptt:
906 1932 972 1988 adeo
991 1940 1101 2007 repente
1117 1930 1156 1986 la·
1215 1958 1218 1967 =

713 2020 788 2077 boris
817 2040 865 2097 per
892 2019 963 2077 diem
989 2039 1075 2095 paene
1100 2017 1156 2088 (tm

712 2111 816 2183 poene)
833 2117 919 2163 totum
937 2105 1043 2162 tolerati
1064 2105 1102 2174 (P
1119 2126 1156 2164 m.

714 2197 752 2253 1..
745 2216 752 2229 ·
765 2194 892 2263 tolerari)
906 2184 1097 2269 uolnerumque
1108 2192 1155 2249 ob-

712 2280 754 2338 liti
772 2291 843 2340 sunt.
864 2279 930 2339 Pell.
950 2283 974 2339 1.
992 2282 1018 2336 3.
1035 2277 1114 2338 Voss.
1126 2299 1155 2338 n.

711 2368 757 2427 εἰ..
782 2369 885 2426 laboris
908 2388 987 2445 quem
1001 2386 1058 2443 per
1083 2366 1155 2423 diem

709 2477 778 2534 pene
795 2466 882 2512 totum
895 2454 1018 2514 tulerant.
1034 2451 1111 2511 Leid.
1121 2474 1156 2513 1.:

710 2541 875 2599 tulerat-
903 2541 1044 2601 Pm.1.:
1065 2543 1154 2600 sinum

710 2650 823 2706 pugnae.
840 2649 876 2685 m.
894 2631 934 2688 3:
952 2634 1065 2704 signum.
1127 2648 1129 2652 ⁴

658 2719 684 2775 9.
712 2737 766 2772 nec
783 2718 863 2772 ultra
881 2718 993 2772 somnis
1011 2717 1154 2773 tollerare
1252 2770 1259 2785 ,

708 2812 853 2859 terrorem
871 2803 1000 2874 equitum
1010 2801 1153 2874 peditum·

712 2909 770 2965 que
787 2891 847 2944 uim
862 2888 971 2961 potuit:
989 2886 1024 2961 tt.
1037 2919 1071 2928 —
1083 2887 1105 2942 Ρ
1117 2909 1153 2949 m.

711 2979 749 3035 1.:
776 2995 826 3031 nee
844 2969 913 3030 ultra
930 2974 1030 3030 samnis
1047 2972 1152 3031 tollera-
1231 3031 1237 3049 ι
1288 3006 1292 3014 ·

709 3083 772 3122 rem
789 3064 908 3140 equitum
918 3061 1090 3141 peditumque
1102 3073 1152 3123 eet.

710 3170 745 3210 m,
766 3151 804 3209 2:
824 3147 955 3211 tollerare.

640 3238 684 3297 12.
707 3237 801 3312 pedes
819 3245 965 3293 restantes
980 3257 1017 3291 ac
1033 3237 1169 3293 circum-1

710 3332 813 3380 uentos
830 3322 951 3379 cecidit.-
970 3321 1029 3379 cod.
1048 3321 1106 3381 Get.
1117 3357 1151 3368 -

707 3407 748 3467 ll:
774 3408 857 3485 pedes
884 3427 929 3465 res
956 3419 1091 3466 restantes
1120 3430 1152 3468 ac

707 3506 757 3555 cet.
774 3495 880 3554 Prelt:
899 3495 1037 3570 pedestres
1051 3507 1152 3556 restan-

707 3592 748 3639 tes
773 3603 804 3639 ae
827 3583 1022 3641 circumuentos
1045 3585 1150 3645 cecidit.

708 3701 742 3712 —-
769 3669 790 3729 l.
807 3668 851 3727 fr.
871 3667 954 3729 Gron.
976 3690 1012 3728 ac
1033 3671 1150 3729 deletum

708 3755 802 3816 voluit.
821 3786 854 3796 -
872 3755 903 3812 ln
919 3757 992 3813 Harl.
1008 3778 1024 3817 r.
1044 3760 1149 3816 excide·

708 3852 771 3900 runt
800 3843 903 3912 omnia,
932 3865 1000 3920 quae
1029 3845 1062 3900 ab
1092 3843 1149 3914 „ab

708 3929 818 4005 equite“
837 3928 872 3985 ud
890 3931 1037 3996 ‚‚cacidit‘⁶·
1054 3933 1083 3986 in
1101 3931 1149 3989 Ptl

708 4014 843 4090 leguntur,
865 4016 959 4075 eodem
978 4017 1076 4092 meudp
1094 4038 1148 4096 quo
