2618 4590
458 370 464 381 .
511 298 621 360 ιιιιιιιι
634 298 709 364 aur

1097 284 1163 357 416

62 458 165 530 nime:
187 461 256 553 ipse
279 473 382 530 morte
406 461 584 530 voluntaria
605 460 795 552 ignominiae
809 484 846 531 se
861 481 899 530 ac
913 463 1068 554 supplicio
1090 462 1190 556 subg

59 567 169 635 traxit:
203 567 324 658 placuit
347 592 421 635 curn
443 591 578 658 corpore
596 565 685 634 bona
709 591 838 658 quoque
870 569 937 636 eius
966 569 1048 637 dedi.
1084 569 1162 637 nibil

59 683 168 739 tamen
191 695 301 739 carum
322 695 430 738 rerum
451 683 577 763 praeter
598 673 741 763 captivos
768 697 817 739 ae
828 672 856 741 si
884 698 946 764 qua
969 674 1093 764 cognita
1116 698 1158 741 ex
1226 677 1229 687 “
1272 732 1280 745 .

59 777 178 866 praeda
201 787 275 843 sunt
298 788 466 866 acceptum
489 789 546 862 est,
568 788 745 845 ceterarum
766 801 874 845 rerum
886 778 977 846 muta
991 779 1052 846 fuit
1073 777 1159 846 dedi·
1238 792 1253 815 ’

59 881 115 948 tio.
154 883 287 976 dictator
310 907 350 949 ex
373 893 501 949 senatus
524 881 671 949 consulto
693 880 908 972 triumphavit.
1245 957 1272 980 ‚r

109 984 220 1051 XL.
264 985 336 1053 Hoc
363 987 488 1056 bellum
515 1012 534 1054 a
563 985 745 1054 consulibus
772 985 927 1055 bellatum
956 985 1085 1078 quidam
1107 974 1159 1054 au-

59 1102 165 1163 ctores
180 1101 254 1157 sunt
269 1113 390 1181 cosque
406 1091 446 1159 de
461 1090 655 1158 Samnitibus
669 1089 891 1182 triumphasse,
913 1090 1047 1158 Fabium
1064 1090 1169 1159 etiam
1248 1138 1251 1143 -

59 1195 92 1260 in
114 1192 479 1285 Apuliam'processisse
510 1206 607 1287 atque
632 1187 712 1262 inde'
732 1219 864 1287 magnas
885 1197 1020 1287 praedas
1042 1197 1158 1286 egisse:

57 1324 119 1366 nec
141 1300 298 1389 discrepat
319 1300 396 1390 quin
418 1287 552 1368 dictator
575 1324 615 1368 eo
638 1323 721 1366 anno
744 1301 783 1368 A.
807 1300 973 1369 Cornelius
995 1300 1104 1367 fuerit:
1125 1300 1158 1367 id
1263 1347 1267 1353 -

58 1402 234 1494 ambigitur,
256 1403 373 1471 belline
396 1404 524 1496 gerendi
547 1426 642 1471 causa
665 1416 790 1471 creatus
812 1405 853 1472 sit
875 1430 914 1471 an
937 1391 974 1471 ut
996 1416 1080 1473 esset
1102 1402 1161 1495 qui
1170 1414 1205 1472 10
1254 1440 1256 1444 >

56 1510 140 1577 ludis
162 1507 332 1591 Romanis,
360 1509 437 1599 quia
455 1508 492 1576 L.
515 1508 657 1575 Plautius
678 1519 806 1597 praetor
828 1509 914 1598 gravi
939 1510 1053 1578 morbo
1076 1509 1158 1576 forte
1222 1554 1226 1575 .

54 1608 216 1705 inplicitus
240 1625 322 1697 erat,
344 1613 469 1704 signum
491 1611 562 1680 mitt
536 1612 651 1680 ttendis
673 1611 833 1702 quadrigis
855 1614 945 1681 daret
967 1615 1170 1703 functusque

57 1743 99 1787 eo
123 1717 209 1784 haud
231 1740 309 1783 sane
330 1717 559 1785 memorandi
550 1715 672 1808 imperii
694 1714 800 1792 minist
801 1717 866 1784 erio
881 1740 917 1784 sc
932 1717 995 1783 diet
996 1724 1084 1784 atura
1106 1719 1202 1784 ab
1225 1714 1228 1719 ⁴

56 1824 200 1890 dicaret.
198 1845 279 1921 nec
306 1819 399 1888 iacssc
428 1832 478 1888 est
496 1832 560 1889 aut
585 1845 655 1889 rem
682 1817 728 1887 rei
756 1832 810 1889 aut
839 1833 1003 1888 auctorem
1036 1807 1175 1890 auctori

54 1927 231 2020 praeierrc.
260 1924 400 1994 vitiatam
420 1915 609 2027 memoriam
630 1924 815 1994 funebribus
836 1925 983 1993 laudibus
1008 1927 1204 1994 morial-15
1285 1904 1286 1909 ἵ

74 2122 112 2180 a*
127 2126 276 2195 acceptum
286 2112 450 2178 empti.
461 2114 538 2177 Voss.
546 2133 573 2177 ιι.

129 2207 176 2266 ab:
195 2215 312 2285 accepta.
331 2237 365 2249 -
387 2203 451 2263 PM:
473 2215 572 2262 cetera·

129 2314 189 2351 rum
206 2312 297 2351 rerum
315 2294 394 2350 inrita
407 2291 457 2349 ruit
470 2292 573 2349 deditio

127 2381 182 2451 ml:
199 2378 334 2449 dedicio).
353 2377 431 2440 Vdss.
444 2399 471 2437 ιι.
483 2379 573 2437 multi·

127 2488 179 2544 que
196 2487 266 2526 rece.
285 2467 378 2527 codd:
406 2466 454 2524 sed
474 2477 572 2525 cetera·

127 2574 187 2610 rum
204 2575 294 2613 rerum
312 2565 363 2614 cet.

27 2703 34 2708 ,
74 2642 101 2702 6.
128 2642 256 2698 dictator·
282 2663 322 2699 ex
343 2645 384 2700 66.
410 2636 572 2717 triumpha-

129 2728 186 2785 uit:
203 2728 233 2787 P.
246 2760 280 2770 -
298 2728 337 2783 al:
357 2728 472 2785 dictator
489 2748 522 2784 ex
534 2735 574 2784 66.

130 2822 157 2894 p.
175 2813 357 2890 triumphauit.
371 2843 404 2856 -
416 2812 447 2868 ln
464 2812 537 2872 Harl.
554 2833 572 2872 1.

128 2901 205 2961 Leid.
222 2921 239 2961 ι.
258 2900 335 2961 Voss.
348 2916 376 2960 ιι.
393 2899 572 2960 Lor.i.mnl·

129 2991 218 3068 tisquc
253 3008 322 3049 rece.
357 2988 437 3048 codd.
472 2987 573 3059 excidit

131 3093 172 3133 aa:
189 3082 230 3136 aa.
498 3146 500 3151 Ι
561 3061 570 3079 '

12 3185 14 3188 ’
75 3159 103 3221 6.
130 3163 187 3219 boc
212 3164 320 3220 beilum
342 3184 362 3219 a
385 3164 462 3222 cabi.
480 3159 571 3220 bella·

129 3258 191 3305 tum
204 3246 326 3324 quidam
337 3258 475 3306 auderes
487 3259 574 3306 aunis

128 3334 186 3394 ΡΜ.
205 3364 239 3376 -·
265 3330 332 3409 Lov.
349 3339 375 3394 Ιι.
393 3334 439 3395 al.:
457 3335 571 3393 debella·

81 3461 85 3467 -
130 3431 196 3481 tum.

76 3514 104 3572 9.
131 3530 185 3566 nea
203 3508 351 3581 discrepat
363 3508 434 3584 quin
447 3506 574 3565 dictator*

130 3616 165 3653 eo
183 3615 262 3652 antro
279 3594 316 3653 Α.
335 3595 490 3652 Cornelius
501 3594 574 3667 fue

131 3685 186 3739 rit:
204 3681 253 3738 ΡΜ
269 3680 327 3739 rell.
362 3680 407 3740 Gi.
424 3685 450 3749 9,
469 3682 526 3740 66..
544 3680 573 3737 id

131 3768 204 3846 qnod
217 3768 288 3826 haud
300 3767 443 3872 discrepat.
460 3769 504 3835 99,
515 3770 572 3826 61.ι

130 3858 223 3911 mirari
240 3858 323 3937 magis
342 3855 409 3911 adeo
422 3853 573 3928 discrepare

131 3943 202 3998 iuter
214 3952 335 3999 auctores
348 3961 425 4019 quam
439 3940 504 4017 quid
515 3942 573 4000 veri
587 3938 590 3944 ’

131 4031 169 4086 sit
190 4029 342 4086 discernere
364 4047 453 4107 queas.
477 4025 511 4086 ai.
537 4055 573 4071 ι-

640 2560 643 2565 ’
713 2570 737 2618 s;
755 2554 905 2627 ambigitur.
928 2585 963 2596 -

714 2111 792 2175 Voss.
806 2135 833 2175 ιι.
852 2114 919 2176 Lov.
938 2117 963 2176 4.
983 2112 1028 2177 ab:
1021 2114 1080 2178 ·Μ.
1089 2117 1189 2175 Cor-

714 2202 808 2262 nelinat
826 2202 903 2263 Leid.
917 2224 935 2264 1.
949 2204 996 2264 aL:
1014 2226 1037 2266 a.
1049 2226 1085 2266 ιιι.
1098 2199 1156 2263 cbr-

713 2290 808 2349 nelius.
827 2289 870 2350 Cf.
889 2294 915 2360 8,
933 2294 978 2351 38.

660 2379 686 2436 9.
713 2378 747 2433 id
763 2379 936 2457 ambigitur:
954 2379 983 2436 1³.
996 2411 1029 2424 -
1043 2376 1082 2436 Μι
1100 2378 1156 2438 sues

680 2480 684 2488 ·
712 2467 749 2521 rit
771 2466 922 2540 ambigitur.
953 2487 989 2526 nr.
1011 2470 1052 2526 L:
1076 2466 1157 2525 inerit

984 2553 1026 2610 tl:
1044 2552 1063 2614 l.
1081 2553 1156 2630 plau·

713 2640 780 2697 cius.
801 2669 835 2682 —
860 2638 888 2695 M
905 2661 941 2698 m.
966 2644 1003 2699 t:
1026 2643 1156 2697 mittentis
1276 2690 1281 2694 .

713 2724 858 2800 quadrigis.
881 2745 917 2784 m.
935 2728 974 2784 ΜΛ
992 2728 1139 2786 mittendis.

644 2810 687 2870 16.
713 2810 847 2867 uitiatum
876 2815 1046 2868 memoriam
1065 2811 1161 2885 suna.

713 2897 814 2955 bribua
835 2897 976 2955 laudibus
999 2918 1082 2957 reor:
1107 2899 1157 2958 ΡΜ

712 2983 770 3040 rell.
784 3012 818 3027 -
829 2982 864 3043 Μ.
882 2985 944 3041 Ant.
958 2983 1075 3058 Muretus
1093 2988 1158 3044 lau«

677 3110 681 3122 .
712 3070 882 3129 dationibus
890 3072 970 3129 scribi
979 3071 1072 3142 voluit,
1082 3072 1156 3151 quod
1168 3109 1184 3125 .>

695 3175 768 3214 vnon
797 3159 905 3217 laudes
928 3155 1076 3232 funebres
1105 3160 1155 3218 sed

712 3246 903 3303 laudationes
914 3247 1064 3320 funebres.
1082 3246 1155 3303 dice*
1259 3293 1263 3305 ,

712 3342 814 3391 rentur.
833 3342 860 3388 et
870 3336 910 3390 sic
920 3354 979 3390 cum
992 3332 1082 3391 multis
1095 3334 1155 3391 aiiis

676 3462 679 3466 >
712 3414 782 3474 locis
798 3427 855 3475 tum
872 3423 898 3488 6,
910 3423 954 3481 60.
972 3423 1100 3498 scripturn
1118 3420 1156 3479 le·
1175 3456 1178 3467 =

713 3508 1072 3584 gimus:‚‚matronisgratiae
1081 3519 1157 3566 actae

711 3591 855 3670 honosque.
869 3593 992 3664 additus.
1018 3604 1049 3652 ut
1065 3611 1155 3653 aarum

712 3681 754 3736 sic
776 3690 807 3736 ut
824 3682 940 3738 virorum
962 3692 1155 3758 postmortem

713 3766 850 3824 sollemnis
859 3767 976 3825 laudatio
987 3775 1087 3828 esset
1105 3786 1154 3825 nec
1195 3768 1198 3773 ’

712 3864 801 3922 tamen
820 3855 913 3912 dubito
932 3860 996 3934 quin
1015 3858 1041 3914 h.
1053 3856 1071 3916 l.
1089 3857 1160 3913 lau-

712 3942 821 3999 dibus
818 3954 892 4000 recte
910 3963 940 3999 ee
962 3942 1070 4010 babeat,
1092 3961 1172 4018 cum„

712 4027 744 4086 L
771 4030 892 4109 videatur
918 4029 1007 4086 dicere
1036 4025 1176 4088 volnisse'
