2618 4590
507 288 616 349 tuma
632 287 692 353 vlt

1034 234 1039 253 “
1090 277 1180 349 aaa

39 455 195 547 ‚equitum
210 452 269 522 Cn.
287 452 444 520 Manlium
459 450 676 541 Capitolinum
698 452 793 521 dixit:
831 465 864 522 et
885 476 968 539 cum,
990 456 1079 547 quod
1098 479 1159 547 per

50 585 185 652 magnos
206 557 362 627 tumultus
384 555 453 622 fieri
475 555 606 624 solitum
628 567 712 640 erat,
740 557 858 626 iustitio
881 557 999 627 indicto
1022 561 1158 629 dilectus

50 665 120 733 sine
142 661 361 731 vacationibus
382 660 509 729 habitus
532 671 626 743 esset,
653 660 796 751 legiones
826 672 982 752 quantum
1008 664 1160 734 maturari

50 769 159 860 potuit
180 769 214 834 in
227 764 395 832 Auruncos
420 767 544 833 ductae.
581 764 625 830 ibi
644 766 843 855 praedonum
860 767 960 857 magis
983 757 1080 858 qu'am
1101 768 1157 836 ho-

52 875 152 940 stium
174 870 277 939 animi»
290 868 432 938 inventia
457 869 558 960 prima
580 869 689 960 itaque
712 870 780 938 acie
804 872 998 940 debellatum
1021 883 1080 940 est.
1115 873 1188 941 ‹ti-o

53 989 158 1046 ctator
179 988 295 1058 tamen,
317 973 393 1064 quia
415 985 449 1040 et
469 974 553 1041 ultro
576 973 698 1045 bellum
719 974 892 1044 intulerant
912 987 946 1044 et
967 977 1035 1043 sine
1058 976 1159 1044 detta·

54 1081 196 1149 ctatione
218 1104 253 1147 se
277 1076 441 1147 certamini
456 1077 641 1162 offerebant,
664 1080 798 1148 deorum
821 1104 952 1170 quoque
970 1104 1051 1170 opes
1073 1080 1159 1147 adhi-

51 1186 176 1252 bendas
197 1195 283 1259 ratus
305 1184 388 1251 inter
408 1183 512 1272 ipsam
534 1184 771 1252 dimicationem
792 1184 906 1251 aedem
920 1184 1034 1251 Iunoni
1048 1184 1159 1253 Mone-

52 1303 106 1363 tae
128 1289 224 1374 vovit,
247 1289 338 1356 cuius
360 1288 529 1355 damnatus
550 1288 618 1357 voti
640 1312 715 1356 cum
737 1288 838 1356 victor
853 1289 993 1356 Romam
1014 1288 1158 1358 reverto

45 1406 105 1462 -set
126 1394 279 1475 dictatura
301 1417 337 1461 se
368 1392 534 1461 abdicavit.
571 1403 701 1461 senatus
731 1393 915 1461 duumviros
942 1395 984 1462 ad
1009 1417 1082 1461 eam
1105 1417 1155 1462 ao
1169 1405 1206 1460 10
1299 1438 1302 1443 ‚

55 1501 131 1566 dem
152 1522 211 1588 pro
234 1498 441 1588 amplitudine
473 1497 585 1588 populi
606 1497 743 1565 Romani
770 1497 950 1566 faciendam
976 1490 1076 1566 meari
1096 1497 1158 1565 ius-

54 1603 105 1686 sit,
127 1602 218 1670 locus
239 1602 274 1670 in
296 1625 368 1669 arce
392 1601 566 1670 destinatus
588 1626 672 1691 quaa
695 1625 767 1668 area
783 1603 910 1670 aedium
924 1602 970 1669 M.
985 1602 1085 1669 Manli
1100 1602 1158 1669 Ca

52 1707 180 1799 pitolini
199 1707 313 1774 fuerat.
350 1705 499 1773 consules
523 1705 684 1775 dictatoris
706 1706 848 1773 exercitu
875 1706 917 1773 ad
937 1706 1060 1773 bellum
1081 1707 1158 1775 Vul-

53 1835 148 1883 tcum
169 1812 219 1878 usi
236 1810 351 1878 Soram
372 1834 415 1878 ex
429 1809 575 1878 hostibus
589 1810 734 1878 incautos
749 1809 851 1877 adorti
866 1821 1030 1901 ceperunt.
1063 1807 1158 1878 Anno

72 2035 104 2092 Ξ.
129 2032 272 2089 dilectus:
294 2029 360 2101 Pal]
384 2027 511 2088 delectus.
539 2059 574 2072 --

127 2117 150 2174 P
168 2116 246 2174 Vos.
263 2137 289 2176 11.
308 2115 357 2176 al.:
388 2119 440 2186 „in
459 2136 574 2173 aruncoa

127 2205 256 2264 ductae“.
278 2203 320 2261 M:
344 2205 396 2271 „in
414 2223 508 2260 aurum
526 2223 575 2260 coo

128 2291 254 2351 ductae“.
294 2289 378 2348 Paulo
409 2299 471 2346 anto
500 2300 573 2347 recta

127 2382 257 2457 scriptum
275 2380 372 2434 eratin
384 2376 434 2436 ΡΜ
452 2396 572 2447 „autun-

128 2487 188 2523 cum
205 2467 269 2523 indo
286 2464 417 2524 bellum“.

73 2591 101 2647 5.
126 2589 224 2664 prima
242 2590 343 2664 itaque
360 2586 424 2643 acie
444 2586 572 2643 debello·
591 2614 597 2627 ·

127 2684 190 2735 tum
213 2682 274 2731 est.-
296 2672 354 2731 PM.
379 2703 412 2717 -
441 2671 522 2730 Voss.
544 2691 572 2731 tt.

128 2761 175 2819 al.:
193 2761 279 2838 ptima
296 2761 390 2837 utique
407 2760 463 2814 acie
481 2768 533 2816 oet.

71 2906 108 2919 --
129 2872 257 2928 dictator
265 2879 364 2926 tamen
375 2868 447 2944 quia
455 2875 484 2924 et
493 2869 571 2925 ultro

127 2967 194 3017 cet:
208 2957 242 3018 Μ.
253 2988 286 3000 -
296 2955 333 3014 P:
348 2955 463 3012 dictator
475 2963 573 3011 autem

127 3047 190 3123 quia
216 3054 243 3101 ot
269 3044 340 3100 ultro
371 3051 423 3103 cet.
464 3040 573 3099 Utrum·

128 3152 181 3208 que
204 3152 297 3189 verum
327 3150 386 3188 esse
408 3138 507 3206 potest
537 3156 573 3171 -·

126 3218 188 3276 PM:
206 3220 292 3287 „sino
311 3217 507 3276 detractione“.
536 3215 571 3275 cf.

124 3326 167 3364 ex.
186 3324 224 3380 gr.
243 3307 269 3373 6,
284 3307 329 3361 28.
346 3305 393 3361 ubi
407 3306 436 3361 in
450 3303 472 3360 P
490 3300 572 3372 „titio

126 3393 349 3460 retractationa“,
377 3393 406 3448 in
432 3389 461 3448 M
490 3392 572 3459 „aine

99 3471 105 3478 ’
124 3480 308 3534 retractiono“
326 3480 455 3556 scriptum
474 3487 524 3536 ost.
537 3510 571 3520 -

128 3564 206 3624 Voss.
230 3586 248 3625 1.
275 3564 323 3627 aL:
354 3567 413 3621 sine
444 3564 574 3622 detracta·

124 3654 209 3712 tione.

69 3767 98 3826 8.
126 3766 232 3823 aedem
249 3760 353 3821 iunoni
368 3763 504 3820 Monetae
522 3783 576 3821 1102

124 3855 184 3911 uit.-
201 3851 233 3913 P.
259 3883 294 3895 -
322 3849 362 3907 M:
381 3849 515 3919 „aodaem
533 3853 572 3908 iu·

127 3940 195 4014 noni
220 3940 369 3998 monitae“.
397 3937 469 3994 idem
492 3937 572 4015 paulo

10 4064 12 4069 ,
123 4035 188 4105 post
206 4026 234 4084 io
252 4027 376 4085 omnibus
395 4025 474 4083 bonis
493 4025 573 4085 codd.

715 2030 846 2105 scriptum
866 2007 930 2089 xest.
967 2062 1000 2073 -
1040 2026 1116 2087 Harl.
1140 2046 1170 2112 ι.

715 2114 793 2174 Leto.
811 2135 845 2176 ιε
862 2118 957 2174 iunoni
975 2117 1112 2174 monitate.
1124 2146 1159 2158 ·-

714 2200 764 2258 ΡΜ
773 2202 846 2262 reli:
857 2205 932 2261 euius
941 2203 1081 2265 damnatus
1093 2203 1159 2262 uoti.

715 2289 751 2347 of.
768 2292 794 2358 5,
813 2291 857 2351 25.
875 2289 909 2351 al.

643 2376 687 2437 12.
715 2376 1161 2453 quaeareaacdiumMManli

713 2464 877 2539 Capitolini
885 2464 1011 2538 suerat:
1027 2465 1058 2523 P.
1070 2497 1105 2509 —
1117 2463 1158 2521 M:

712 2571 765 2628 quo
780 2555 785 2625 Ι
801 2572 862 2609 area
880 2554 1002 2611 eatdium
1019 2558 1054 2611 tia.
1076 2549 1159 2608 manli

713 2639 869 2716 capitolinis
880 2639 985 2712 fuerat.
1002 2659 1039 2700 m.
1054 2641 1095 2701 Ἅι
1115 2656 1159 2693 ca·

712 2725 829 2804 pitolini.

644 2810 687 2869 13.
714 2818 792 2870 coti.
806 2811 1105 2868 dictatoriscxercitu
1117 2809 1161 2865 ad
1279 2831 1285 2836 ·

713 2897 823 2954 bellum
842 2897 975 2953 uolacum
994 2898 1042 2953 usi
1058 2912 1160 2952 eoram

715 3003 756 3042 ex
764 2981 899 3040 hostibus
912 2983 1047 3040 incautos
1059 2981 1164 3062 adorta}
1194 2986 1200 2996 “

713 3078 870 3147 ceperunt:
889 3069 911 3126 P
928 3091 965 3130 m.
983 3071 1010 3129 2.
1027 3099 1061 3114 -
1082 3067 1106 3126 1>
1122 3087 1158 3127 m.
1257 3091 1259 3094 ·

714 3158 754 3217 1.=
777 3164 863 3226 „co'st
884 3157 1024 3215 dictatoria
1046 3155 1159 3229 insutu

713 3247 855 3301 exorcitu“
879 3255 930 3304 cet.
966 3245 1083 3318 Infesta
1113 3261 1158 3298 au·

711 3341 767 3388 tem
801 3332 953 3398 exercitu,
997 3348 1159 3405 quamquam

712 3437 794 3496 saepe
817 3419 854 3474 ita
873 3417 944 3494 apud
961 3415 1069 3473 Livium
1091 3417 1159 3472 scri·
1242 3454 1253 3460 -

712 3514 790 3581 ptum
807 3502 917 3579 legitur,
936 3524 990 3561 nou
1007 3503 1088 3562 huius
1104 3502 1159 3562 loci

715 3591 822 3648 videtur
840 3611 908 3649 esse.
926 3621 961 3635 -
979 3590 1021 3655 Mt
1039 3597 1100 3649 coifi
1119 3591 1159 3650 di·

713 3679 824 3736 ctatoris
851 3680 970 3737 exercitu
996 3679 1031 3736 ad
1059 3678 1158 3738 bellum

714 3765 835 3821 uolscum
852 3787 921 3824 usus
938 3787 1013 3825 oram
1029 3787 1063 3825 ox
1074 3767 1158 3824 hotti-

678 3913 681 3918 ,
713 3852 765 3909 bus
784 3864 834 3913 cet.
845 3889 879 3899 -
897 3855 970 3915 Harl.
985 3875 1017 3915 t:
1035 3856 1159 3911 incautos

714 3940 849 3999 adoranti.
878 3943 955 4002 Laid.
968 3963 1001 4003 t:
1023 3943 1052 3998 in
1069 3949 1160 3997 cautes

715 4027 810 4088 adorti.
882 4034 888 4045 ¹
1207 4030 1209 4037 ⁴

894 4086 1135 4183 15¹·W'
