<?xml version="1.0" encoding="UTF-8"?>
<!DOCTYPE html PUBLIC "-//W3C//DTD XHTML 1.0 Transitional//EN"
    "http://www.w3.org/TR/xhtml1/DTD/xhtml1-transitional.dtd">
<html xmlns="http://www.w3.org/1999/xhtml" xml:lang="en" lang="en">
 <head>
  <title>
</title>
<meta http-equiv="Content-Type" content="text/html;charset=utf-8" />
  <meta name='ocr-system' content='tesseract 3.04.00' />
  <meta name='ocr-capabilities' content='ocr_page ocr_carea ocr_par ocr_line ocrx_word'/>
</head>
<body>
  <div class='ocr_page' id='page_1' title='image "./titilivirerumro01alscgoog_0274.png"; bbox 0 0 2618 4590; ppageno 0'>
   <div class='ocr_carea' id='block_1_1' title="bbox 525 279 1264 355">
    <p class='ocr_par' dir='ltr' id='par_1_1' title="bbox 525 279 1264 355">
     <span class='ocr_line' id='line_1_1' title="bbox 525 279 1264 355; baseline -0.004 -5"><span class='ocrx_word' id='word_1_1' title='bbox 525 293 633 352; x_wconf 77' lang='lat' dir='ltr'><strong>LIBER</strong></span> <span class='ocrx_word' id='word_1_2' title='bbox 650 293 708 355; x_wconf 81' lang='lat' dir='ltr'><strong>vu.</strong></span> <span class='ocrx_word' id='word_1_3' title='bbox 1097 279 1165 348; x_wconf 72' lang='lat'><strong>255</strong></span> <span class='ocrx_word' id='word_1_4' title='bbox 1260 322 1264 331; x_wconf 89' lang='lat'>·</span> 
     </span>
    </p>
   </div>
   <div class='ocr_carea' id='block_1_2' title="bbox 57 456 1216 1916">
    <p class='ocr_par' dir='ltr' id='par_1_2' title="bbox 61 456 1201 1179">
     <span class='ocr_line' id='line_1_2' title="bbox 68 456 1168 548; baseline 0 -25"><span class='ocrx_word' id='word_1_5' title='bbox 68 458 131 525; x_wconf 90' lang='lat' dir='ltr'><strong>iam</strong></span> <span class='ocrx_word' id='word_1_6' title='bbox 154 456 339 525; x_wconf 81' lang='lat' dir='ltr'><strong>circumdati</strong></span> <span class='ocrx_word' id='word_1_7' title='bbox 362 456 446 524; x_wconf 83' lang='lat' dir='ltr'><strong>vallo</strong></span> <span class='ocrx_word' id='word_1_8' title='bbox 469 456 667 548; x_wconf 88' lang='lat' dir='ltr'><strong>potuerimus</strong></span> <span class='ocrx_word' id='word_1_9' title='bbox 690 478 775 524; x_wconf 73' lang='lat' dir='ltr'><strong>esser</strong></span> <span class='ocrx_word' id='word_1_10' title='bbox 814 468 884 524; x_wconf 82' lang='lat' dir='ltr'><strong>tum</strong></span> <span class='ocrx_word' id='word_1_11' title='bbox 904 457 982 526; x_wconf 76' lang='lat' dir='ltr'><strong>&#39;veru</strong></span> <span class='ocrx_word' id='word_1_12' title='bbox 1003 458 1062 524; x_wconf 88' lang='lat' dir='ltr'><strong>nos</strong></span> <span class='ocrx_word' id='word_1_13' title='bbox 1085 456 1168 524; x_wconf 90' lang='lat' dir='ltr'><strong>simi-</strong></span> 
     </span>
     <span class='ocr_line' id='line_1_3' title="bbox 65 560 1167 654; baseline 0.004 -27"><span class='ocrx_word' id='word_1_14' title='bbox 65 563 114 629; x_wconf 85' lang='lat' dir='ltr'><strong>les</strong></span> <span class='ocrx_word' id='word_1_15' title='bbox 136 563 272 630; x_wconf 90' lang='lat' dir='ltr'><strong>isturum</strong></span> <span class='ocrx_word' id='word_1_16' title='bbox 301 561 417 645; x_wconf 89' lang='lat' dir='ltr'><strong>simus,</strong></span> <span class='ocrx_word' id='word_1_17' title='bbox 448 563 477 628; x_wconf 93' lang='lat' dir='ltr'><strong>si</strong></span> <span class='ocrx_word' id='word_1_18' title='bbox 490 560 620 629; x_wconf 81' lang='lat' dir='ltr'><strong>‘diutius</strong></span> <span class='ocrx_word' id='word_1_19' title='bbox 640 561 694 631; x_wconf 92' lang='lat' dir='ltr'><strong>hic</strong></span> <span class='ocrx_word' id='word_1_20' title='bbox 720 585 884 629; x_wconf 81' lang='lat' dir='ltr'><strong>moremur</strong></span> <span class='ocrx_word' id='word_1_21' title='bbox 905 587 1003 654; x_wconf 91' lang='lat' dir='ltr'><strong>quam</strong></span> <span class='ocrx_word' id='word_1_22' title='bbox 1026 587 1167 631; x_wconf 87' lang='lat' dir='ltr'><strong>commo·</strong></span> 
     </span>
     <span class='ocr_line' id='line_1_4' title="bbox 64 652 1167 759; baseline 0.004 -27"><span class='ocrx_word' id='word_1_23' title='bbox 64 652 144 759; x_wconf 82' lang='lat' dir='ltr'><strong>durp</strong></span> <span class='ocrx_word' id='word_1_24' title='bbox 166 669 216 736; x_wconf 90' lang='lat' dir='ltr'><strong>sit.</strong></span> <span class='ocrx_word' id='word_1_25' title='bbox 256 668 336 758; x_wconf 78' lang='lat' dir='ltr'><strong>agite</strong></span> <span class='ocrx_word' id='word_1_26' title='bbox 360 668 436 757; x_wconf 86' lang='lat' dir='ltr'><strong>dum</strong></span> <span class='ocrx_word' id='word_1_27' title='bbox 458 667 501 734; x_wconf 90' lang='lat' dir='ltr'><strong>ite</strong></span> <span class='ocrx_word' id='word_1_28' title='bbox 524 690 652 733; x_wconf 89' lang='lat' dir='ltr'><strong>mecum</strong></span> <span class='ocrx_word' id='word_1_29' title='bbox 668 679 709 752; x_wconf 82' lang='lat' dir='ltr'><strong>et,</strong></span> <span class='ocrx_word' id='word_1_30' title='bbox 733 667 809 733; x_wconf 94' lang='lat' dir='ltr'><strong>dum</strong></span> <span class='ocrx_word' id='word_1_31' title='bbox 824 667 905 734; x_wconf 88' lang='lat' dir='ltr'><strong>lueis</strong></span> <span class='ocrx_word' id='word_1_32' title='bbox 919 667 1038 758; x_wconf 88' lang='lat' dir='ltr'><strong>aliquid</strong></span> <span class='ocrx_word' id='word_1_33' title='bbox 1060 692 1167 759; x_wconf 91' lang='lat' dir='ltr'><strong>super·</strong></span> 
     </span>
     <span class='ocr_line' id='line_1_5' title="bbox 64 771 1201 865; baseline 0.003 -27"><span class='ocrx_word' id='word_1_34' title='bbox 64 785 130 855; x_wconf 81' lang='lat' dir='ltr'><strong>est,</strong></span> <span class='ocrx_word' id='word_1_35' title='bbox 159 772 274 862; x_wconf 92' lang='lat' dir='ltr'><strong>quihus</strong></span> <span class='ocrx_word' id='word_1_36' title='bbox 297 773 376 840; x_wconf 88' lang='lat' dir='ltr'><strong>loeis</strong></span> <span class='ocrx_word' id='word_1_37' title='bbox 398 771 552 863; x_wconf 88' lang='lat' dir='ltr'><strong>praesidia</strong></span> <span class='ocrx_word' id='word_1_38' title='bbox 573 783 708 863; x_wconf 86' lang='lat' dir='ltr'><strong>ponant,</strong></span> <span class='ocrx_word' id='word_1_39' title='bbox 742 796 805 863; x_wconf 89' lang='lat' dir='ltr'><strong>qua</strong></span> <span class='ocrx_word' id='word_1_40' title='bbox 827 784 936 864; x_wconf 86' lang='lat' dir='ltr'><strong>pateat</strong></span> <span class='ocrx_word' id='word_1_41' title='bbox 959 773 1034 841; x_wconf 87' lang='lat' dir='ltr'><strong>hine</strong></span> <span class='ocrx_word' id='word_1_42' title='bbox 1056 775 1168 859; x_wconf 89' lang='lat' dir='ltr'><strong>exitus,</strong></span> <span class='ocrx_word' id='word_1_43' title='bbox 1192 832 1201 865; x_wconf 70' lang='grc'>,</span> 
     </span>
     <span class='ocr_line' id='line_1_6' title="bbox 66 876 1197 969; baseline 0 -27"><span class='ocrx_word' id='word_1_44' title='bbox 66 878 307 967; x_wconf 84' lang='lat' dir='ltr'><strong>exploremus“.</strong></span> <span class='ocrx_word' id='word_1_45' title='bbox 342 878 424 946; x_wconf 86' lang='lat' dir='ltr'><strong>haee</strong></span> <span class='ocrx_word' id='word_1_46' title='bbox 447 876 553 945; x_wconf 88' lang='lat' dir='ltr'><strong>omnia</strong></span> <span class='ocrx_word' id='word_1_47' title='bbox 576 877 687 968; x_wconf 81' lang='lat' dir='ltr'><strong>sagulo</strong></span> <span class='ocrx_word' id='word_1_48' title='bbox 711 877 829 969; x_wconf 81' lang='lat' dir='ltr'><strong>gregali</strong></span> <span class='ocrx_word' id='word_1_49' title='bbox 857 878 990 946; x_wconf 87' lang='lat' dir='ltr'><strong>amictus</strong></span> <span class='ocrx_word' id='word_1_50' title='bbox 1013 880 1197 946; x_wconf 77' lang='lat' dir='ltr'><strong>centuriut</strong></span> 
     </span>
     <span class='ocr_line' id='line_1_7' title="bbox 61 979 1168 1075; baseline 0.005 -30"><span class='ocrx_word' id='word_1_51' title='bbox 61 982 158 1048; x_wconf 90' lang='lat' dir='ltr'><strong>nibus</strong></span> <span class='ocrx_word' id='word_1_52' title='bbox 179 983 257 1050; x_wconf 92' lang='lat' dir='ltr'><strong>item</strong></span> <span class='ocrx_word' id='word_1_53' title='bbox 278 983 523 1075; x_wconf 79' lang='lat' dir='ltr'>manipularium</span> <span class='ocrx_word' id='word_1_54' title='bbox 544 982 682 1049; x_wconf 87' lang='lat' dir='ltr'><strong>militum</strong></span> <span class='ocrx_word' id='word_1_55' title='bbox 703 979 814 1051; x_wconf 90' lang='lat' dir='ltr'><strong>habitu</strong></span> <span class='ocrx_word' id='word_1_56' title='bbox 843 983 960 1069; x_wconf 89' lang='lat' dir='ltr'><strong>ductis,</strong></span> <span class='ocrx_word' id='word_1_57' title='bbox 986 1009 1028 1052; x_wconf 93' lang='lat' dir='ltr'><strong>ne</strong></span> <span class='ocrx_word' id='word_1_58' title='bbox 1052 986 1168 1053; x_wconf 79' lang='lat' dir='ltr'><strong>ducem</strong></span> 
     </span>
     <span class='ocr_line' id='line_1_8' title="bbox 62 1086 864 1179; baseline 0.004 -27"><span class='ocrx_word' id='word_1_59' title='bbox 62 1086 230 1154; x_wconf 86' lang='lat' dir='ltr'><strong>circumire</strong></span> <span class='ocrx_word' id='word_1_60' title='bbox 252 1089 361 1156; x_wconf 89' lang='lat' dir='ltr'><strong>hostes</strong></span> <span class='ocrx_word' id='word_1_61' title='bbox 384 1098 541 1171; x_wconf 84' lang='lat' dir='ltr'><strong>notarent,</strong></span> <span class='ocrx_word' id='word_1_62' title='bbox 563 1087 775 1179; x_wconf 83' lang='lat' dir='ltr'><strong>perlustravit.</strong></span> <span class='ocrx_word' id='word_1_63' title='bbox 861 1102 864 1109; x_wconf 87' lang='lat'>&#39;</span> 
     </span>
    </p>

    <p class='ocr_par' dir='ltr' id='par_1_3' title="bbox 57 1192 1216 1916">
     <span class='ocr_line' id='line_1_9' title="bbox 150 1192 1168 1285; baseline 0.004 -26"><span class='ocrx_word' id='word_1_64' title='bbox 150 1193 288 1263; x_wconf 86' lang='lat' dir='ltr'><strong>XXXV.</strong></span> <span class='ocrx_word' id='word_1_65' title='bbox 332 1193 455 1285; x_wconf 79' lang='lat' dir='ltr'><strong>Vigiliis</strong></span> <span class='ocrx_word' id='word_1_66' title='bbox 478 1193 593 1260; x_wconf 90' lang='lat' dir='ltr'><strong>deinde</strong></span> <span class='ocrx_word' id='word_1_67' title='bbox 617 1192 776 1284; x_wconf 67' lang='lat' dir='ltr'>dispositis</span> <span class='ocrx_word' id='word_1_68' title='bbox 799 1192 913 1260; x_wconf 88' lang='lat' dir='ltr'><strong>ceteris</strong></span> <span class='ocrx_word' id='word_1_69' title='bbox 936 1194 1085 1262; x_wconf 90' lang='lat' dir='ltr'><strong>omnihus</strong></span> <span class='ocrx_word' id='word_1_70' title='bbox 1107 1206 1168 1263; x_wconf 90' lang='lat' dir='ltr'><strong>tes·</strong></span> 
     </span>
     <span class='ocr_line' id='line_1_10' title="bbox 61 1296 1168 1390; baseline 0.005 -28"><span class='ocrx_word' id='word_1_71' title='bbox 61 1296 174 1363; x_wconf 86' lang='lat' dir='ltr'><strong>seram&#39;</strong></span> <span class='ocrx_word' id='word_1_72' title='bbox 190 1298 256 1365; x_wconf 89' lang='lat' dir='ltr'><strong>dari</strong></span> <span class='ocrx_word' id='word_1_73' title='bbox 279 1300 377 1384; x_wconf 86' lang='lat' dir='ltr'><strong>iubet,</strong></span> <span class='ocrx_word' id='word_1_74' title='bbox 398 1300 454 1366; x_wconf 86' lang='lat' dir='ltr'><strong>ubi</strong></span> <span class='ocrx_word' id='word_1_75' title='bbox 470 1298 631 1367; x_wconf 83' lang='lat' dir='ltr'><strong>secundae</strong></span> <span class='ocrx_word' id='word_1_76' title='bbox 645 1299 768 1389; x_wconf 81' lang='lat' dir='ltr'><strong>vigiliae</strong></span> <span class='ocrx_word' id='word_1_77' title='bbox 785 1299 901 1366; x_wconf 83' lang='lat' dir='ltr'><strong>bucina</strong></span> <span class='ocrx_word' id='word_1_78' title='bbox 918 1298 1027 1366; x_wconf 93' lang='lat' dir='ltr'><strong>datum</strong></span> <span class='ocrx_word' id='word_1_79' title='bbox 1042 1305 1168 1390; x_wconf 80' lang='lat' dir='ltr'><strong>signum</strong></span> 
     </span>
     <span class='ocr_line' id='line_1_11' title="bbox 61 1394 1216 1494; baseline -0.001 -26"><span class='ocrx_word' id='word_1_80' title='bbox 61 1413 163 1485; x_wconf 81' lang='lat' dir='ltr'><strong>esset,</strong></span> <span class='ocrx_word' id='word_1_81' title='bbox 193 1406 304 1472; x_wconf 85' lang='lat' dir='ltr'><strong>armati</strong></span> <span class='ocrx_word' id='word_1_82' title='bbox 326 1430 402 1472; x_wconf 88' lang='lat' dir='ltr'><strong>eum</strong></span> <span class='ocrx_word' id='word_1_83' title='bbox 424 1405 549 1472; x_wconf 87' lang='lat' dir='ltr'><strong>silentio</strong></span> <span class='ocrx_word' id='word_1_84' title='bbox 572 1404 612 1471; x_wconf 90' lang='lat' dir='ltr'><strong>ad</strong></span> <span class='ocrx_word' id='word_1_85' title='bbox 640 1427 676 1471; x_wconf 91' lang='lat' dir='ltr'><strong>se</strong></span> <span class='ocrx_word' id='word_1_86' title='bbox 699 1394 915 1472; x_wconf 80' lang='lat' dir='ltr'><strong>convenirent.</strong></span> <span class='ocrx_word' id='word_1_87' title='bbox 953 1428 1019 1494; x_wconf 88' lang='lat' dir='ltr'><strong>quo</strong></span> <span class='ocrx_word' id='word_1_88' title='bbox 1044 1405 1100 1471; x_wconf 90' lang='lat' dir='ltr'><strong>ubi</strong></span> <span class='ocrx_word' id='word_1_89' title='bbox 1121 1405 1216 1473; x_wconf 83' lang='lat' dir='ltr'><strong>sicto</strong></span> 
     </span>
     <span class='ocr_line' id='line_1_12' title="bbox 60 1507 1169 1592; baseline 0.005 -20"><span class='ocrx_word' id='word_1_90' title='bbox 60 1517 99 1573; x_wconf 86' lang='lat' dir='ltr'><strong>ut</strong></span> <span class='ocrx_word' id='word_1_91' title='bbox 120 1507 262 1576; x_wconf 89' lang='lat' dir='ltr'><strong>edietum</strong></span> <span class='ocrx_word' id='word_1_92' title='bbox 285 1523 352 1578; x_wconf 88' lang='lat' dir='ltr'><strong>erat</strong></span> <span class='ocrx_word' id='word_1_93' title='bbox 374 1510 461 1578; x_wconf 85' lang='lat' dir='ltr'><strong>taciti</strong></span> <span class='ocrx_word' id='word_1_94' title='bbox 482 1521 709 1592; x_wconf 79' lang='lat' dir='ltr'><strong>convenerunt,</strong></span> <span class='ocrx_word' id='word_1_95' title='bbox 732 1509 819 1591; x_wconf 89' lang='lat' dir='ltr'><strong>„hoe</strong></span> <span class='ocrx_word' id='word_1_96' title='bbox 845 1509 1006 1575; x_wconf 89' lang='lat' dir='ltr'><strong>silentium</strong></span> <span class='ocrx_word' id='word_1_97' title='bbox 1027 1510 1169 1578; x_wconf 86' lang='lat' dir='ltr'><strong>milites“</strong></span> 
     </span>
     <span class='ocr_line' id='line_1_13' title="bbox 59 1611 1169 1704; baseline 0.005 -28"><span class='ocrx_word' id='word_1_98' title='bbox 59 1611 165 1704; x_wconf 84' lang='lat' dir='ltr'><strong>inquit</strong></span> <span class='ocrx_word' id='word_1_99' title='bbox 187 1617 330 1696; x_wconf 86' lang='lat' dir='ltr'><strong>„omisso</strong></span> <span class='ocrx_word' id='word_1_100' title='bbox 352 1615 479 1683; x_wconf 89' lang='lat' dir='ltr'><strong>militari</strong></span> <span class='ocrx_word' id='word_1_101' title='bbox 501 1616 638 1683; x_wconf 88' lang='lat' dir='ltr'><strong>adsensu</strong></span> <span class='ocrx_word' id='word_1_102' title='bbox 660 1615 693 1680; x_wconf 89' lang='lat' dir='ltr'><strong>in</strong></span> <span class='ocrx_word' id='word_1_103' title='bbox 713 1627 768 1680; x_wconf 83' lang='lat' dir='ltr'><strong>me</strong></span> <span class='ocrx_word' id='word_1_104' title='bbox 796 1615 954 1681; x_wconf 88' lang='lat' dir='ltr'><strong>audiendo</strong></span> <span class='ocrx_word' id='word_1_105' title='bbox 977 1615 1169 1681; x_wconf 89' lang='lat' dir='ltr'><strong>servandum</strong></span> 
     </span>
     <span class='ocr_line' id='line_1_14' title="bbox 58 1719 1168 1811; baseline 0.005 -29"><span class='ocrx_word' id='word_1_106' title='bbox 58 1727 127 1783; x_wconf 85' lang='lat' dir='ltr'><strong>est:</strong></span> <span class='ocrx_word' id='word_1_107' title='bbox 163 1719 217 1784; x_wconf 91' lang='lat' dir='ltr'><strong>ubi</strong></span> <span class='ocrx_word' id='word_1_108' title='bbox 240 1722 431 1788; x_wconf 80' lang='lat' dir='ltr'><strong>sententiam</strong></span> <span class='ocrx_word' id='word_1_109' title='bbox 453 1744 561 1788; x_wconf 86' lang='lat' dir='ltr'><strong>meam</strong></span> <span class='ocrx_word' id='word_1_110' title='bbox 582 1720 674 1788; x_wconf 89' lang='lat' dir='ltr'><strong>vobis</strong></span> <span class='ocrx_word' id='word_1_111' title='bbox 696 1743 865 1811; x_wconf 82' lang='lat' dir='ltr'><strong>peregero,</strong></span> <span class='ocrx_word' id='word_1_112' title='bbox 887 1728 958 1785; x_wconf 87' lang='lat' dir='ltr'><strong>tum</strong></span> <span class='ocrx_word' id='word_1_113' title='bbox 981 1719 1096 1808; x_wconf 91' lang='lat' dir='ltr'><strong>quibus</strong></span> <span class='ocrx_word' id='word_1_114' title='bbox 1119 1744 1168 1787; x_wconf 90' lang='lat' dir='ltr'><strong>ea·</strong></span> 
     </span>
     <span class='ocr_line' id='line_1_15' title="bbox 57 1822 1169 1916; baseline 0.002 -27"><span class='ocrx_word' id='word_1_115' title='bbox 57 1822 137 1890; x_wconf 87' lang='lat' dir='ltr'><strong>dem</strong></span> <span class='ocrx_word' id='word_1_116' title='bbox 158 1824 333 1914; x_wconf 82' lang='lat' dir='ltr'><strong>placebunt</strong></span> <span class='ocrx_word' id='word_1_117' title='bbox 359 1827 394 1892; x_wconf 91' lang='lat' dir='ltr'><strong>in</strong></span> <span class='ocrx_word' id='word_1_118' title='bbox 421 1826 567 1893; x_wconf 83' lang='lat' dir='ltr'><strong>dextram</strong></span> <span class='ocrx_word' id='word_1_119' title='bbox 594 1837 719 1916; x_wconf 90' lang='lat' dir='ltr'><strong>partem</strong></span> <span class='ocrx_word' id='word_1_120' title='bbox 747 1822 833 1892; x_wconf 87' lang='lat' dir='ltr'><strong>taciti</strong></span> <span class='ocrx_word' id='word_1_121' title='bbox 861 1823 1047 1890; x_wconf 83' lang='lat' dir='ltr'><strong>transibitis:</strong></span> <span class='ocrx_word' id='word_1_122' title='bbox 1085 1849 1169 1916; x_wconf 87' lang='lat' dir='ltr'><strong>quae</strong></span> 
     </span>
    </p>
   </div>
   <div class='ocr_carea' id='block_1_3' title="bbox 73 2042 1168 2122">
    <p class='ocr_par' dir='ltr' id='par_1_4' title="bbox 73 2042 1168 2122">
     <span class='ocr_line' id='line_1_16' title="bbox 73 2042 1168 2122; baseline 0.001 -23"><span class='ocrx_word' id='word_1_123' title='bbox 73 2043 103 2102; x_wconf 81' lang='grc'><strong>3.</strong></span> <span class='ocrx_word' id='word_1_124' title='bbox 132 2053 161 2100; x_wconf 76' lang='lat' dir='ltr'><strong>ei</strong></span> <span class='ocrx_word' id='word_1_125' title='bbox 184 2045 256 2101; x_wconf 83' lang='lat' dir='ltr'><strong>dum</strong></span> <span class='ocrx_word' id='word_1_126' title='bbox 274 2048 350 2103; x_wconf 79' lang='lat' dir='ltr'><strong>lucis</strong></span> <span class='ocrx_word' id='word_1_127' title='bbox 373 2047 458 2118; x_wconf 67' lang='lat' dir='ltr'><strong>aliud</strong></span> <span class='ocrx_word' id='word_1_128' title='bbox 480 2065 581 2122; x_wconf 82' lang='lat' dir='ltr'><strong>super·</strong></span> <span class='ocrx_word' id='word_1_129' title='bbox 724 2054 810 2100; x_wconf 80' lang='lat' dir='ltr'><strong>eastra</strong></span> <span class='ocrx_word' id='word_1_130' title='bbox 829 2043 863 2099; x_wconf 91' lang='lat' dir='ltr'><strong>ab</strong></span> <span class='ocrx_word' id='word_1_131' title='bbox 881 2042 961 2099; x_wconf 88' lang='lat' dir='ltr'><strong>Livio</strong></span> <span class='ocrx_word' id='word_1_132' title='bbox 980 2043 1090 2100; x_wconf 83' lang='lat' dir='ltr'><strong>consule</strong></span> <span class='ocrx_word' id='word_1_133' title='bbox 1107 2043 1168 2100; x_wconf 83' lang='lat' dir='ltr'><strong>datu</strong></span> 
     </span>
    </p>
   </div>
   <div class='ocr_carea' id='block_1_4' title="bbox 97 2133 581 3172">
    <p class='ocr_par' dir='ltr' id='par_1_5' title="bbox 97 2133 581 3172">
     <span class='ocr_line' id='line_1_17' title="bbox 132 2133 581 2207; baseline 0.004 -19"><span class='ocrx_word' id='word_1_134' title='bbox 132 2140 193 2190; x_wconf 81' lang='lat' dir='ltr'><strong>est:</strong></span> <span class='ocrx_word' id='word_1_135' title='bbox 211 2133 343 2194; x_wconf 81' lang='lat' dir='ltr'><strong>MLovel.</strong></span> <span class='ocrx_word' id='word_1_136' title='bbox 357 2137 398 2207; x_wconf 74' lang='grc'><strong>4.]</strong></span> <span class='ocrx_word' id='word_1_137' title='bbox 416 2146 447 2191; x_wconf 85' lang='lat' dir='ltr'><strong>ut</strong></span> <span class='ocrx_word' id='word_1_138' title='bbox 464 2135 527 2192; x_wconf 88' lang='lat' dir='ltr'><strong>dum</strong></span> <span class='ocrx_word' id='word_1_139' title='bbox 540 2133 581 2190; x_wconf 89' lang='lat' dir='ltr'><strong>lu·</strong></span> 
     </span>
     <span class='ocr_line' id='line_1_18' title="bbox 133 2216 580 2300; baseline 0.025 -33"><span class='ocrx_word' id='word_1_140' title='bbox 133 2216 174 2270; x_wconf 85' lang='lat' dir='ltr'><strong>eis</strong></span> <span class='ocrx_word' id='word_1_141' title='bbox 190 2219 291 2292; x_wconf 78' lang='lat' dir='ltr'><strong>aliquid</strong></span> <span class='ocrx_word' id='word_1_142' title='bbox 303 2232 426 2300; x_wconf 86' lang='lat' dir='ltr'><strong>superest</strong></span> <span class='ocrx_word' id='word_1_143' title='bbox 436 2222 498 2291; x_wconf 87' lang='lat' dir='ltr'><strong>(P).</strong></span> <span class='ocrx_word' id='word_1_144' title='bbox 516 2221 580 2278; x_wconf 87' lang='lat' dir='ltr'><strong>Par·</strong></span> 
     </span>
     <span class='ocr_line' id='line_1_19' title="bbox 133 2302 579 2386; baseline 0.009 -26"><span class='ocrx_word' id='word_1_145' title='bbox 133 2302 230 2360; x_wconf 72' lang='lat' dir='ltr'><strong>riculae</strong></span> <span class='ocrx_word' id='word_1_146' title='bbox 250 2315 279 2360; x_wconf 78' lang='lat' dir='ltr'><strong>et</strong></span> <span class='ocrx_word' id='word_1_147' title='bbox 297 2317 361 2363; x_wconf 76' lang='lat' dir='ltr'><strong>rata</strong></span> <span class='ocrx_word' id='word_1_148' title='bbox 383 2309 501 2365; x_wconf 84' lang='lat' dir='ltr'><strong>librariis</strong></span> <span class='ocrx_word' id='word_1_149' title='bbox 519 2330 579 2386; x_wconf 90' lang='lat' dir='ltr'><strong>per·</strong></span> 
     </span>
     <span class='ocr_line' id='line_1_20' title="bbox 97 2389 580 2468; baseline 0.008 -22"><span class='ocrx_word' id='word_1_150' title='bbox 97 2389 103 2397; x_wconf 83' lang='lat'><em>&#39;</em></span> <span class='ocrx_word' id='word_1_151' title='bbox 133 2410 215 2468; x_wconf 83' lang='lat' dir='ltr'><strong>saepe</strong></span> <span class='ocrx_word' id='word_1_152' title='bbox 233 2394 303 2449; x_wconf 90' lang='lat' dir='ltr'><strong>iuter</strong></span> <span class='ocrx_word' id='word_1_153' title='bbox 325 2415 355 2450; x_wconf 84' lang='lat' dir='ltr'><strong>se</strong></span> <span class='ocrx_word' id='word_1_154' title='bbox 377 2395 502 2452; x_wconf 80' lang='lat' dir='ltr'><strong>censuras</strong></span> <span class='ocrx_word' id='word_1_155' title='bbox 520 2416 580 2450; x_wconf 88' lang='lat' dir='ltr'><strong>esse</strong></span> 
     </span>
     <span class='ocr_line' id='line_1_21' title="bbox 132 2484 580 2559; baseline 0.011 -24"><span class='ocrx_word' id='word_1_156' title='bbox 132 2488 227 2535; x_wconf 87' lang='lat' dir='ltr'><strong>notum</strong></span> <span class='ocrx_word' id='word_1_157' title='bbox 245 2491 298 2538; x_wconf 85' lang='lat' dir='ltr'><strong>est:</strong></span> <span class='ocrx_word' id='word_1_158' title='bbox 327 2504 408 2559; x_wconf 84' lang='lat' dir='ltr'><strong>quare</strong></span> <span class='ocrx_word' id='word_1_159' title='bbox 429 2504 484 2540; x_wconf 87' lang='lat' dir='ltr'><strong>non</strong></span> <span class='ocrx_word' id='word_1_160' title='bbox 503 2484 580 2539; x_wconf 90' lang='lat' dir='ltr'><strong>dubi·</strong></span> 
     </span>
     <span class='ocr_line' id='line_1_22' title="bbox 131 2569 580 2648; baseline 0.009 -26"><span class='ocrx_word' id='word_1_161' title='bbox 131 2569 247 2624; x_wconf 74' lang='lat' dir='ltr'><strong>tavimus</strong></span> <span class='ocrx_word' id='word_1_162' title='bbox 261 2579 289 2624; x_wconf 83' lang='lat' dir='ltr'><strong>et</strong></span> <span class='ocrx_word' id='word_1_163' title='bbox 300 2573 430 2646; x_wconf 81' lang='lat' dir='ltr'><strong>recipere,</strong></span> <span class='ocrx_word' id='word_1_164' title='bbox 449 2593 500 2648; x_wconf 85' lang='lat' dir='ltr'><strong>qua</strong></span> <span class='ocrx_word' id='word_1_165' title='bbox 513 2591 580 2628; x_wconf 84' lang='lat' dir='ltr'><strong>voce</strong></span> 
     </span>
     <span class='ocr_line' id='line_1_23' title="bbox 132 2656 579 2736; baseline 0.011 -28"><span class='ocrx_word' id='word_1_166' title='bbox 132 2658 220 2711; x_wconf 82' lang='lat' dir='ltr'><strong>oratio</strong></span> <span class='ocrx_word' id='word_1_167' title='bbox 233 2656 316 2712; x_wconf 83' lang='lat' dir='ltr'><strong>multo</strong></span> <span class='ocrx_word' id='word_1_168' title='bbox 330 2657 426 2714; x_wconf 82' lang='lat' dir='ltr'><strong>fortior</strong></span> <span class='ocrx_word' id='word_1_169' title='bbox 435 2659 490 2727; x_wconf 87' lang='lat' dir='ltr'><strong>fiat,</strong></span> <span class='ocrx_word' id='word_1_170' title='bbox 503 2679 579 2736; x_wconf 88' lang='lat' dir='ltr'><strong>prae·</strong></span> 
     </span>
     <span class='ocr_line' id='line_1_24' title="bbox 131 2743 579 2820; baseline 0.011 -24"><span class='ocrx_word' id='word_1_171' title='bbox 131 2743 226 2798; x_wconf 77' lang='lat' dir='ltr'><strong>sertim</strong></span> <span class='ocrx_word' id='word_1_172' title='bbox 245 2765 305 2800; x_wconf 88' lang='lat' dir='ltr'><strong>euru</strong></span> <span class='ocrx_word' id='word_1_173' title='bbox 324 2746 395 2820; x_wconf 86' lang='lat' dir='ltr'><strong>apud</strong></span> <span class='ocrx_word' id='word_1_174' title='bbox 413 2745 521 2802; x_wconf 86' lang='lat' dir='ltr'><strong>Livium</strong></span> <span class='ocrx_word' id='word_1_175' title='bbox 539 2748 579 2801; x_wconf 90' lang='lat' dir='ltr'><strong>ni·</strong></span> 
     </span>
     <span class='ocr_line' id='line_1_25' title="bbox 131 2824 580 2909; baseline 0.02 -29"><span class='ocrx_word' id='word_1_176' title='bbox 131 2824 580 2909; x_wconf 72' lang='lat' dir='ltr'><strong>hilfrequentiusreperiaturquam</strong></span> 
     </span>
     <span class='ocr_line' id='line_1_26' title="bbox 132 2913 581 2991; baseline 0.013 -22"><span class='ocrx_word' id='word_1_177' title='bbox 132 2913 187 2970; x_wconf 89' lang='lat' dir='ltr'><strong>duo</strong></span> <span class='ocrx_word' id='word_1_178' title='bbox 213 2918 365 2991; x_wconf 84' lang='lat' dir='ltr'><strong>imperativi</strong></span> <span class='ocrx_word' id='word_1_179' title='bbox 393 2922 581 2976; x_wconf 86' lang='lat' dir='ltr'><strong>coniunctione</strong></span> 
     </span>
     <span class='ocr_line' id='line_1_27' title="bbox 133 2993 579 3074; baseline 0.011 -16"><span class='ocrx_word' id='word_1_180' title='bbox 133 3012 163 3058; x_wconf 79' lang='lat' dir='ltr'><strong>et</strong></span> <span class='ocrx_word' id='word_1_181' title='bbox 180 2993 309 3074; x_wconf 80' lang='lat' dir='ltr'><strong>euuuexi,</strong></span> <span class='ocrx_word' id='word_1_182' title='bbox 336 3008 411 3062; x_wconf 88' lang='lat' dir='ltr'><strong>euius</strong></span> <span class='ocrx_word' id='word_1_183' title='bbox 433 3008 521 3063; x_wconf 86' lang='lat' dir='ltr'><strong>simile</strong></span> <span class='ocrx_word' id='word_1_184' title='bbox 540 3007 579 3063; x_wconf 90' lang='lat' dir='ltr'><strong>di·</strong></span> 
     </span>
     <span class='ocr_line' id='line_1_28' title="bbox 133 3091 580 3172; baseline 0.011 -26"><span class='ocrx_word' id='word_1_185' title='bbox 133 3091 214 3147; x_wconf 85' lang='lat' dir='ltr'><strong>cendi</strong></span> <span class='ocrx_word' id='word_1_186' title='bbox 238 3111 374 3166; x_wconf 80' lang='lat' dir='ltr'><strong>genusne</strong></span> <span class='ocrx_word' id='word_1_187' title='bbox 396 3094 448 3151; x_wconf 85' lang='lat' dir='ltr'><strong>hue</strong></span> <span class='ocrx_word' id='word_1_188' title='bbox 471 3095 580 3172; x_wconf 90' lang='lat' dir='ltr'><strong>quidem</strong></span> 
     </span>
    </p>
   </div>
   <div class='ocr_carea' id='block_1_5' title="bbox 132 3175 641 3256">
    <p class='ocr_par' dir='ltr' id='par_1_6' title="bbox 132 3175 641 3256">
     <span class='ocr_line' id='line_1_29' title="bbox 132 3175 641 3256; baseline 0.012 -24"><span class='ocrx_word' id='word_1_189' title='bbox 132 3175 195 3233; x_wconf 84' lang='lat' dir='ltr'><strong>locu</strong></span> <span class='ocrx_word' id='word_1_190' title='bbox 213 3183 480 3256; x_wconf 82' lang='lat' dir='ltr'><strong>praetermittendum</strong></span> <span class='ocrx_word' id='word_1_191' title='bbox 504 3182 579 3239; x_wconf 87' lang='lat' dir='ltr'><strong>vide·</strong></span> <span class='ocrx_word' id='word_1_192' title='bbox 636 3200 641 3209; x_wconf 65' lang='lat'>¹</span> 
     </span>
    </p>
   </div>
   <div class='ocr_carea' id='block_1_6' title="bbox 130 3263 580 3499">
    <p class='ocr_par' dir='ltr' id='par_1_7' title="bbox 130 3263 580 3499">
     <span class='ocr_line' id='line_1_30' title="bbox 130 3263 580 3347; baseline 0.011 -28"><span class='ocrx_word' id='word_1_193' title='bbox 130 3263 220 3324; x_wconf 85' lang='lat' dir='ltr'><strong>batur.</strong></span> <span class='ocrx_word' id='word_1_194' title='bbox 242 3298 274 3308; x_wconf 91' lang='lat'>—</span> <span class='ocrx_word' id='word_1_195' title='bbox 299 3267 335 3325; x_wconf 82' lang='lat' dir='ltr'><strong>P:</strong></span> <span class='ocrx_word' id='word_1_196' title='bbox 354 3291 404 3347; x_wconf 85' lang='lat' dir='ltr'><strong>qua</strong></span> <span class='ocrx_word' id='word_1_197' title='bbox 423 3280 514 3347; x_wconf 80' lang='lat' dir='ltr'><strong>puteat</strong></span> <span class='ocrx_word' id='word_1_198' title='bbox 532 3269 580 3325; x_wconf 84' lang='lat' dir='ltr'><strong>hic</strong></span> 
     </span>
     <span class='ocr_line' id='line_1_31' title="bbox 132 3354 579 3433; baseline 0.004 -22"><span class='ocrx_word' id='word_1_199' title='bbox 132 3354 229 3413; x_wconf 79' lang='lat' dir='ltr'><strong>exitus.</strong></span> <span class='ocrx_word' id='word_1_200' title='bbox 248 3354 286 3412; x_wconf 79' lang='lat' dir='ltr'><strong>tl:</strong></span> <span class='ocrx_word' id='word_1_201' title='bbox 302 3360 364 3433; x_wconf 94' lang='lat' dir='ltr'><strong>quia</strong></span> <span class='ocrx_word' id='word_1_202' title='bbox 376 3366 466 3433; x_wconf 87' lang='lat' dir='ltr'><strong>pateat</strong></span> <span class='ocrx_word' id='word_1_203' title='bbox 478 3358 522 3413; x_wconf 91' lang='lat' dir='ltr'><strong>hic</strong></span> <span class='ocrx_word' id='word_1_204' title='bbox 535 3378 579 3413; x_wconf 84' lang='lat' dir='ltr'><strong>ex-</strong></span> 
     </span>
     <span class='ocr_line' id='line_1_32' title="bbox 130 3441 240 3499; baseline 0.045 -6"><span class='ocrx_word' id='word_1_205' title='bbox 130 3441 240 3499; x_wconf 83' lang='lat' dir='ltr'><strong>ercitus.</strong></span> 
     </span>
    </p>
   </div>
   <div class='ocr_carea' id='block_1_7' title="bbox 721 2132 1213 2903">
    <p class='ocr_par' dir='ltr' id='par_1_8' title="bbox 721 2132 1213 2903">
     <span class='ocr_line' id='line_1_33' title="bbox 723 2132 1169 2189; baseline 0.004 -2"><span class='ocrx_word' id='word_1_206' title='bbox 723 2141 782 2187; x_wconf 89' lang='lat' dir='ltr'><strong>erat</strong></span> <span class='ocrx_word' id='word_1_207' title='bbox 817 2140 847 2186; x_wconf 88' lang='lat' dir='ltr'><strong>ut</strong></span> <span class='ocrx_word' id='word_1_208' title='bbox 876 2132 1000 2187; x_wconf 83' lang='lat' dir='ltr'><strong>tribunus</strong></span> <span class='ocrx_word' id='word_1_209' title='bbox 1032 2133 1169 2189; x_wconf 87' lang='lat' dir='ltr'><strong>tribunum</strong></span> 
     </span>
     <span class='ocr_line' id='line_1_34' title="bbox 723 2221 1213 2295; baseline -0.002 -19"><span class='ocrx_word' id='word_1_210' title='bbox 723 2221 846 2276; x_wconf 81' lang='lat' dir='ltr'><strong>centurio</strong></span> <span class='ocrx_word' id='word_1_211' title='bbox 876 2222 1060 2275; x_wconf 77' lang='lat' dir='ltr'><strong>centurionem</strong></span> <span class='ocrx_word' id='word_1_212' title='bbox 1087 2239 1168 2295; x_wconf 83' lang='lat' dir='ltr'><strong>eques</strong></span> <span class='ocrx_word' id='word_1_213' title='bbox 1209 2246 1213 2261; x_wconf 85' lang='lat'>·</span> 
     </span>
     <span class='ocr_line' id='line_1_35' title="bbox 723 2306 1168 2382; baseline 0.007 -22"><span class='ocrx_word' id='word_1_214' title='bbox 723 2308 840 2382; x_wconf 84' lang='lat' dir='ltr'><strong>equitem</strong></span> <span class='ocrx_word' id='word_1_215' title='bbox 858 2306 942 2382; x_wconf 88' lang='lat' dir='ltr'><strong>pedes</strong></span> <span class='ocrx_word' id='word_1_216' title='bbox 960 2307 1079 2382; x_wconf 81' lang='lat' dir='ltr'><strong>peditem</strong></span> <span class='ocrx_word' id='word_1_217' title='bbox 1100 2308 1168 2363; x_wconf 85' lang='lat' dir='ltr'><strong>acei-</strong></span> 
     </span>
     <span class='ocr_line' id='line_1_36' title="bbox 721 2395 1169 2472; baseline 0.004 -24"><span class='ocrx_word' id='word_1_218' title='bbox 721 2403 806 2472; x_wconf 87' lang='lat' dir='ltr'><strong>peret.</strong></span> <span class='ocrx_word' id='word_1_219' title='bbox 834 2395 884 2462; x_wconf 69' lang='lat'><strong>28,</strong></span> <span class='ocrx_word' id='word_1_220' title='bbox 903 2395 959 2452; x_wconf 66' lang='lat'><strong>14:</strong></span> <span class='ocrx_word' id='word_1_221' title='bbox 978 2403 1106 2451; x_wconf 79' lang='lat' dir='ltr'><strong>tesseram</strong></span> <span class='ocrx_word' id='word_1_222' title='bbox 1124 2415 1169 2452; x_wconf 85' lang='lat' dir='ltr'><strong>ve·</strong></span> 
     </span>
     <span class='ocr_line' id='line_1_37' title="bbox 722 2482 1170 2559; baseline 0.004 -23"><span class='ocrx_word' id='word_1_223' title='bbox 722 2484 795 2559; x_wconf 88' lang='lat' dir='ltr'><strong>speri</strong></span> <span class='ocrx_word' id='word_1_224' title='bbox 813 2502 863 2558; x_wconf 85' lang='lat' dir='ltr'><strong>per·</strong></span> <span class='ocrx_word' id='word_1_225' title='bbox 880 2491 966 2537; x_wconf 76' lang='lat' dir='ltr'><strong>caetra</strong></span> <span class='ocrx_word' id='word_1_226' title='bbox 980 2482 1055 2538; x_wconf 84' lang='lat' dir='ltr'><strong>dedit</strong></span> <span class='ocrx_word' id='word_1_227' title='bbox 1066 2491 1097 2538; x_wconf 89' lang='lat' dir='ltr'><strong>ut</strong></span> <span class='ocrx_word' id='word_1_228' title='bbox 1109 2491 1170 2538; x_wconf 83' lang='lat' dir='ltr'><strong>antu</strong></span> 
     </span>
     <span class='ocr_line' id='line_1_38' title="bbox 721 2559 1170 2645; baseline 0 -21"><span class='ocrx_word' id='word_1_229' title='bbox 721 2568 810 2626; x_wconf 88' lang='lat' dir='ltr'><strong>lucem</strong></span> <span class='ocrx_word' id='word_1_230' title='bbox 828 2571 879 2626; x_wconf 91' lang='lat' dir='ltr'><strong>viri</strong></span> <span class='ocrx_word' id='word_1_231' title='bbox 902 2571 1017 2645; x_wconf 84' lang='lat' dir='ltr'><strong>equique</strong></span> <span class='ocrx_word' id='word_1_232' title='bbox 1040 2573 1125 2626; x_wconf 82' lang='lat' dir='ltr'><strong>curati</strong></span> <span class='ocrx_word' id='word_1_233' title='bbox 1143 2559 1170 2625; x_wconf 72' lang='lat' dir='ltr'><strong>et</strong></span> 
     </span>
     <span class='ocr_line' id='line_1_39' title="bbox 722 2659 1169 2735; baseline 0.002 -24"><span class='ocrx_word' id='word_1_234' title='bbox 722 2659 815 2732; x_wconf 85' lang='lat' dir='ltr'><strong>pransi</strong></span> <span class='ocrx_word' id='word_1_235' title='bbox 833 2666 932 2722; x_wconf 84' lang='lat' dir='ltr'><strong>essent,</strong></span> <span class='ocrx_word' id='word_1_236' title='bbox 953 2667 1069 2735; x_wconf 77' lang='lat' dir='ltr'><strong>armatus</strong></span> <span class='ocrx_word' id='word_1_237' title='bbox 1087 2676 1169 2734; x_wconf 87' lang='lat' dir='ltr'><strong>eques</strong></span> 
     </span>
     <span class='ocr_line' id='line_1_40' title="bbox 721 2744 1170 2818; baseline 0.007 -22"><span class='ocrx_word' id='word_1_238' title='bbox 721 2744 841 2797; x_wconf 76' lang='lat' dir='ltr'><strong>frenatos</strong></span> <span class='ocrx_word' id='word_1_239' title='bbox 865 2745 1046 2818; x_wconf 82' lang='lat' dir='ltr'><strong>instratosque</strong></span> <span class='ocrx_word' id='word_1_240' title='bbox 1067 2753 1170 2800; x_wconf 84' lang='lat' dir='ltr'><strong>teneret</strong></span> 
     </span>
     <span class='ocr_line' id='line_1_41' title="bbox 722 2827 867 2903; baseline 0.034 -21"><span class='ocrx_word' id='word_1_241' title='bbox 722 2848 815 2903; x_wconf 89' lang='lat' dir='ltr'><strong>equos.</strong></span> <span class='ocrx_word' id='word_1_242' title='bbox 834 2827 867 2886; x_wconf 89' lang='lat' dir='ltr'><strong>al.</strong></span> 
     </span>
    </p>
   </div>
   <div class='ocr_carea' id='block_1_8' title="bbox 669 2913 1169 2988">
    <p class='ocr_par' dir='ltr' id='par_1_9' title="bbox 669 2913 1169 2988">
     <span class='ocr_line' id='line_1_42' title="bbox 669 2913 1169 2988; baseline 0.006 -18"><span class='ocrx_word' id='word_1_243' title='bbox 669 2917 695 2970; x_wconf 82' lang='lat'><strong>9.</strong></span> <span class='ocrx_word' id='word_1_244' title='bbox 723 2916 844 2971; x_wconf 77' lang='lat' dir='ltr'><strong>bucina.-</strong></span> <span class='ocrx_word' id='word_1_245' title='bbox 862 2913 889 2969; x_wconf 81' lang='lat' dir='ltr'><strong><em>M</em></strong></span> <span class='ocrx_word' id='word_1_246' title='bbox 906 2933 942 2970; x_wconf 92' lang='lat' dir='ltr'><strong>m.</strong></span> <span class='ocrx_word' id='word_1_247' title='bbox 957 2914 1017 2973; x_wconf 78' lang='lat' dir='ltr'><strong>2.P</strong></span> <span class='ocrx_word' id='word_1_248' title='bbox 1035 2914 1086 2988; x_wconf 84' lang='lat' dir='ltr'><strong>al.]</strong></span> <span class='ocrx_word' id='word_1_249' title='bbox 1105 2917 1169 2973; x_wconf 85' lang='lat' dir='ltr'><strong>buc·</strong></span> 
     </span>
    </p>
   </div>
   <div class='ocr_carea' id='block_1_9' title="bbox 721 3000 1172 3423">
    <p class='ocr_par' dir='ltr' id='par_1_10' title="bbox 721 3000 1172 3423">
     <span class='ocr_line' id='line_1_43' title="bbox 723 3000 1169 3081; baseline 0.007 -24"><span class='ocrx_word' id='word_1_250' title='bbox 723 3002 791 3060; x_wconf 83' lang='lat' dir='ltr'><strong>eina.</strong></span> <span class='ocrx_word' id='word_1_251' title='bbox 810 3000 884 3058; x_wconf 84' lang='lat' dir='ltr'><strong>Haec</strong></span> <span class='ocrx_word' id='word_1_252' title='bbox 895 3022 949 3060; x_wconf 84' lang='lat' dir='ltr'><strong>vox</strong></span> <span class='ocrx_word' id='word_1_253' title='bbox 966 3004 993 3057; x_wconf 91' lang='lat' dir='ltr'><strong>in</strong></span> <span class='ocrx_word' id='word_1_254' title='bbox 1012 3006 1169 3081; x_wconf 87' lang='lat' dir='ltr'><strong>antiquiori·</strong></span> 
     </span>
     <span class='ocr_line' id='line_1_44' title="bbox 721 3089 1169 3148; baseline 0.004 -2"><span class='ocrx_word' id='word_1_255' title='bbox 721 3090 772 3147; x_wconf 85' lang='lat' dir='ltr'><strong>bus</strong></span> <span class='ocrx_word' id='word_1_256' title='bbox 791 3089 871 3148; x_wconf 81' lang='lat' dir='ltr'><strong>cedd.</strong></span> <span class='ocrx_word' id='word_1_257' title='bbox 890 3111 942 3146; x_wconf 88' lang='lat' dir='ltr'><strong>uua</strong></span> <span class='ocrx_word' id='word_1_258' title='bbox 960 3089 1048 3147; x_wconf 87' lang='lat' dir='ltr'><strong>littera</strong></span> <span class='ocrx_word' id='word_1_259' title='bbox 1066 3114 1083 3148; x_wconf 87' lang='lat' dir='ltr'><em>c</em></span> <span class='ocrx_word' id='word_1_260' title='bbox 1102 3094 1169 3148; x_wconf 84' lang='lat' dir='ltr'><strong>seri·</strong></span> 
     </span>
     <span class='ocr_line' id='line_1_45' title="bbox 722 3177 1172 3258; baseline 0.002 -23"><span class='ocrx_word' id='word_1_261' title='bbox 722 3189 768 3258; x_wconf 85' lang='lat' dir='ltr'><strong>pta</strong></span> <span class='ocrx_word' id='word_1_262' title='bbox 781 3177 885 3254; x_wconf 82' lang='lat' dir='ltr'><strong>legitur.</strong></span> <span class='ocrx_word' id='word_1_263' title='bbox 905 3178 939 3237; x_wconf 84' lang='lat' dir='ltr'><strong>es.</strong></span> <span class='ocrx_word' id='word_1_264' title='bbox 952 3200 993 3238; x_wconf 82' lang='lat' dir='ltr'><strong>ex.</strong></span> <span class='ocrx_word' id='word_1_265' title='bbox 1002 3199 1041 3255; x_wconf 82' lang='lat' dir='ltr'><strong>gr.</strong></span> <span class='ocrx_word' id='word_1_266' title='bbox 1054 3180 1096 3248; x_wconf 72' lang='lat'><strong>26,</strong></span> <span class='ocrx_word' id='word_1_267' title='bbox 1111 3181 1172 3238; x_wconf 71' lang='lat'>15.=</span> 
     </span>
     <span class='ocr_line' id='line_1_46' title="bbox 722 3265 1168 3336; baseline 0.009 -14"><span class='ocrx_word' id='word_1_268' title='bbox 722 3267 757 3322; x_wconf 81' lang='lat' dir='ltr'><strong>ad</strong></span> <span class='ocrx_word' id='word_1_269' title='bbox 792 3269 898 3322; x_wconf 84' lang='lat' dir='ltr'><strong>tertiam</strong></span> <span class='ocrx_word' id='word_1_270' title='bbox 935 3267 1060 3322; x_wconf 83' lang='lat' dir='ltr'><strong>bucinam</strong></span> <span class='ocrx_word' id='word_1_271' title='bbox 1094 3265 1168 3336; x_wconf 80' lang='lat' dir='ltr'><strong>(Put.</strong></span> 
     </span>
     <span class='ocr_line' id='line_1_47' title="bbox 723 3352 1169 3423; baseline 0 -15"><span class='ocrx_word' id='word_1_272' title='bbox 723 3353 803 3410; x_wconf 80' lang='lat' dir='ltr'><strong>colb.</strong></span> <span class='ocrx_word' id='word_1_273' title='bbox 820 3353 940 3423; x_wconf 84' lang='lat' dir='ltr'><strong>Bamb.).</strong></span> <span class='ocrx_word' id='word_1_274' title='bbox 969 3385 1003 3395; x_wconf 89' lang='lat'><em>-</em></span> <span class='ocrx_word' id='word_1_275' title='bbox 1030 3352 1109 3411; x_wconf 83' lang='lat' dir='ltr'><strong>Mur.</strong></span> <span class='ocrx_word' id='word_1_276' title='bbox 1130 3355 1169 3412; x_wconf 81' lang='lat'><strong>1.:</strong></span> 
     </span>
    </p>
   </div>
   <div class='ocr_carea' id='block_1_10' title="bbox 723 3440 828 3496">
    <p class='ocr_par' dir='ltr' id='par_1_11' title="bbox 723 3440 828 3496">
     <span class='ocr_line' id='line_1_48' title="bbox 723 3440 828 3496; baseline -0.019 0"><span class='ocrx_word' id='word_1_277' title='bbox 723 3440 828 3496; x_wconf 68' lang='lat' dir='ltr'><strong>bucini.</strong></span> 
     </span>
    </p>
   </div>
   <div class='ocr_carea' id='block_1_11' title="bbox 70 3525 1168 3604">
    <p class='ocr_par' dir='ltr' id='par_1_12' title="bbox 70 3525 1168 3604">
     <span class='ocr_line' id='line_1_49' title="bbox 70 3525 1168 3604; baseline -0.002 -19"><span class='ocrx_word' id='word_1_278' title='bbox 70 3530 101 3586; x_wconf 86' lang='lat'><strong>8.</strong></span> <span class='ocrx_word' id='word_1_279' title='bbox 132 3535 280 3584; x_wconf 73' lang='lat' dir='ltr'><strong>tesseram</strong></span> <span class='ocrx_word' id='word_1_280' title='bbox 310 3531 381 3585; x_wconf 80' lang='lat' dir='ltr'><strong>clari</strong></span> <span class='ocrx_word' id='word_1_281' title='bbox 408 3533 501 3588; x_wconf 76' lang='lat' dir='ltr'><strong>iubet:</strong></span> <span class='ocrx_word' id='word_1_282' title='bbox 531 3529 581 3586; x_wconf 81' lang='lat' dir='ltr'><strong>PM</strong></span> <span class='ocrx_word' id='word_1_283' title='bbox 653 3528 696 3586; x_wconf 87' lang='lat'><strong>10.</strong></span> <span class='ocrx_word' id='word_1_284' title='bbox 725 3532 784 3604; x_wconf 76' lang='lat' dir='ltr'><strong>qua</strong></span> <span class='ocrx_word' id='word_1_285' title='bbox 804 3528 854 3583; x_wconf 78' lang='lat' dir='ltr'><strong>ubi</strong></span> <span class='ocrx_word' id='word_1_286' title='bbox 866 3527 910 3582; x_wconf 82' lang='lat' dir='ltr'><strong>sic</strong></span> <span class='ocrx_word' id='word_1_287' title='bbox 922 3534 954 3581; x_wconf 81' lang='lat' dir='ltr'><strong>ut</strong></span> <span class='ocrx_word' id='word_1_288' title='bbox 965 3525 1168 3583; x_wconf 66' lang='lat' dir='ltr'><strong>edicturum</strong></span> 
     </span>
    </p>
   </div>
   <div class='ocr_carea' id='block_1_12' title="bbox 132 3615 579 4213">
    <p class='ocr_par' dir='ltr' id='par_1_13' title="bbox 132 3615 579 4213">
     <span class='ocr_line' id='line_1_50' title="bbox 132 3615 579 3684; baseline 0.004 -13"><span class='ocrx_word' id='word_1_289' title='bbox 132 3615 191 3674; x_wconf 85' lang='lat' dir='ltr'><strong>rell.</strong></span> <span class='ocrx_word' id='word_1_290' title='bbox 210 3615 254 3675; x_wconf 84' lang='lat' dir='ltr'><strong>Cf.</strong></span> <span class='ocrx_word' id='word_1_291' title='bbox 265 3621 291 3684; x_wconf 83' lang='lat'><strong>7,</strong></span> <span class='ocrx_word' id='word_1_292' title='bbox 301 3620 344 3675; x_wconf 78' lang='lat'><strong>36.</strong></span> <span class='ocrx_word' id='word_1_293' title='bbox 354 3639 360 3672; x_wconf 93' lang='lat'><strong>:</strong></span> <span class='ocrx_word' id='word_1_294' title='bbox 371 3629 397 3674; x_wconf 87' lang='lat' dir='ltr'><strong>et</strong></span> <span class='ocrx_word' id='word_1_295' title='bbox 405 3628 505 3674; x_wconf 85' lang='lat' dir='ltr'><strong>tessera</strong></span> <span class='ocrx_word' id='word_1_296' title='bbox 519 3619 579 3673; x_wconf 85' lang='lat' dir='ltr'><strong>data</strong></span> 
     </span>
     <span class='ocr_line' id='line_1_51' title="bbox 133 3701 579 3781; baseline 0.011 -26"><span class='ocrx_word' id='word_1_297' title='bbox 133 3701 281 3760; x_wconf 75' lang='lat' dir='ltr'><strong>incolumes</strong></span> <span class='ocrx_word' id='word_1_298' title='bbox 292 3708 390 3760; x_wconf 89' lang='lat' dir='ltr'><strong>reverti</strong></span> <span class='ocrx_word' id='word_1_299' title='bbox 404 3707 449 3781; x_wconf 90' lang='lat' dir='ltr'><strong>qui</strong></span> <span class='ocrx_word' id='word_1_300' title='bbox 461 3725 510 3760; x_wconf 88' lang='lat' dir='ltr'><strong>sua</strong></span> <span class='ocrx_word' id='word_1_301' title='bbox 521 3725 579 3760; x_wconf 89' lang='lat' dir='ltr'><strong>cor·</strong></span> 
     </span>
     <span class='ocr_line' id='line_1_52' title="bbox 132 3791 578 3868; baseline 0.018 -26"><span class='ocrx_word' id='word_1_302' title='bbox 132 3807 201 3865; x_wconf 82' lang='lat' dir='ltr'><strong>pura</strong></span> <span class='ocrx_word' id='word_1_303' title='bbox 220 3820 252 3836; x_wconf 47' lang='lat' dir='ltr'><strong>a·</strong></span> <span class='ocrx_word' id='word_1_304' title='bbox 270 3791 391 3868; x_wconf 83' lang='lat' dir='ltr'><strong>periculo</strong></span> <span class='ocrx_word' id='word_1_305' title='bbox 408 3793 578 3851; x_wconf 82' lang='lat' dir='ltr'><strong>obiecissent.</strong></span> 
     </span>
     <span class='ocr_line' id='line_1_53' title="bbox 134 3877 579 3954; baseline 0.009 -24"><span class='ocrx_word' id='word_1_306' title='bbox 134 3877 166 3944; x_wconf 83' lang='lat'><strong>9,</strong></span> <span class='ocrx_word' id='word_1_307' title='bbox 196 3878 255 3933; x_wconf 64' lang='lat'><strong>32:</strong></span> <span class='ocrx_word' id='word_1_308' title='bbox 288 3878 420 3954; x_wconf 82' lang='lat' dir='ltr'><strong>extemplo</strong></span> <span class='ocrx_word' id='word_1_309' title='bbox 452 3891 579 3934; x_wconf 88' lang='lat' dir='ltr'><strong>tesseram</strong></span> 
     </span>
     <span class='ocr_line' id='line_1_54' title="bbox 134 3961 579 4036; baseline 0.004 -18"><span class='ocrx_word' id='word_1_310' title='bbox 134 3963 194 4018; x_wconf 88' lang='lat' dir='ltr'><strong>dari</strong></span> <span class='ocrx_word' id='word_1_311' title='bbox 212 3961 287 4019; x_wconf 90' lang='lat' dir='ltr'><strong>iubet</strong></span> <span class='ocrx_word' id='word_1_312' title='bbox 304 3972 334 4017; x_wconf 94' lang='lat' dir='ltr'><strong>ut</strong></span> <span class='ocrx_word' id='word_1_313' title='bbox 352 3963 480 4036; x_wconf 85' lang='lat' dir='ltr'><strong>prandeat</strong></span> <span class='ocrx_word' id='word_1_314' title='bbox 502 3964 579 4020; x_wconf 85' lang='lat' dir='ltr'><strong>miles</strong></span> 
     </span>
     <span class='ocr_line' id='line_1_55' title="bbox 132 4050 578 4126; baseline 0.007 -22"><span class='ocrx_word' id='word_1_315' title='bbox 132 4050 299 4126; x_wconf 81' lang='lat' dir='ltr'><strong>firmatisque</strong></span> <span class='ocrx_word' id='word_1_316' title='bbox 318 4050 494 4108; x_wconf 65' lang='lat' dir='ltr'><strong>eibu&#39;viribus</strong></span> <span class='ocrx_word' id='word_1_317' title='bbox 506 4072 578 4107; x_wconf 91' lang='lat' dir='ltr'><strong>arma</strong></span> 
     </span>
     <span class='ocr_line' id='line_1_56' title="bbox 134 4139 579 4213; baseline 0.002 -21"><span class='ocrx_word' id='word_1_318' title='bbox 134 4139 229 4213; x_wconf 85' lang='lat' dir='ltr'><strong>capiat.</strong></span> <span class='ocrx_word' id='word_1_319' title='bbox 265 4139 315 4206; x_wconf 74' lang='lat'><strong>27,</strong></span> <span class='ocrx_word' id='word_1_320' title='bbox 332 4141 389 4195; x_wconf 66' lang='lat' dir='ltr'><strong>dd:</strong></span> <span class='ocrx_word' id='word_1_321' title='bbox 410 4149 511 4194; x_wconf 83' lang='lat' dir='ltr'><strong>tessera</strong></span> <span class='ocrx_word' id='word_1_322' title='bbox 530 4159 579 4213; x_wconf 90' lang='lat' dir='ltr'><strong>per</strong></span> 
     </span>
    </p>
   </div>
   <div class='ocr_carea' id='block_1_13' title="bbox 721 3613 1259 3697">
    <p class='ocr_par' dir='ltr' id='par_1_14' title="bbox 721 3613 1259 3697">
     <span class='ocr_line' id='line_1_57' title="bbox 721 3613 1259 3697; baseline -0.009 -27"><span class='ocrx_word' id='word_1_323' title='bbox 721 3616 805 3671; x_wconf 81' lang='lat' dir='ltr'><strong>taciti</strong></span> <span class='ocrx_word' id='word_1_324' title='bbox 821 3624 1035 3670; x_wconf 81' lang='lat' dir='ltr'><strong>corruenerunt:</strong></span> <span class='ocrx_word' id='word_1_325' title='bbox 1050 3613 1110 3674; x_wconf 77' lang='grc' dir='ltr'><strong>ΡΜ.</strong></span> <span class='ocrx_word' id='word_1_326' title='bbox 1132 3644 1166 3657; x_wconf 89' lang='grc'>-</span> <span class='ocrx_word' id='word_1_327' title='bbox 1256 3682 1259 3697; x_wconf 45' lang='grc' dir='ltr'>Ι</span> 
     </span>
    </p>
   </div>
   <div class='ocr_carea' id='block_1_14' title="bbox 720 3700 1165 3850">
    <p class='ocr_par' dir='ltr' id='par_1_15' title="bbox 720 3700 1165 3850">
     <span class='ocr_line' id='line_1_58' title="bbox 722 3700 1165 3760; baseline 0 -4"><span class='ocrx_word' id='word_1_328' title='bbox 722 3700 799 3760; x_wconf 88' lang='lat' dir='ltr'><strong>Leid.</strong></span> <span class='ocrx_word' id='word_1_329' title='bbox 819 3721 837 3759; x_wconf 86' lang='lat'><strong>1.</strong></span> <span class='ocrx_word' id='word_1_330' title='bbox 855 3704 936 3758; x_wconf 84' lang='lat' dir='ltr'><strong>tacite</strong></span> <span class='ocrx_word' id='word_1_331' title='bbox 954 3723 1111 3759; x_wconf 87' lang='lat' dir='ltr'><strong>conuenere.</strong></span> <span class='ocrx_word' id='word_1_332' title='bbox 1129 3729 1165 3742; x_wconf 92' lang='lat'><strong>—-</strong></span> 
     </span>
     <span class='ocr_line' id='line_1_59' title="bbox 720 3783 1164 3850; baseline -0.007 -4"><span class='ocrx_word' id='word_1_333' title='bbox 720 3788 798 3846; x_wconf 86' lang='lat' dir='ltr'><strong>Leid.</strong></span> <span class='ocrx_word' id='word_1_334' title='bbox 810 3809 827 3847; x_wconf 87' lang='lat'><strong>1.</strong></span> <span class='ocrx_word' id='word_1_335' title='bbox 843 3789 909 3848; x_wconf 87' lang='lat' dir='ltr'><strong>Pall.</strong></span> <span class='ocrx_word' id='word_1_336' title='bbox 927 3783 952 3850; x_wconf 80' lang='lat' dir='ltr'><strong>i.</strong></span> <span class='ocrx_word' id='word_1_337' title='bbox 970 3794 996 3846; x_wconf 89' lang='grc'><strong>3.</strong></span> <span class='ocrx_word' id='word_1_338' title='bbox 1013 3789 1061 3845; x_wconf 77' lang='lat' dir='ltr'><strong>aL:</strong></span> <span class='ocrx_word' id='word_1_339' title='bbox 1078 3788 1164 3843; x_wconf 76' lang='lat' dir='ltr'><strong>miles</strong></span> 
     </span>
    </p>
   </div>
   <div class='ocr_carea' id='block_1_15' title="bbox 722 3877 818 3949">
    <p class='ocr_par' dir='ltr' id='par_1_16' title="bbox 722 3877 818 3949">
     <span class='ocr_line' id='line_1_60' title="bbox 722 3877 818 3949; baseline 0.021 -18"><span class='ocrx_word' id='word_1_340' title='bbox 722 3877 818 3949; x_wconf 83' lang='lat' dir='ltr'><strong>iuquit.</strong></span> 
     </span>
    </p>
   </div>
   <div class='ocr_carea' id='block_1_16' title="bbox 651 3961 1164 4040">
    <p class='ocr_par' dir='ltr' id='par_1_17' title="bbox 651 3961 1164 4040">
     <span class='ocr_line' id='line_1_61' title="bbox 651 3961 1164 4040; baseline -0.004 -22"><span class='ocrx_word' id='word_1_341' title='bbox 651 3964 693 4020; x_wconf 70' lang='lat'><strong>14.</strong></span> <span class='ocrx_word' id='word_1_342' title='bbox 723 3982 800 4040; x_wconf 81' lang='lat' dir='ltr'><strong>quae·</strong></span> <span class='ocrx_word' id='word_1_343' title='bbox 825 3981 899 4036; x_wconf 82' lang='lat' dir='ltr'><strong>pars</strong></span> <span class='ocrx_word' id='word_1_344' title='bbox 927 3961 1023 4015; x_wconf 78' lang='lat' dir='ltr'><strong>maior</strong></span> <span class='ocrx_word' id='word_1_345' title='bbox 1047 3961 1104 4015; x_wconf 77' lang='lat' dir='ltr'><strong>erit</strong></span> <span class='ocrx_word' id='word_1_346' title='bbox 1129 3980 1164 4016; x_wconf 86' lang='lat' dir='ltr'><strong>eo</strong></span> 
     </span>
    </p>
   </div>
   <div class='ocr_carea' id='block_1_17' title="bbox 720 4044 1165 4212">
    <p class='ocr_par' dir='ltr' id='par_1_18' title="bbox 720 4044 1165 4212">
     <span class='ocr_line' id='line_1_62' title="bbox 721 4044 1164 4115; baseline -0.014 -9"><span class='ocrx_word' id='word_1_347' title='bbox 721 4051 849 4106; x_wconf 66' lang='lat' dir='ltr'><strong>stertitur</strong></span> <span class='ocrx_word' id='word_1_348' title='bbox 876 4048 1016 4115; x_wconf 77' lang='lat' dir='ltr'><strong>curreilio:</strong></span> <span class='ocrx_word' id='word_1_349' title='bbox 1043 4044 1099 4103; x_wconf 82' lang='grc' dir='ltr'><strong>ΡΜ.</strong></span> <span class='ocrx_word' id='word_1_350' title='bbox 1130 4077 1164 4086; x_wconf 89' lang='lat'><strong>·-</strong></span> 
     </span>
     <span class='ocr_line' id='line_1_63' title="bbox 720 4133 1165 4212; baseline -0.013 -18"><span class='ocrx_word' id='word_1_351' title='bbox 720 4136 792 4195; x_wconf 85' lang='lat' dir='ltr'><strong>Cod.</strong></span> <span class='ocrx_word' id='word_1_352' title='bbox 802 4135 895 4212; x_wconf 75' lang='lat' dir='ltr'><strong>sigoni</strong></span> <span class='ocrx_word' id='word_1_353' title='bbox 909 4134 957 4191; x_wconf 80' lang='lat' dir='ltr'><strong>aL:</strong></span> <span class='ocrx_word' id='word_1_354' title='bbox 976 4137 1033 4191; x_wconf 84' lang='lat' dir='ltr'><strong>eius</strong></span> <span class='ocrx_word' id='word_1_355' title='bbox 1050 4133 1165 4189; x_wconf 72' lang='lat' dir='ltr'><strong>stabitur</strong></span> 
     </span>
    </p>
   </div>
   <div class='ocr_carea' id='block_1_18' title="bbox 0 0 1314 4590">
    <p class='ocr_par' dir='ltr' id='par_1_19' title="bbox 0 0 1314 4590">
     <span class='ocr_line' id='line_1_64' title="bbox 0 0 1314 4590; baseline 0 1"><span class='ocrx_word' id='word_1_356' title='bbox 0 0 1314 4590; x_wconf 95' lang='lat' dir='ltr'><strong> </strong></span> 
     </span>
    </p>
   </div>
  </div>
 </body>
</html>
