2618 4590
62 344 69 364 '
134 256 198 324 736
609 268 717 330 trouu
735 270 769 330 x.
940 228 943 235 ’
1208 40 1236 391 i

132 431 295 498 laetiorem
319 432 349 497 in
371 433 439 509 acie
462 432 564 499 visum
586 455 643 499 seu
667 444 781 522 suopte
800 431 939 523 ingenio
960 452 1028 496 seu
1049 427 1159 494 fiducia
1171 419 1223 515 ben

131 538 294 627 gerundae
322 534 383 603 rei:
421 536 461 602 ab
491 536 606 603 eodem
636 536 751 603 robore
774 535 872 601 animi
905 557 1030 624 neque
1055 526 1225 609 controvenl
1243 576 1254 601 .-

133 640 275 730 auspicio
297 641 439 708 revocari
462 666 480 707 a
503 641 626 730 proelio
647 641 766 731 potuit,
788 640 876 708 etin
902 639 984 729 ipso
1011 636 1186 706 discrimine
1198 614 1226 703 l

129 768 196 836 quo
225 745 345 836 templa
375 745 442 813 deis
464 744 682 812 inmortalibus
705 745 813 813 voveri
842 767 922 811 mos
953 754 1034 836 erat
1059 783 1104 793 —
1130 754 1225 813 vorati

100 850 197 923 atovi
221 849 358 932 Victori,
391 851 416 917 si
440 850 582 940 legiones
611 850 752 917 hostium
779 849 939 931 fudisset,
975 847 1145 938 pocillum
1163 847 1216 912 muli

129 954 216 1044 prius
238 979 336 1046 quam
367 966 521 1022 temetum
543 954 666 1022 biberet
695 977 768 1022 sese
791 953 982 1021 facturum:
1017 953 1052 1019 id
1079 963 1182 1020 votum
1195 950 1226 1027 ab}

129 1057 217 1124 cordi
234 1058 293 1124 luit
315 1070 348 1125 et
370 1058 509 1149 auspicia
532 1059 564 1124 in
588 1059 708 1126 bonum
729 1068 905 1128 verterunt.

219 1160 328 1228 XLllI.
373 1162 495 1228 Eadem
518 1162 643 1228 fortuna
667 1163 707 1229 ab
727 1162 826 1230 altero
846 1161 994 1229 consule
1014 1164 1062 1228 ad
1077 1159 1217 1228 Cominiu

128 1276 301 1358 gestares.
339 1265 439 1356 prima
467 1264 541 1333 luce
570 1267 609 1333 ad
638 1266 763 1334 moenia
791 1265 948 1333 omnibus
987 1265 1103 1357 copiis
1126 1265 1218 1332 admob

83 1392 246 1445 toeorona
270 1369 369 1436 cinxit
391 1369 503 1438 urbem
525 1371 730 1462 subsidiaque
752 1370 859 1453 firma,
880 1395 927 1439 ne
954 1395 1027 1462 qua
1056 1370 1218 1462 emptiob

127 1486 184 1557 ret,
206 1474 306 1565 portis
330 1475 497 1566 opposuitr
520 1475 584 1543 iarn
607 1476 733 1566 signum
747 1476 876 1543 dantem
892 1498 979 1542 eum
995 1475 1141 1544 nuntius
1160 1473 1219 1541 anl

1227 1482 1232 1509 l

197 1714 252 1771 quo
273 1692 334 1751 loeo
358 1703 445 1753 umen
464 1716 513 1751 nec
538 1696 566 1751 in
585 1714 643 1774 per·
785 1691 958 1768 glticltlicben
990 1695 1135 1770 Anagaug
1159 1668 1236 1768 genie¹

196 1783 274 1838 rimie
311 1781 389 1840 codd.
425 1800 510 1848 „eum
543 1781 643 1837 sterili·
786 1786 870 1838 neu“.
1236 1780 1239 1841 J

166 1874 169 1879 ’
197 1869 267 1926 cium
284 1890 335 1947 pro
353 1874 404 1944 p.‘⁰
423 1871 559 1928 inventum
585 1887 644 1923 esso
733 1871 758 1925 ⁸.
786 1867 891 1924 eadem
910 1864 1067 1939 fortuna
1096 1869 1137 1926 ab
1162 1869 1223 1924 olim

70 1958 73 1969 '
197 1955 304 2014 dicitur.
327 1988 360 1998 -
384 1955 445 2012 PM:
473 1955 525 2023 „id
551 1963 643 2011 uotum

197 2042 246 2100 dis
265 2042 341 2098 cordi
360 2043 411 2100 luit
428 2053 456 2099 et
477 2044 595 2120 auspicia
614 2044 642 2099 iu

195 2133 295 2186 bonum
306 2135 482 2187 uerterunt“:
501 2129 535 2189 cl.
548 2132 574 2198 6,
584 2134 642 2187 bo:

163 2228 166 2235 '
197 2236 248 2272 nec
267 2215 309 2274 (lis
329 2216 405 2273 cordi
424 2216 506 2274 luisse
519 2237 642 2292 poenam.

197 2334 229 2343 -
255 2301 341 2369 „Von
360 2305 403 2358 eiu
425 2304 480 2360 und
503 2302 641 2360 derselben

195 2386 372 2443 Geietealrralt
412 2390 462 2462 gab
503 2390 640 2464 leugnies,

198 2473 260 2530 (lass
273 2493 302 2529 er
314 2473 390 2529 nieht
402 2473 498 2529 eiumal
511 2475 641 2542 defluum,

165 2562 169 2569 “
197 2560 259 2617 darn
273 2557 439 2637 tlie'rlngabe
450 2561 517 2618 fiber
529 2562 573 2619 die
585 2563 638 2619 Au-

193 2648 297 2726 spicien
315 2650 419 2725 streitig
434 2649 557 2724 gemacht
568 2670 638 2707 wur-

193 2736 236 2802 de,
255 2735 313 2792 oieb
331 2756 385 2792 von
405 2737 454 2792 der
473 2736 638 2794 beaeblosse·

192 2842 246 2878 nen
262 2821 391 2879 Scblacbt
408 2824 552 2899 abbriogen
565 2823 639 2889 liess,

123 2937 127 2943 ·
197 2909 252 2965 und
276 2909 338 2965 deso
356 2930 385 2965 er
402 2910 431 2965 in
454 2910 515 2966 dem
532 2911 637 2986 Augen·

193 2994 280 3073 bliele
299 2996 347 3053 der
364 2996 574 3073 Eutscbeidung‚
592 3018 637 3053 wo

192 3082 358 3141 Andereden
369 3083 637 3142 nonterbliobenth-

193 3178 250 3225 tero
261 3168 371 3246 Tempel
385 3190 416 3227 zu
433 3170 545 3245 geloben
556 3171 638 3248 pileg-

80 3277 87 3285 ·
194 3264 248 3324 ten,
262 3256 322 3312 dem
331 3257 438 3333 Jupiter
448 3259 548 3326 Victor,
558 3279 637 3314 werin

193 3363 223 3398 er
249 3342 294 3398 die
318 3343 480 3402 leindlicben
503 3344 638 3401 Sebatreu

190 3429 372 3504 liberwttltige‚
383 3435 461 3488 einen
472 3430 577 3487 lrleinen
587 3431 637 3486 Be-

178 3515 254 3596 'cber
273 3515 369 3573 Weins
394 3521 443 3574 mit
464 3517 552 3592 llooig
578 3538 637 3588 uer·

189 3602 288 3659 mircbt
307 3624 339 3660 zu
352 3605 472 3683 ependeu
486 3604 637 3681 veropracb‚

174 3690 273 3746 ¹bonor
287 3709 316 3745 er
328 3694 421 3749 oeinen
433 3691 538 3749 starlen
553 3689 635 3748 Weiu

75 3819 78 3825 ‚
187 3775 292 3834 trinken
305 3766 413 3835 wtirue:
432 3778 488 3836 und
501 3777 641 3846 diesVera

189 3864 320 3940 eprecben
342 3866 455 3922 nabmen
475 3865 519 3922 die
537 3864 633 3922 thter

187 3949 339 4007 beundlicb
351 3952 400 4008 aul
408 3952 464 4009 und
476 3952 575 4009 liessen
588 3951 632 4007 dte

186 4033 381 4095 bedenllicbeu
396 4040 542 4116 Auspicien
554 4040 631 4094 einen

785 1952 865 2010 coni.
889 1953 935 2009 ad
955 1955 1113 2012 Cominii?
1135 1954 1183 2021 (Pr
1200 1957 1224 2008 ri

784 2041 920 2108 monium)
936 2051 1040 2118 gesta
1062 2063 1134 2100 rea:
1153 2041 1225 2098 Pb-

785 2125 863 2185 lllulti
882 2145 956 2183 rece.
978 2128 1087 2188 codd.:
1113 2149 1157 2186 res
1172 2137 1248 2205 gestat

785 2246 818 2256 -
842 2213 877 2270 P:
900 2214 1098 2294 subsidiaque
1121 2216 1192 2274 firma
1208 2214 1256 2281 ni

783 2322 834 2383 qua
854 2303 962 2376 eruptio
984 2302 1074 2360 fieret
1098 2305 1183 2383 portia
1198 2321 1227 2376 op·

782 2389 882 2469 posuit.
900 2387 927 2444 ll
945 2409 986 2448 m.
1010 2394 1052 2449 1.:
1072 2391 1228 2466 subsidiaque

781 2476 858 2532 lirma
876 2477 1064 2554 nequiruptio
1088 2478 1169 2535 lieret
1184 2495 1227 2554 por·

781 2618 821 2672 tir
837 2616 975 2692 opposuit.
1010 2637 1050 2677 m.
1071 2621 1119 2678 3.:
1138 2581 1228 2694 uerieru-

780 2705 848 2782 ptio.
1019 2709 1028 2718 “

746 2869 753 2885 .
781 2827 840 2882 inm
868 2825 991 2903 signum
1023 2827 1157 2884 dantem
1181 2841 1231 2882 eun

738 2904 747 2913 ’
764 2913 900 2969 'nuntius
917 2930 939 2965 α
955 2906 1088 2991 collega
1107 2912 1230 2988 trepidus

780 2998 819 3056 de
846 2999 954 3077 uiginti
979 2998 1163 3056 cohortium
1191 2997 1231 3054 al

746 3128 750 3137 ,
781 3078 871 3142 uentu
889 3092 954 3142 cett:
972 3081 1036 3144 ΡΜ.
1066 3087 1233 3144 Nuntiato

779 3172 897 3251 collega
908 3169 1099 3232 scittmtrrus.
1120 3176 1164 3231 aie
1179 3174 1233 3229 reri·

779 3263 856 3336 ptum
879 3269 922 3315 est
944 3260 973 3326 2,
995 3261 1042 3318 3.:
1076 3282 1119 3328 „a
1145 3261 1234 3337 quibua

779 3344 885 3423 placide
915 3346 1001 3399 oratio
1037 3357 1157 3424 accepta
1193 3356 1235 3411 eet,

778 3433 813 3489 tir
838 3435 954 3490 litteras
985 3432 1026 3486 ab
1062 3434 1234 3510 Tarquiniis
1272 3458 1274 3507 f

777 3519 852 3591 (rell.
866 3519 955 3584 datas)
968 3516 1136 3577 reddune‘:
1148 3523 1175 3590 6,
1186 3522 1234 3579 t³.:

779 3606 902 3673 „coloni
928 3624 949 3659 α
979 3602 1126 3663 Velitris“
1165 3605 1234 3673 (scil.

742 3692 744 3696 ⁸
776 3690 899 3770 proiecti,
919 3693 1004 3760 orti):
1028 3694 1189 3772 multisque
1204 3696 1234 3750 si·

775 3776 848 3859 mllio
869 3776 945 3837 locis.
975 3779 1104 3858 „legati
1115 3778 1233 3839 otetu-

775 3865 865 3921 alnio“
884 3867 930 3932 (5,
948 3865 1021 3933 33.)‚
1049 3866 1160 3944 aliique
1180 3871 1234 3926 eius

737 3988 740 3993 -
774 3952 879 4025 generis
908 3949 963 4007 loci
991 3952 1085 4011 videri
1119 3965 1235 4034 possunt

773 4056 828 4094 non
851 4034 904 4093 bue
926 4039 1080 4115 pertinere,
1110 4064 1177 4102 euru
1195 4045 1233 4102 le
