2618 4590
163 270 229 339 320
320 320 323 327 ·
398 374 401 381 Ι
542 335 545 345 ,
610 277 720 338 ulnus
738 278 807 338 lllll.

42 464 45 469 '
165 471 230 541 qne
259 470 295 514 se
322 447 380 514 sed
407 467 507 534 quem
532 443 611 511 velit
638 464 679 510 ex
701 443 826 534 legione
847 442 992 511 Romana
1020 443 1136 533 scripta
1164 445 1268 511 civem

166 556 340 621 devovere:
364 549 391 616 si
413 549 440 615 is
455 549 556 617 homo
579 547 635 638 qui
650 548 786 615 devotus
803 559 854 615 est
867 549 1008 631 moritur,
1030 549 1131 639 probe
1147 549 1267 616 lactum

165 657 279 726 uideri:
314 655 348 721 ni
374 654 520 737 moritur,
553 664 623 720 tum
651 652 776 743 signum
804 666 930 744 septem
957 654 1057 744 pedes
1085 653 1187 720 altum
1216 665 1270 721 aut

166 762 269 828 maius
289 759 323 826 in
345 770 462 826 terram
485 758 594 827 defodi
616 770 649 826 et
670 746 833 848 piaculum
853 758 958 826 hostia
980 758 1085 825 caedis
1112 759 1169 824 ubi
1191 760 1267 825 illud

135 868 292 958 osignum
314 864 478 932 delossum
499 864 566 945 erit,
589 888 629 931 eo
650 864 870 953 magistratum
891 863 1074 930 Romanum
1096 867 1267 932 escendere

165 972 215 1039 fas
235 995 302 1037 nou
325 992 410 1036 esse:
433 967 482 1035 sin
505 979 613 1036 autem
635 992 707 1035 sese
731 969 889 1036 devovere
904 968 993 1036 volet
1015 969 1061 1034 sic
1083 969 1130 1036 uli
1147 969 1266 1036 Decius

167 1075 310 1157 devovit,
332 1073 365 1139 ni
386 1073 533 1155 moritur,
566 1098 673 1165 neque
695 1097 790 1140 suum
811 1097 917 1164 neque
939 1073 1105 1164 publicum
1126 1073 1267 1140 divinum

166 1202 248 1270 pure
269 1177 366 1245 faciet
388 1179 443 1269 qui
465 1202 536 1245 sese
557 1178 737 1246 devoverit:
765 1178 911 1247 Vulcano
934 1203 1021 1247 arma
1043 1179 1109 1245 sivc
1138 1179 1191 1245 cui
1219 1178 1268 1244 alii

125 1355 129 1365 ,
164 1284 241 1353 diro
264 1307 381 1351 vovere
403 1285 501 1367 volet,
527 1283 593 1350 sive
616 1282 720 1350 hostia
742 1281 809 1349 sive
838 1307 903 1375 qno
932 1284 994 1350 alio
1016 1284 1105 1350 volet
1131 1284 1181 1350 ius
1205 1292 1267 1348 est:

120 1405 156 1465 1⁰
166 1390 233 1459 telo
256 1412 353 1479 super
374 1387 461 1478 quod
484 1399 571 1454 stans
593 1388 706 1454 consul
728 1398 875 1476 precatus
898 1398 947 1454 est
967 1388 1095 1454 hostem
1111 1387 1206 1478 potiri
1221 1386 1267 1452 las

165 1519 232 1563 non
252 1505 318 1589 estu:
341 1493 367 1560 si
390 1492 536 1583 poliatur,
559 1491 654 1559 Marti
675 1491 941 1559 suovetaurilibus
964 1492 1126 1582 piaculum
1148 1491 1228 1558 fieri.

237 1696 340 1743 sacrata
359 1717 393 1727 —
411 1684 464 1741 lata
483 1692 538 1752 est,
555 1705 590 1741 ne
608 1685 685 1742 cuius

238 1771 342 1830 militis
372 1775 475 1848 scripti
503 1792 600 1828 nomen
630 1774 684 1827 nisi

239 1860 301 1938 ipso
320 1859 429 1917 volente
448 1858 587 1916 deleretur.

64 1959 71 1986 r
184 1951 212 2008 3.
238 1950 271 2004 ni
289 1948 427 2003 moritur:
444 1945 494 2001 ΡΜ
511 1943 569 2003 rell.
596 1941 639 2002 Cf.
658 1947 684 2012 3,

237 2037 297 2094 ou:
327 2035 407 2091 unius
434 2042 537 2089 tantum
564 2033 685 2088 criminis

236 2125 299 2181 nisi
319 2122 436 2180 iudicem
459 2121 532 2178 dices
555 2128 583 2174 te
600 2118 633 2174 ab
652 2117 684 2173 li·

236 2211 341 2267 bertale
364 2211 392 2264 in
417 2211 573 2266 servitutem
591 2216 684 2261 contra

162 2352 168 2367 x
238 2294 311 2370 leges
333 2295 465 2351 vindicias
488 2314 543 2349 non
567 2293 683 2358 dedisse,

241 2384 270 2438 in
287 2380 375 2438 vincla
394 2391 421 2436 te
439 2380 501 2437 duci
523 2379 630 2437 iubebo.
657 2382 683 2448 3,

238 2471 295 2526 57.:
314 2487 343 2522 se
361 2469 457 2522 ilerum
476 2486 507 2522 ac
519 2469 625 2543 saepips
643 2468 683 2523 iud

238 2554 326 2610 dicem
344 2553 384 2609 illi
408 2553 479 2610 ferre
503 2557 536 2610 ni
552 2553 683 2610 vindicias

220 2669 223 2695 ι
238 2643 273 2698 ab
290 2642 414 2697 libertate
431 2643 459 2696 in
470 2643 624 2697 servitutem
637 2642 683 2697 de·

112 2750 115 2755 ·
179 2748 200 2777 ¹·
239 2729 318 2788 desita
336 2730 365 2785 .ςί
381 2727 544 2785 adiudicem
560 2740 683 2797 nonest,

236 2836 297 2894 pro·
313 2816 437 2873 damnato
460 2818 489 2872 in
511 2815 597 2874 vincla
622 2816 684 2873 duci

199 2957 203 2965 .
236 2907 342 2965 iuberer
361 2913 412 2960 cet.

185 3022 220 3039 ··-
237 3004 299 3050 turra
318 2995 435 3070 signum
459 3000 571 3064 septem
589 2992 683 3065 pedes

237 3082 332 3136 altum
349 3087 402 3132 aut
413 3079 510 3132 nicius
529 3080 682 3132 interram

238 3164 360 3237 defodi:
379 3163 412 3217 P:
431 3164 535 3236 signum
548 3162 604 3220 scil.
624 3167 681 3220 eius

236 3253 363 3309 hominis.
373 3279 406 3292 -
416 3248 456 3306 lll:
468 3251 496 3305 in
506 3260 603 3305 terram
615 3250 681 3308 lodi.

182 3344 209 3402 4.
237 3350 266 3398 et
285 3339 435 3414 piaculum
460 3337 560 3393 hostio
580 3338 681 3393 coedi.-

184 3468 188 3475 -
234 3427 284 3484 ΡΜ
302 3424 375 3483 Harl.
394 3444 412 3480 1.
430 3421 507 3482 Leid.
526 3427 560 3496 a]
581 3434 607 3479 et
624 3426 680 3502 pia.
744 3414 754 3467 ’.

235 3512 444 3568 culumhosliam
456 3510 680 3581 caedilllossnnl

187 3642 189 3651 .
235 3597 279 3656 Cl.
292 3598 365 3675 quod
377 3599 457 3673 paulo
469 3609 533 3675 post
549 3602 679 3672 scriptum

112 3736 117 3745 e
206 3709 208 3713 ·
235 3695 289 3742 ests
325 3683 425 3752 „Maru
454 3684 679 3743 suovetaurilibus

232 3768 369 3849 piaculum
385 3770 477 3830 lieri‘·.

180 3886 216 3904 a·
235 3861 286 3917 abi
305 3857 386 3916 illud
406 3860 525 3936 signum
550 3847 679 3931 defossa]

229 3949 302 4004 erite
324 3943 346 4002 Ρ
370 3963 405 4003 m.
428 3946 455 4003 l.
484 3977 515 3988 -
544 3943 619 4002 Pur.
640 3949 677 4000 l.2

231 4031 355 4088 delusum
373 4033 433 4089 crit.
458 4061 493 4072 -
519 4031 560 4086 Μι
584 4031 629 4086 nbi
648 4029 677 4085 il·

191 4155 194 4162 ·
230 4112 280 4191 lad
298 4116 407 4192 dignum
426 4115 564 4173 delossum
581 4117 642 4173 erit.

772 1681 800 1744 ὅ.
826 1682 985 1742 escendere
996 1684 1056 1757 saa
1074 1702 1134 1740 non
1148 1703 1231 1740 esce:
1248 1680 1269 1740 P

825 1790 861 1830 m.
882 1774 906 1829 1.
919 1769 991 1830 Harl.
1004 1790 1022 1829 1.
1040 1768 1116 1829 Leid.
1125 1791 1144 1831 ι.
1154 1802 1189 1814 -
1201 1770 1223 1826 Ρ
1236 1793 1268 1830 m.

771 1868 782 1896 ·'
826 1861 853 1917 Μ.
884 1855 912 1914 Μ
943 1856 1010 1916 Lov.
1042 1859 1080 1917 4..
1117 1858 1269 1918 ascendere.

825 1944 905 2003 Voss.
918 1964 935 2003 1.
948 1943 1077 2020 multique
1095 1963 1165 2001 recc.
1177 1945 1269 2005 codd:

827 2031 999 2091 descendere.
1007 2031 1136 2092 Pulso.
1144 2032 1268 2091 Vocon:

826 2120 964 2178 excedere.

771 2206 800 2264 6.
826 2209 874 2263 cin
904 2216 1003 2263 autem
1030 2223 1096 2266 cese
1124 2208 1269 2265 deuouere

827 2296 923 2351 uolet.-
936 2294 992 2352 ΡΜ.
1005 2317 1039 2337 -·-
1051 2294 1128 2354 Leid.
1141 2315 1173 2354 nt
1185 2316 1224 2355 see
1239 2326 1269 2338 —-

826 2381 867 2438 ll:
885 2382 1006 2438 diuinum
1024 2381 1083 2437 lure
1095 2380 1183 2441 locist.
1202 2383 1269 2440 Pru.

827 2472 865 2529 1-.=
884 2484 951 2548 pure
969 2469 1057 2528 locist,
1075 2490 1110 2528 m.
1124 2471 1165 2528 2:
1184 2469 1269 2526 faciel.

766 2555 799 2619 -8,
829 2559 894 2615 ciue
916 2559 966 2613 cui
986 2558 1043 2613 alii
1067 2556 1139 2613 diuo
1162 2577 1273 2613 uouere

827 2646 921 2702 uolet:
939 2643 966 2698 Μ
984 2664 1019 2702 m.
1038 2646 1064 2703 2.
1083 2675 1117 2689 -—
1137 2644 1165 2702 Μ
1182 2660 1217 2703 m.
1236 2649 1269 2703 1.:

824 2733 886 2786 siue
898 2732 941 2787 cui
952 2728 996 2786 alii
1007 2729 1181 2800 diu†uouere
1190 2729 1268 2789 nolet.

749 2840 753 2847 ·
768 2856 787 2865 --
828 2817 867 2875 P:
879 2821 937 2875 siue
950 2820 993 2873 cui
1007 2816 1052 2872 alii
1065 2817 1112 2873 din
1125 2839 1157 2874 eo
1171 2838 1268 2874 uouere

769 2922 775 2951 l
825 2905 906 2964 uolet.
926 2905 1151 2967 -Plltiuscst,
1177 2903 1268 2971 „Will

826 3008 856 3048 er
871 2992 931 3048 dem
945 2991 1045 3048 llallra
1058 2987 1122 3047 oder
1133 2992 1209 3044 einer
1222 3011 1267 3046 an-

826 3077 907 3132 deren
926 3074 1138 3136 Goulos-aeine
1157 3075 1268 3157 Walleu

825 3164 940 3233 wellen,
959 3182 990 3221 so
1007 3164 1076 3221 lrauu
1093 3184 1123 3220 ur
1139 3164 1200 3220 dies
1211 3185 1268 3221 ver·

798 3316 801 3321 Δ
823 3250 935 3308 mittelst
957 3255 1029 3308 eines
1052 3249 1268 3329 Schlaclstoplers

753 3372 757 3381 ·
825 3337 892 3393 oder
913 3339 1030 3396 'anderen
1049 3337 1265 3414 Oplersseran·

824 3424 953 3485 stalteu“.
975 3424 1063 3482 Verba
1083 3424 1164 3492 „sive
1181 3426 1266 3481 hostia

822 3516 880 3570 sive
899 3533 952 3589 quo
972 3512 1024 3568 alio
1043 3510 1140 3568 uolel“
1165 3512 1266 3569 excide·

771 3630 774 3635 ·
823 3609 885 3655 runt
894 3603 922 3657 in
931 3599 1004 3658 Harl
1014 3619 1030 3658 n
1042 3597 1119 3657 Leid.
1130 3619 1147 3659 ι.
1158 3598 1265 3658 Vossu.

752 3688 795 3742 1⁰.
822 3705 912 3762 super
921 3688 1005 3765 quod
1016 3697 1102 3744 stans
1114 3695 1196 3745 corsi.
1206 3705 1266 3761 pre·

815 3783 905 3831 'cotue
924 3784 984 3832 est:
1008 3773 1039 3832 P.
1069 3805 1103 3817 ·-
1129 3772 1170 3831 ll:
1195 3779 1266 3830 cons.

823 3871 964 3938 praecatus
982 3871 1031 3916 esa
1102 3900 1105 3904 -

752 3947 793 4004 ll.
820 3945 1186 4006 Morti.cuouctunrilr'lmc
1206 3949 1266 4022 pio·

819 4035 1014 4111 culumfieri:
1027 4033 1058 4090 P.
1069 4064 1102 4076 -
1115 4033 1157 4089 ll:
1175 4034 1266 4090 martis

820 4122 870 4176 nol
883 4124 890 4189 l
905 4120 1081 4179 areharilibus
1092 4124 1144 4179 ce't.
1158 4119 1231 4178 llarl.
1249 4132 1266 4176 ι.
