2618 4590
518 281 630 343 trouu
646 282 718 346 vm
865 374 868 379 Ι
1051 368 1057 391 κ
1104 270 1170 343 293

66 468 152 514 nunc
178 445 239 541 sub
268 446 382 511 umbra
408 443 547 512 foederis
576 442 671 533 aequi
697 443 882 514 servitutem
908 448 974 537 pati
999 446 1170 539 possimos,
1226 520 1230 529 ,

66 550 145 641 quid
167 551 259 616 abest
288 550 365 639 quin
397 549 529 641 proditis
557 547 703 615 Sidicinis
729 571 796 617 non
816 549 1035 619 Romauomm
1062 552 1169 619 solmn
1252 550 1258 561 '

63 656 123 722 sed
145 653 335 720 Samnitium
360 677 492 744 quoque
516 652 605 731 ¹dicto
639 676 823 742 pereamus,
851 656 1167 746 respondeamusque

64 759 219 832 Romanis
240 782 300 825 nos
322 757 377 825 nbi
398 757 557 825 innuerint
576 757 738 848 posituros
760 759 868 833 anna?
902 760 951 826 sin
973 770 1081 827 autem
1100 771 1167 826 tnn-

65 865 142 930 dem
162 863 313 931 libertatis
336 863 529 931 desiderium
547 862 712 931 remordet
732 863 866 946 animos,
888 864 915 931 si
936 864 1053 931 foedus
1076 874 1125 931 est
1140 863 1202 930 siu

48 962 202 1037 ¹societas
225 969 372 1060 aequatio
399 967 474 1035 iuris
502 978 566 1051 ost,
592 967 620 1034 si
649 965 903 1056 consanguineos
927 991 988 1035 nos
1010 969 1169 1036 Romano·

64 1097 137 1139 rum
160 1096 230 1141 esse
249 1113 296 1125 --
317 1073 407 1164 quod
429 1071 506 1139 olim
527 1071 736 1162 pudebat-
757 1094 843 1138 nuno
872 1072 997 1162 gloriari
1021 1072 1113 1156 licet,
1141 1070 1168 1138 si

62 1177 191 1244 socialis
211 1177 274 1244 illis
301 1176 465 1244 exercitus·
487 1175 516 1243 is
543 1186 593 1243 est
621 1198 686 1267 quo
716 1175 865 1242 adiuncto
894 1176 1057 1266 duplicent
1082 1175 1168 1244 vires
1264 1222 1282 1257 Ι.

62 1305 148 1365 suas,
171 1305 269 1372 quem
290 1305 457 1350 secernere
479 1279 520 1348 ab
542 1303 578 1349 se
600 1279 752 1348 consules
771 1279 865 1347 hellis
889 1279 1025 1370 propriis
1046 1302 1169 1370 ponen-
1252 1366 1255 1371 Ι

62 1387 111 1453 dis
132 1386 359 1477 sumendisque
380 1384 499 1468 nolint,
519 1424 565 1445 ψ-
586 1409 643 1452 cur
664 1408 731 1452 non
753 1384 860 1452 omnia
887 1396 1078 1479 aequantur,
1107 1408 1165 1453 cur
1178 1386 1236 1452 lo'

61 1515 129 1558 non
151 1492 231 1558 alter
253 1491 293 1558 ab
313 1489 439 1557 natiuis.
456 1489 569 1556 consul
598 1491 706 1572 datur,
738 1487 795 1554 ubi
821 1513 897 1579 pars
917 1489 1034 1558 virium
1067 1487 1114 1556 ibi
1135 1499 1168 1555 et

60 1596 187 1686 imperii
207 1618 282 1686 pars
305 1595 376 1661 est?
402 1603 453 1660 est
475 1593 611 1683 quidem
625 1592 719 1660 nobis
741 1591 807 1659 hoc
828 1616 887 1683 per
907 1616 943 1659 so
964 1592 1051 1660 haud
1073 1592 1167 1660 nimis

62 1700 211 1791 amplum
237 1699 358 1791 quippe
391 1697 641 1766 comedentibus
667 1698 807 1766 Romam
837 1706 940 1787 caput
961 1694 1054 1762 Latio
1087 1720 1168 1781 esse,

721 1852 766 1916 cf.
784 1857 812 1925 8,
830 1856 886 1914 13.:
903 1851 968 1912 licet
983 1851 1074 1911 delere
1091 1872 1169 1911 omne

720 1942 838 2012 Latium,
851 1972 885 1984 -
898 1940 971 1998 unde
988 1940 1168 2016 sociolicgro·

723 2032 768 2106 gio
792 2031 912 2087 exercitu
928 2048 978 2106 per
999 2029 1082 2086 mults
1099 2027 1170 2085 bct·

722 2137 871 2195 magnaque
888 2135 970 2193 saepe
986 2118 1030 2172 nsi
1043 2117 1117 2176 estis.
1134 2112 1169 2174 al.

722 2234 757 2248 -·
779 2202 820 2261 tt:
842 2201 944 2272 „bellis
959 2204 1040 2300 Jupiis
1067 2222 1169 2281 ponen-

722 2297 794 2355 dls‘l
808 2306 860 2357 cot.
878 2297 910 2355 lu
922 2301 1012 2359 vernis
1020 2297 1171 2373 ponendis

720 2382 936 2462 sumendisque
960 2375 1081 2462 dorequo
1104 2382 1171 2461 stod-

135 1866 194 1915 erut
214 1854 305 1934 „quid
329 1855 405 1912 abest
426 1854 493 1935 quid
519 1876 581 1935 pro-

135 1945 223 2003 ditis“
239 1951 289 2002 cet.
307 1971 339 1985 ·-
358 1942 431 2000 Dein
448 1946 581 2021 scriptum

134 2042 177 2089 est
194 2033 223 2087 iu
241 2029 268 2088 tl
286 2031 497 2099 ‚‚udi·innue?“
514 2031 543 2091 h.
556 2053 580 2092 e.

133 2121 181 2178 ubi
203 2121 362 2180 innuerunt„
384 2120 414 2175 in
430 2119 453 2177 Ρ
470 2117 548 2180 Leid.
560 2139 580 2179 ι.

134 2207 181 2267 al:
200 2206 271 2274 „ubi
284 2207 473 2267 ·inueneriut“.

80 2299 109 2358 5.
135 2297 166 2353 st*
186 2295 315 2352 societas
337 2295 479 2371 aequam
504 2294 580 2352 inuis

134 2380 260 2451 esum
272 2380 346 2455 rell]
366 2383 518 2439 sisooietns
536 2401 580 2438 uc·

133 2471 208 2545 quati
225 2471 292 2526 iuris
304 2477 347 2524 est
359 2472 407 2537 (ex
419 2471 490 2528 coni.
504 2467 580 2529 [ἢ.

16 2585 21 2591 ·
133 2557 246 2628 Gron.).
276 2554 392 2624 „chn
420 2559 464 2612 ein
489 2555 580 2625 Bund,
685 2556 692 2564 '

133 2665 216 2702 wenn
251 2645 314 2700 eine
343 2641 580 2711 Genossensohust,

133 2751 216 2788 wenn
228 2731 287 2785 eine
304 2727 514 2804 Gleiclrstellung
532 2729 581 2785 der

133 2815 237 2873 Rechte
269 2814 363 2869 beider
392 2813 487 2871 Theile
515 2823 582 2870 stutt

134 2901 253 2960 lindet“.
280 2894 444 2968 Gronovius,
461 2901 509 2976 qui
526 2919 582 2957 non

134 2985 419 3066 videretpurticulam
440 2989 470 3044 sl
495 2995 523 3042 et
546 2985 583 3043 ud

134 3078 274 3154 aequatio
290 3077 435 3152 pertisum,
453 3072 525 3130 liuns
542 3071 585 3130 lm

135 3184 196 3224 cum
215 3162 383 3220 emendatum
394 3161 489 3230 voluit,
507 3160 581 3240 quod

134 3253 274 3330 aequatio
298 3252 373 3307 iuris
395 3270 450 3306 non
473 3268 582 3324 semper

135 3343 206 3398 iusta
218 3338 294 3396 voois
311 3339 439 3394 societas
457 3335 580 3393 definitio

134 3435 263 3484 esset-
274 3423 302 3480 tl
319 3444 355 3483 m.
370 3425 414 3482 1.=·
427 3423 501 3500 quod
515 3423 580 3482 olim

133 3514 254 3593 putebat.

79 3596 118 3662 7.'
133 3603 164 3660 si
180 3597 303 3658 socialis
315 3598 378 3654 iltis
394 3597 582 3656 exorcismis

137 3697 198 3748 est:
209 3685 232 3743 P
241 3684 301 3744 cod.
311 3682 370 3743 Get.
380 3682 414 3742 ul.
423 3714 458 3726 -
467 3683 541 3744 Harl.
551 3703 582 3743 n:

137 3776 163 3834 si
189 3773 298 3831 socialis
321 3768 375 3827 illis
398 3773 531 3829 exercitus
557 3773 583 3829 is

136 3882 205 3920 esse.
232 3860 260 3917 Ill
282 3879 317 3918 m.
341 3862 383 3916 1.=
409 3859 438 3914 si
452 3861 511 3916 soci
528 3859 583 3918 illis

136 3951 270 4006 exercitus
297 3949 332 4003 iis
356 3955 404 4005 est.
434 3966 470 4005 m.
488 3949 531 4007 λι
558 3948 583 4004 si

137 4036 229 4092 socius
251 4033 306 4090 illis
329 4044 380 4094 cet.
410 4033 478 4093 Lou.
496 4035 536 4094 u:
558 4037 584 4093 si

138 4123 230 4182 socius
253 4124 389 4182 exercitus
410 4120 464 4182 illis
484 4122 512 4180 is
534 4130 583 4197 est,

721 2492 802 2548 τερον
823 2474 913 2530 inesse
937 2476 1075 2532 neminem
1096 2471 1169 2547 Iuge-

722 2561 774 2618 rit:
793 2559 867 2637 quod
885 2579 968 2635 genus
981 2559 1089 2618 dicendi
1105 2557 1171 2616 hul'o

721 2647 784 2704 Ioco
814 2656 906 2724 aptum
935 2647 1092 2714 videbatur,
1129 2654 1169 2714 ut,

722 2754 785 2789 cum
819 2736 906 2789 maior
938 2733 1028 2810 aliqua
1061 2734 1106 2790 viu
1140 2733 1171 2788 in

722 2818 806 2876 verbo
834 2819 984 2893 ponendis
1011 2827 1097 2884 esset,
1135 2837 1171 2873 no

722 2903 802 2965 liniue
812 2902 921 2979 quidem
934 2904 989 2978 ipsi
1001 2901 1070 2959 bellu
1088 2923 1172 2981 posse

723 2989 1014 3061 videreutmRomsni,
1032 2991 1085 3048 ulsi
1100 3008 1170 3048 aso·

722 3078 775 3135 olis
792 3077 992 3137 adiuvarentur.

630 3202 634 3210 ·
653 3167 697 3226 102
723 3185 777 3222 cur
794 3186 855 3222 non
873 3167 973 3223 omnia
985 3175 1170 3241 aequantur:

723 3253 746 3311 P
764 3272 799 3312 ur.
817 3256 844 3312 2.
862 3252 897 3312 ll.
915 3283 949 3294 -
974 3251 1171 3314 Pm.1.=uu-

722 3349 844 3418 quanter.
862 3370 897 3384 -
919 3337 985 3396 PM:
1009 3345 1065 3398 coi.
1083 3338 1170 3400 datur.

723 3458 759 3472 -
776 3425 805 3484 tl
822 3446 858 3485 m.
872 3428 911 3484 1.:
929 3424 976 3482 ubi
993 3445 1058 3505 pars
1071 3426 1169 3487 uirum.
1194 3414 1198 3431 ³

723 3533 760 3573 m.
777 3515 819 3572 3.:
845 3514 952 3571 uirium.
970 3544 1005 3556 -
1026 3511 1070 3572 It:
1086 3515 1127 3573 ibi
1143 3523 1172 3572 et

723 3600 832 3678 imperii
849 3619 912 3675 pars
930 3602 971 3660 ὃὸ.

654 3691 698 3749 13.
725 3689 853 3746 Romam
874 3696 966 3762 caput·
977 3687 1066 3746 Latio
1087 3709 1170 3748 esse:

723 3774 747 3832 P
770 3772 845 3834 Harl
863 3793 881 3834 r.
904 3771 982 3834 Leid.
996 3795 1016 3835 r.
1043 3774 1093 3848 ul]
1116 3775 1172 3832 llo·

724 3881 796 3919 mam
826 3870 914 3938 ceput
935 3859 1009 3919 brutii
1040 3881 1101 3920 esse
1129 3861 1172 3934 (dl

725 3950 904 4018 tout).-
917 3949 1086 4026 Quamquam
1099 3948 1172 4007 haud
1216 4024 1219 4029 ν

725 4038 892 4112 ignoramus,
916 4039 945 4093 in
962 4036 1018 4094 fine
1035 4034 1172 4096 nominum

727 4124 761 4182 nb
789 4123 942 4183 errantibus
964 4120 1083 4184 librariis
1101 4124 1173 4185 haud
