2618 4590
512 277 627 341 amsa
643 279 687 341 vt
1062 318 1065 325 -
1109 267 1151 337 91

51 444 133 534 agris
163 445 203 511 ad
231 454 360 535 portam
387 441 547 509 Collinam
573 442 661 533 signa
693 440 839 509 intulere.
876 442 987 534 ingens
1012 444 1047 511 in
1074 444 1154 514 urbe

49 548 218 638 trepidatio
241 549 312 616 tuit.
334 547 570 616 conclamatum
592 547 633 612 ad
655 570 742 614 arma
757 570 1012 639 concursumque
1031 549 1065 616 in
1085 574 1153 617 mu-

47 676 105 720 ros
133 664 231 743 atque
251 663 368 743 ‘portas
397 661 461 735 est,
495 651 691 741 tandemque
719 652 760 719 ab
790 651 944 720 seditione
971 655 1012 719 ad
1031 655 1154 722 bellmn

47 757 137 823 versi
169 757 355 825 dictatorem
383 756 423 826 T.
452 756 636 842 Quinctium
671 756 894 824 Cincinnatum
928 780 1084 826 creavere.
1126 759 1153 827 is

49 861 239 950 magistrum
272 861 414 952 equitum
446 858 567 928 Aulum
597 861 827 951 Sempronium
854 858 1036 928 Atratinum
1068 863 1190 931 dixitti

52 967 143 1055 quod
175 966 230 1032 ubi
263 967 408 1033 auditum
430 977 494 1052 est,
520 1003 565 1017 -··
586 976 692 1033 tantus
727 965 794 1034 eius
825 966 1030 1056 magistratus
1056 976 1158 1033 terror

50 1080 120 1137 erat
140 1107 193 1179 -Ι
205 1070 301 1138 simul
321 1070 433 1140 hostes
456 1096 477 1138 a
497 1071 667 1139 moenibus
688 1088 850 1139 recessere
879 1081 913 1138 et
933 1069 1073 1138 iuniores
1095 1071 1158 1138 lto

120 1236 285 1311 significasse
296 1237 432 1307 videntur,
450 1246 479 1295 et
495 1236 569 1316 quod

120 1325 187 1392 iter,
213 1327 306 1394 aiam,
327 1325 443 1406 sugam
459 1324 569 1398 facere

120 1410 175 1467 dici
206 1412 324 1482 solebat,
351 1423 382 1470 ut
408 1415 490 1472 etiam
513 1412 568 1469 illis

119 1496 188 1555 loeis
210 1503 319 1576 raptim
340 1505 459 1580 agmine
478 1501 569 1574 facto

120 1585 194 1644 idem
211 1607 271 1644 esse
288 1598 382 1665 posset
394 1588 467 1664 qood
478 1587 569 1662 sacto

121 1683 154 1731 ut
178 1694 287 1753 agmen
308 1677 429 1750 raptim,
459 1677 569 1732 cursim
607 1698 610 1703 ·

117 1758 302 1836 procederet.
320 1758 405 1817 nihilo
424 1761 512 1816 miuus
530 1770 569 1817 ta·

119 1865 183 1903 men
200 1846 288 1931 iacere
305 1867 361 1904 non
375 1866 487 1923 possum
505 1850 570 1924 quio

114 1933 205 2008 facto
223 1953 279 1990 nou
296 1935 430 2008 integrum
450 1934 571 1991 habeam.

70 2088 78 2101 .
120 2022 173 2077 ist'a
204 2020 275 2078 enirn
304 2024 411 2078 ratione
439 2022 571 2098 scriptum

121 2128 178 2163 uon
196 2111 304 2184 repperi
327 2110 381 2166 nisi
407 2127 469 2164 cum
479 2108 569 2180 facto

121 2204 187 2272 post
204 2213 299 2252 vocem
316 2196 436 2274 agmine
457 2200 571 2271 pon'ere·

120 2289 180 2349 tur,
204 2282 403 2350 uitiatam,
431 2301 511 2358 quem
534 2280 570 2337 ad

57 2424 62 2434 ,
118 2368 230 2424 modum
248 2368 365 2425 litteram
383 2389 413 2424 m
434 2367 569 2427 similibus

49 2448 53 2455 ⁴
120 2457 233 2514 vocibus
242 2477 372 2534 persaepe
381 2458 570 2531 interpositam

109 2543 256 2611 tidemus,
284 2543 387 2620 aliquid
404 2543 570 2621 adscriptum

120 2650 181 2686 esse
193 2631 281 2689 videri
298 2633 396 2709 possit,
414 2651 448 2685 ne
464 2629 571 2686 litterae

119 2717 227 2776 vocales
245 2738 275 2774 se
294 2721 455 2795 exciperent.
481 2719 508 2786 7,
524 2719 571 2777 37.

122 2806 195 2861 enirn
213 2805 242 2860 in
259 2803 311 2862 ΡΜ
327 2804 440 2879 legimus
464 2805 572 2878 raptim

122 2893 226 2971 agitur
243 2891 360 2969 agmen,
379 2910 430 2946 neo
442 2891 530 2945 socius
542 2892 574 2946 in

121 2976 184 3038 Put.
209 2976 288 3037 Colb.
315 2981 365 3046 23.
392 2979 437 3036 36.
464 2979 573 3052 raptim

123 3076 190 3124 acto
208 3069 335 3147 agmine.
354 3085 448 3124 verum
465 3084 573 3143 agmen

117 3151 573 3231 facerelongealiasignilicatiouo

122 3242 255 3317 scriptum
290 3261 351 3299 esse
389 3239 461 3319 apud
490 3224 572 3314 'Vtra

20 3323 21 3326 ¹
123 3327 192 3387 Aen.
211 3331 236 3397 1,
254 3331 298 3391 82.
315 3329 407 3385 videre
423 3326 502 3394 licet,
525 3327 573 3382 ubi

124 3416 176 3470 itae
208 3436 263 3482 „oe
279 3418 352 3472 venti
369 3415 444 3474 velut
468 3416 573 3490 agmine

125 3499 198 3558 sacto
229 3501 290 3574 Qua
308 3503 368 3559 data
390 3513 469 3583 porta
491 3511 574 3559 ruunt

125 3599 154 3645 et
175 3597 260 3643 terras
286 3590 393 3645 turbine
420 3590 573 3668 perflaut“:

125 3677 153 3737 lr.
172 3697 195 3735 e.
213 3677 288 3733 venti
307 3674 458 3751 conglobati
477 3686 566 3737 ruunt.

73 3767 100 3826 2.
127 3758 363 3839 concursumque
375 3764 406 3820 in
417 3784 518 3821 maros
531 3774 574 3821 at·

127 3874 185 3928 qae
200 3860 306 3928 portas
325 3860 386 3907 est.-
403 3849 452 3908 ΡΜ
469 3849 527 3910 rell.
540 3883 574 3895 -

126 3938 156 4000 I.
171 3939 216 3999 Fr.
240 3937 324 3996 Gran.
350 3939 451 4016 adque
470 3948 575 4014 portas

128 4036 176 4085 est
203 4027 286 4084 scribi
314 4026 400 4085 voluit
427 4035 458 4083 ut
481 4026 512 4104 ti,
535 4029 575 4084 8.:
621 4040 624 4045 ·

130 4110 339 4192 „terroremque
350 4135 405 4172 non
418 4115 450 4171 in
461 4115 575 4190 primam

709 1245 812 1294 tautum
833 1236 919 1294 aciem
940 1220 1098 1292 sed‘etiam
1115 1232 1161 1293 ad
1229 1238 1231 1245 '
1258 1278 1262 1293 .

709 1323 888 1382 subsidiarios
910 1323 1074 1405 perlatum“.
1107 1343 1158 1378 nee

709 1421 800 1469 umen
818 1411 863 1467 illa
882 1411 1069 1468 emendatione
1089 1430 1159 1489 opus
1192 1440 1196 1446 ·

710 1500 819 1556 videtur
832 1518 893 1555 cum
903 1499 1032 1577 permulti
1042 1498 1098 1555 loei
1110 1498 1159 1554 do·

713 1595 790 1642 ceant
799 1586 905 1642 Livium
916 1585 999 1661 altero
1011 1586 1072 1643 loco
1082 1605 1159 1663 prae·

711 1675 875 1751 positionem
894 1672 1015 1749 suppleri
1032 1674 1159 1733 voluisse.

711 1757 756 1818 Cf.
774 1757 854 1837 paulo
874 1768 937 1835 post
954 1761 1004 1828 „in
1024 1759 1108 1815 oeulis
1122 1770 1157 1815 at·

713 1867 765 1924 que
787 1846 929 1906 auribus“.
959 1878 992 1889 —
1020 1844 1049 1902 M
1066 1865 1102 1904 m.
1120 1848 1161 1903 Ἅι
1225 1874 1236 1881 ·-

714 1934 747 1990 ab
766 1933 909 1994 seditione.
925 1954 960 1992 m.
981 1938 1019 1992 t:
1038 1934 1072 1990 ab
1089 1932 1161 1989 sedi·

713 2021 825 2079 tionem.
843 2019 879 2076 P:
899 2022 935 2076 ab
947 2019 1116 2080 seditionem.
1127 2051 1161 2063 -

712 2107 754 2165 lll:
772 2107 804 2167 T.
823 2107 973 2182 Quintium.

659 2240 686 2298 4.
713 2241 741 2295 is
759 2218 937 2318 magistram
961 2238 1111 2315 equitum.-
1134 2235 1162 2293 ll

711 2346 747 2384 m.
767 2328 791 2384 Ξ.
810 2325 841 2384 P.
860 2356 895 2369 ·-
912 2324 940 2382 lli
956 2345 994 2384 m.
1013 2328 1051 2381 1.:
1070 2327 1162 2381 isme-

712 2410 1161 2492 gistratumequitum-Leid.r.z
1257 2445 1260 2450 ·

710 2501 885 2560 Attritinum.

659 2634 686 2692 7.
713 2632 806 2689 simul
832 2631 935 2710 hostes
962 2653 983 2688 a
1009 2632 1163 2690 moenibus

712 2739 877 2778 recessere:
886 2717 997 2778 Plilrell.
1011 2717 1054 2779 Cf.
1067 2722 1094 2786 3,
1103 2723 1162 2776 5οη

713 2806 794 2863 simul
811 2808 856 2863 his
879 2827 947 2882 quae
965 2806 1094 2864 ridebant
1117 2807 1164 2860 iis·
1233 2840 1244 2857 1

715 2912 768 2966 que
787 2902 837 2950 cet.
851 2924 884 2933 —
898 2891 1026 2948 flevero:
1044 2890 1166 2948 simulet

698 2978 807 3059 'hostes
827 2988 878 3038 eet.
891 3010 926 3022 -
944 2978 975 3035 ln
993 2977 1015 3034 Ρ
1033 2979 1164 3055 seriptum

688 3060 772 3122 *erat
795 3069 889 3126 m.1.:
916 3076 946 3125 et
968 3066 1099 3125 iuniores
1122 3064 1166 3122 ad
1189 3098 1192 3105 =

716 3154 844 3214 edictum
867 3157 933 3213 sine
956 3155 1165 3210 retractatione

714 3263 894 3301 conuenere:
913 3241 987 3319 quod
1000 3241 1066 3296 milri
1084 3261 1165 3314 quam

714 3331 830 3387 maxime
841 3327 938 3404 placet.
957 3328 1018 3403 quis
1031 3328 1104 3401 er*
1116 3325 1163 3381 du·

714 3416 812 3473 bitaret
835 3418 900 3491 quin
925 3414 958 3470 de
975 3413 1105 3471 Romanis
1123 3414 1164 3471 iu·

715 3502 830 3560 renibus
853 3500 1015 3559 referretur?
1035 3498 1164 3569 sedeam

716 3589 799 3645 altera
822 3607 903 3644 manu
926 3590 1006 3645 etiam
1021 3586 1057 3645 ¹iu
1077 3588 1098 3645 P
1116 3609 1163 3645 ro-

716 3678 799 3736 mani
824 3675 946 3733 additum
968 3685 1040 3733 esset
1063 3696 1112 3733 uec
1135 3678 1164 3732 in
1212 3746 1216 3751 ι

719 3766 814 3820 ceteris
837 3764 916 3824 codd.
943 3785 1042 3821 nornen
1070 3764 1164 3820 deesse

717 3853 870 3920 videretur,
897 3863 924 3908 et
946 3856 1005 3930 ipse
1033 3854 1163 3909 iuniores

717 3943 835 3998 romani
849 3942 955 4023 scripsi.
980 3972 1015 3984 —
1042 3940 1082 3997 tl:
1104 3943 1163 3996 sine

717 4047 747 4083 re
763 4031 767 4100 Ι
783 4031 922 4089 tructione.
952 4026 1026 4089 llarl.
1047 4047 1079 4085 1:
1103 4030 1163 4086 sine

716 4119 913 4175 retractatione.
932 4114 977 4176 Cf.
994 4118 1022 4184 3,
1040 4118 1085 4175 69.
