2618 4590
165 262 231 334 398
621 277 730 337 amatr
748 276 816 339 vlu.

164 452 322 509 ctutorem
344 442 447 510 etius
470 440 643 510 dictaturae
666 441 840 532 extinguat
878 441 966 531 quod
988 441 1016 507 si
1037 440 1187 524 fecisset,
1208 464 1265 510 uon

165 545 203 615 11.
225 546 386 637 Papirium
408 547 467 614 sed
489 547 633 615 tribunos
655 547 713 614 sed
740 569 876 638 pravum
907 546 1018 635 populi
1039 544 1265 613 iudiciumne

164 653 319 745 quiquam
333 663 495 749 'posteros
522 661 743 735 recusaturos,
770 676 846 719 cum
871 649 995 742 polluta
1018 649 1123 717 semel
1147 650 1265 717 militari

163 756 327 851 disciplina
357 779 422 822 non
451 757 544 824 miles
573 755 765 823 centurionis
792 780 859 823 non
889 754 1032 822 centurio
1059 754 1180 820 tribuni
1207 778 1264 821 uon

128 863 307 934 stribunus
329 861 424 953 legati
446 885 512 929 non
533 860 656 952 legatus
686 860 825 928 consulis
854 884 920 927 non
947 858 1098 948 magister
1126 859 1264 949 equitum

163 967 324 1036 dictatoris
347 976 457 1057 pareat
471 963 616 1056 imperio,
637 989 734 1033 nemo
749 964 917 1032 hominum
937 986 1035 1030 nemo
1058 962 1199 1029 deorum
1220 988 1263 1030 ve

162 1073 348 1147 recundiam
369 1070 496 1153 habeat,
517 1095 584 1138 non
607 1070 708 1137 edicta
725 1069 954 1161 imperatomm
975 1089 1041 1133 non
1058 1067 1200 1157 auspicia
1218 1067 1263 1134 ult

56 1236 78 1264 Ι.
162 1188 344 1258 serventur,
365 1175 434 1243 sine
456 1186 640 1243 commeatu
663 1174 734 1265 vagi
757 1175 873 1243 milites
894 1172 928 1239 in
948 1182 1064 1262 pacato
1088 1168 1122 1237 in
1144 1171 1263 1240 hostico

162 1282 277 1363 errent,
298 1280 491 1347 inmemores
513 1279 702 1346 sacramenti
723 1279 849 1347 licentia
872 1277 940 1344 sola
963 1298 1076 1342 suase
1092 1276 1151 1342 ubi
1172 1277 1264 1344 velint

117 1403 152 1457 to
164 1395 381 1467 exauctorem,
402 1383 613 1474 infrequentia
629 1385 814 1453 deserantur
829 1382 917 1473 signa
933 1403 1041 1470 neque
1059 1381 1264 1450 conveniatur

236 1595 354 1654 bendum
373 1596 504 1653 coniecit:
527 1595 556 1650 in
576 1615 609 1652 se
629 1615 681 1670 po·

232 1685 380 1741 tissimum
399 1683 544 1741 dictatore
565 1683 612 1741 ius
631 1691 681 1740 cet.

232 1771 281 1829 sed
299 1780 329 1830 et
346 1770 440 1828 deesse
458 1791 513 1827 non
530 1779 628 1848 potest.

181 1906 206 1964 1.
234 1903 320 1980 quod
329 1904 358 1959 si
360 1902 492 1974 fecisset
503 1920 563 1957 non
575 1902 609 1960 L.
622 1901 680 1958 Pa·

229 1992 340 2068 pir-ium
370 1990 427 2047 sed
455 1991 590 2046 tribunos
622 1988 680 2045 sed

230 2077 619 2154 prauumpopuiiiudieium
629 2095 678 2132 ne·

233 2169 377 2243 quiquam
397 2173 536 2240 posteros
557 2182 679 2221 accussa-

232 2261 333 2308 turos:
356 2251 394 2307 P:
421 2254 475 2308 nisi
499 2251 572 2327 quod
591 2271 626 2310 m.
653 2253 678 2308 1.

232 2347 443 2394 accusenturos
467 2341 597 2415 scriptum
622 2337 678 2393 fue·

232 2434 282 2482 rat.
301 2455 335 2465 -
361 2423 404 2481 dl:
423 2423 473 2479 sed
491 2424 612 2480 tribunos
629 2422 678 2480 sed

230 2509 541 2589 paruulpopuliiudiciir
551 2513 678 2586 quiquam

229 2606 355 2678 posteros
374 2608 553 2658 accusaturus.
589 2597 632 2656 Cf.
651 2603 677 2668 3,

232 2689 288 2745 11.:
312 2705 398 2762 neque
420 2705 498 2742 suum
521 2689 617 2765 cuique
634 2689 677 2744 ius

230 2773 341 2833 modum
359 2773 487 2843 faciebat,
506 2777 562 2831 sed
579 2776 675 2832 virium

229 2882 279 2941 spe
305 2862 364 2919 sed
392 2882 471 2919 manu
500 2863 675 2919 obtinendum

228 2959 286 3006 erat
321 2948 395 3024 quod
433 2951 594 3006 intenderes.
640 2982 674 2992 -

229 3036 309 3095 Voss.
321 3055 348 3094 n.
362 3036 408 3094 ai:
427 3035 570 3092 dictatorio
583 3048 676 3113 pareat

227 3125 350 3202 imperio.

173 3246 202 3307 7.
227 3265 287 3304 non
296 3243 674 3320 edistaimperutornmnon

228 3334 364 3407 auspiciu
377 3332 586 3390 observentur.-
597 3330 625 3390 Μ
638 3354 674 3394 m.

226 3423 252 3478 2.
272 3419 303 3479 P.
322 3452 356 3464 -
379 3419 406 3477 M
424 3440 458 3480 m.
479 3423 517 3479 1.:
542 3420 672 3478 nonnedi·

226 3516 269 3564 cta
287 3508 479 3586 imperatorum
498 3517 548 3569 cet.
567 3541 602 3552 ·-
623 3508 672 3565 Pul

129 3639 131 3642 .
227 3590 303 3652 Harl.
317 3613 334 3650 1.
354 3593 401 3655 aL:
419 3598 447 3652 in
465 3605 562 3674 pacato
581 3597 608 3652 in
622 3595 671 3651 ho·

223 3682 294 3737 atico
306 3691 433 3738 errarent.
451 3683 527 3742 Leid.
541 3703 572 3743 u:
585 3685 613 3739 in
622 3683 671 3739 ho·

223 3767 294 3823 stieo
313 3779 475 3830 coercerent.
493 3770 560 3827 Lov.
572 3770 613 3828 ti:
627 3789 671 3825 co·

223 3863 322 3913 errent.
341 3852 411 3911 Cum
423 3865 573 3936 temporum
589 3858 670 3912 ratio·

222 3959 272 3997 nes
290 3960 346 3997 nun
357 3946 493 4000 mutentur
512 3952 538 3999 et
549 3962 617 4018 quae
629 3962 670 3998 re·

187 4090 191 4097 Ι
222 4024 358 4104 liquorum
371 4030 450 4088 huius
462 4028 516 4087 loci
525 4026 669 4086 verborum

822 1591 944 1660 destris,
962 1590 1152 1669 imperfectum
1170 1592 1222 1669 uisi
1237 1590 1263 1646 li·

822 1680 973 1737 brutiorum
1004 1678 1103 1749 mendo
1140 1681 1264 1758 scriptum

822 1767 910 1824 uideri
928 1787 982 1822 uon
1000 1775 1102 1844 potest.

769 1856 796 1914 9.
824 1856 999 1911 inmemores
1030 1855 1213 1910 sacramenti
1236 1853 1265 1909 li·

822 1941 1265 1998 mmmmwfflm

820 2029 877 2086 lint
905 2036 1118 2084 exauctor-ent:
1146 2029 1265 2108 cx‘eoui.

820 2117 872 2189 m.]
891 2117 1053 2172 inmemores
1066 2118 1227 2171 sacramenti
1237 2114 1265 2171 ti·

821 2204 908 2259 centia
932 2200 990 2258 sola
1011 2221 1042 2257 se
1064 2202 1111 2258 nbi
1129 2213 1183 2262 cet.
1201 2201 1265 2272 (tl).

820 2321 855 2332 -
885 2287 1035 2346 Cuiusnam
1056 2287 1187 2347 licentia?
1214 2309 1263 2346 non

821 2376 920 2433 ducum
939 2376 988 2433 sed
1000 2375 1115 2432 militum
1130 2379 1263 2456 ,ipsommz

821 2484 903 2541 quare
921 2484 979 2520 suu
997 2462 1092 2519 deesse
1103 2466 1150 2520 rix
1168 2475 1265 2543 potest.

811 2544 869 2607 ¹sed
893 2560 922 2607 ut
944 2553 981 2607 ita
1005 2571 1020 2607 a
1038 2549 1119 2607 Livio
1136 2553 1263 2629 scriptum

819 2658 880 2695 esse
897 2639 1020 2706 arbitrer,
1038 2633 1104 2694 facit
1120 2639 1263 2696 multorum

817 2737 846 2782 et
869 2726 1000 2782 bonorum
1023 2723 1155 2782 librorum
1175 2736 1262 2783 aucto·

817 2815 896 2870 ritas:
915 2833 978 2870 nam
995 2815 1024 2870 in
1035 2811 1139 2873 Thusn.
1155 2812 1230 2872 Harl.
1246 2832 1262 2871 ι.

818 2899 852 2960 al.
864 2904 1002 2959 inventum
1012 2910 1054 2958 est
1065 2898 1194 2970 „licentia
1207 2899 1262 2956 sola

817 3008 882 3044 uase
912 2989 995 3056 ubi“‚
1031 2996 1058 3044 et
1086 2988 1116 3043 in
1143 2985 1224 3046 Leid.
1246 3007 1263 3046 1.

816 3072 885 3134 Lov.
899 3077 940 3130 d:
959 3073 1105 3151 „licentias
1123 3072 1181 3130 sola
1195 3095 1263 3132 unse

817 3160 897 3220 ubi“.
916 3160 997 3236 Quod
1010 3161 1030 3223 l.
1043 3162 1088 3222 Fr.
1101 3161 1187 3221 Grou.
1201 3183 1261 3219 con·

816 3248 889 3317 iecit,
901 3270 951 3327 pro
966 3254 1006 3306 uu
1018 3250 1192 3307 scribendum
1205 3270 1261 3308 esse

815 3338 890 3415 uugi
903 3337 1010 3412 probari
1027 3338 1074 3394 vix
1085 3340 1183 3416 possit,
1202 3357 1259 3395 cum

813 3424 908 3481 eadem
925 3444 979 3482 vox
1002 3423 1082 3500 paulo
1108 3436 1170 3484 unte
1192 3425 1259 3502 loga·

812 3517 865 3569 tur.
876 3501 916 3554 ’-
938 3510 1019 3572 Recc.
1037 3511 1148 3591 quidam
1166 3514 1256 3572 codd:

813 3595 921 3655 licentia
945 3599 1003 3657 sola
1026 3622 1078 3678 qua
1102 3621 1132 3658 ss
1150 3602 1198 3657 ubi
1215 3621 1255 3656 ue·

812 3681 864 3740 lint
886 3695 937 3746 oet.
966 3685 989 3743 P
1012 3686 1072 3747 cod.
1094 3686 1191 3747 Kloelt.
1213 3687 1255 3747 ai:

812 3769 922 3829 licentia
941 3773 998 3831 sols
1017 3775 1063 3831 nbi
1082 3774 1168 3831 uelint
1180 3795 1256 3832 exau·

813 3866 925 3918 ctorent.
937 3890 972 3901 -
985 3859 1017 3917 in
1029 3860 1103 3920 Harl.
1120 3881 1138 3921 ι.
1151 3861 1227 3921 Leid.
1239 3880 1256 3917 r.

811 3942 880 4004 Lov.
898 3948 923 4005 4.
942 3945 976 4007 al.
999 3949 1131 4026 scriptum
1150 3961 1192 4009 est
1210 3949 1259 4007 ubi

811 4034 893 4089 uelut
909 4054 960 4113 pro
979 4037 1030 4092 ubi
1046 4039 1147 4095 uelint.
1167 4047 1169 4050 ’

224 4120 266 4168 est
287 4113 382 4174 eadem
406 4127 434 4174 et
454 4119 484 4174 in
505 4125 607 4175 errent
623 4135 676 4176 vu·
729 4117 783 4177 ¹1⁰.
809 4119 1013 4197 infrequentia
1025 4121 1254 4183 deseruntnrsi·
