2618 4590
480 292 594 367 „tibuit
611 294 681 356 itu.
872 325 881 348 κ
1065 288 1130 359 307
1151 313 1158 325 ’

30 471 107 529 eret.
149 457 268 552 Clipeis
291 471 383 526 antee
400 455 536 526 Romani
550 450 600 524 usi
614 469 697 542 sunt,
721 452 802 543 dein,
823 467 996 553 postquam
1016 462 1131 556 stipem.

29 566 117 633 diarii
139 566 215 633 fecti
237 575 320 646 sunt,
342 575 432 631 scuta
454 582 514 655 pro
529 563 639 654 clipeis
654 563 774 630 feceret
796 575 829 632 et
843 568 932 656 quod
947 581 1039 637 entes
1054 569 1131 662 phe-

28 666 139 760 lenges
163 669 282 736 similes
303 665 527 753 Macedonicis,
550 667 614 735 hec
635 679 748 759 postea
770 671 991 761 manipulatim
1012 686 1131 743 structe

28 775 114 842 ecies
137 775 244 866 coepit
266 797 353 842 esse:
374 784 539 865 postremo
561 773 594 840 in
615 772 724 864 plures
747 773 873 843 ordines
887 775 1131 847 instruebantur.

27 879 109 947 ordo
131 901 309 970 sexagenos
331 880 458 963 milites,
478 879 559 946 duos
576 877 789 964 centuriones,
810 879 1010 950 vexillarium
1031 897 1160 951 unmn5

47 1087 72 1145 l.
98 1087 201 1162 clipeis
229 1092 320 1148 antio
342 1090 473 1147 Romani
497 1085 546 1146 usi
685 1087 764 1162 longe
789 1086 873 1146 lorme
897 1096 963 1150 eret
998 1088 1033 1148 dc
1053 1100 1131 1152 scuto

97 1183 182 1231 erent:
201 1175 226 1232 ll
244 1196 280 1236 m.
298 1179 324 1237 2.
340 1186 368 1232 et
381 1196 450 1235 rece.
464 1175 543 1235 codd⁴
685 1194 797 1231 romano
816 1175 850 1234 cl.
868 1175 963 1253 Polyb.
981 1179 1009 1247 6,
1026 1180 1070 1238 23.

46 1310 50 1318 .
97 1292 132 1304 -
154 1258 235 1323 itm.
256 1266 280 1323 1.
298 1261 333 1320 Pr
361 1262 479 1341 „clipeis
498 1283 543 1318 en*
631 1261 657 1320 9.
685 1271 714 1320 ei
739 1261 823 1338 quod
847 1270 938 1320 antea
961 1264 1131 1344 phalanges

95 1355 138 1404 tce
156 1354 275 1408 romanis
293 1351 447 1409 usi'sunt“t
466 1352 543 1428 quasi
685 1351 799 1406 similes
834 1350 1037 1409 Macedonicis
1074 1351 1131 1408 hoc

97 1437 132 1492 de
149 1435 254 1494 Letlnls
276 1437 330 1494 hoc
351 1440 482 1516 scriptum
501 1456 542 1494 ese

95 1532 150 1592 eet,
177 1544 338 1601 quemquem
364 1526 394 1582 ld
420 1526 544 1602 sequenti

96 1613 220 1667 cretione
240 1611 379 1672 refellitur.
409 1611 458 1668 sed
482 1631 544 1668 cum

14 1736 21 1746 -
95 1696 176 1779 paulo
195 1707 259 1776 post
275 1696 304 1755 in
317 1699 365 1757 Plll
376 1700 464 1777 primo
477 1700 544 1756 scri-

96 1794 172 1861 ptum
199 1785 237 1841 sit
254 1784 339 1857 facti
358 1795 444 1843 sauia
465 1793 543 1854 euni,

95 1871 159 1928 dein
177 1868 272 1928 eedem
292 1869 346 1930 nisi
368 1871 447 1930 lellor
462 1893 543 1929 manu

98 1961 251 2016 restitutum
264 1959 349 2032 sccii
357 1967 374 2018 i
392 1969 476 2018 scuto
485 1981 542 2036 pro

96 2055 162 2114 cet,
194 2046 255 2103 fieri
285 2057 376 2126 potest
404 2057 433 2104 ut
462 2024 543 2104 etiem

94 2136 188 2209 priore
205 2134 266 2192 loco
280 2155 335 2191 non
350 2137 482 2192 romanis
493 2132 542 2192 scd

94 2224 245 2280 romareii
262 2221 541 2296 scribendum'luerit‚
567 2233 570 2244 “

95 2306 228 2386 huiusque
250 2309 304 2367 loci
326 2313 429 2384 integre
452 2313 539 2392 cretio

96 2393 178 2450 luerit
203 2395 286 2454 bees:
317 2397 435 2476 „clipeis
462 2408 540 2456 entee

93 2478 208 2540 Rotnani
225 2494 289 2541 eunt
305 2487 357 2553 usi,
375 2485 448 2552 dein,
465 2495 539 2564 post·

93 2590 173 2646 quem
190 2571 360 2648 stipendiarii
383 2573 445 2629 lecti
468 2583 541 2643 sunt,

93 2666 169 2712 scuta
186 2677 236 2735 pro
255 2657 349 2732 clipeis
367 2659 486 2721 lecere“.

42 2769 77 2785 2-
97 2743 181 2798 dein:
205 2743 254 2799 PM
279 2743 356 2802 Leti.
374 2740 408 2817 l.]
433 2745 539 2805 deinde

95 2827 139 2887 Cl.
156 2824 191 2896 8,'
207 2833 232 2888 i.
257 2860 292 2873 -
320 2829 556 2905 Stipendiarioe,

94 2934 222 2974 nenses
247 2916 336 2974 solnm
359 2935 419 2973 esse
443 2919 541 2995 quibus

93 3004 258 3082 stipendium
267 2997 541 3074 solvendumslt,sed

18 3096 23 3104 ”
93 3095 174 3148 etiem
201 3094 249 3170 qul
278 3091 456 3168 stipendium·
471 3094 540 3149 eccl*

93 3181 182 3255 pient,
203 3176 255 3235 vel
265 3186 358 3236 auctor
375 3178 438 3236 belli
456 3179 540 3240 Afric

97 3286 120 3324 c.
139 3267 182 3326 le.
202 3267 290 3327 docet.
309 3267 343 3326 ci.
360 3265 420 3326 Lir.
438 3270 465 3337 l,
482 3269 540 3327 eea

10 3365 12 3370 '
95 3353 216 3410 additum
234 3353 332 3411 deinde
348 3358 467 3413 omnium
485 3374 540 3413 me·

94 3443 167 3497 xime
178 3442 338 3517 tempestivo
350 3443 502 3520 principum
512 3445 541 3500 in

94 3525 292 3584 multitudinem
304 3548 422 3595 munere,
438 3540 542 3611 utente

95 3616 259 3673 mentionem
282 3614 363 3672 ullam
386 3614 474 3693 plebis
494 3619 541 3673 ui·

94 3704 280 3779 bonorumque
293 3702 449 3759 decerneret
466 3722 542 3783 sens-r

94 3800 139 3846 tes
165 3800 195 3846 ut
216 3790 381 3868 stipendium
403 3788 482 3846 miles
507 3789 543 3847 de

94 3877 203 3956 publico
226 3881 372 3954 sculperet,
398 3893 458 3934 eum
480 3887 543 3935 ente

50 3966 54 3971 ’
96 3964 128 4023 id
153 3974 258 4044 tempus
285 3966 320 4023 de
349 3984 399 4022 suo
428 3965 542 4044 quisque

97 4050 205 4109 functus
223 4072 256 4110 eo
273 4068 384 4131 munere
395 4057 496 4112 essen.
506 4080 541 4096 -·-

97 4139 221 4217 Clipeum
233 4139 358 4213 rotunde,
374 4148 479 4199 scutum
495 4139 541 4196 ob«

660 1454 668 1465 ·
682 1445 753 1512 post
762 1438 1131 1512 eamanipuloiimeiructa

684 1525 766 1579 acies
787 1525 883 1597 coepit
905 1544 988 1582 esec:
1012 1522 1069 1584 Pii.
1095 1556 1130 1568 -

621 1668 624 1673 ,
685 1608 706 1668 l.
729 1608 773 1668 Fr.
796 1609 880 1666 Grou.
908 1612 991 1667 scribi
1016 1610 1132 1670 melebet

684 1704 736 1762 „et
745 1715 814 1770 queo
826 1705 903 1750 antee
913 1728 947 1739 -
959 1696 1026 1754 bueo
1036 1709 1130 1773 postea

685 1812 720 1824 -
744 1783 816 1840 ecies
844 1783 935 1859 coepit
961 1789 1053 1842 esse“.
1080 1786 1131 1843 sed

685 1868 720 1928 cl.
739 1864 770 1938 l,
788 1872 847 1927 :ruz
873 1872 899 1927 si
920 1870 975 1926 boc
998 1871 1131 1948 molestie
1186 1912 1190 1919 x

684 1965 713 2011 et
730 1976 784 2013 non
803 1956 864 2033 luge
883 1965 933 2016 ests
962 1959 997 2025 3,
1014 1960 1072 2018 ild:
1096 1959 1131 2016 ed

681 2042 794 2100 Eretum
807 2073 840 2086 -·
854 2053 940 2100 cestre
951 2043 1044 2102 locent
1054 2065 1131 2125 spem

684 2131 714 2188 in
737 2130 873 2188 discordie
896 2146 1005 2188 romane
1028 2146 1130 2210 ponens

684 2225 739 2284 tes,
758 2237 816 2274 eum
834 2218 1046 2296 inpedimentum
1064 2220 1130 2278 dile·

683 2307 738 2362 etul
756 2304 822 2366 lore.
842 2303 876 2365 el.

629 2392 656 2450 i.
679 2400 832 2467 postremo
850 2388 995 2468 ireplures
1008 2395 1130 2454 ordines

681 2480 918 2541 instruebantur:
930 2482 992 2542 eu:
1005 2481 1064 2540 soil.
1074 2481 1129 2540 lto·

681 2566 764 2625 meni.
782 2598 817 2610 -
841 2566 922 2630 Reco.
940 2571 1016 2649 quid
1034 2571 1129 2631 codd:

682 2654 903 2713 instruebature
921 2657 981 2717 scil.
995 2656 1075 2717 ecies.
1094 2688 1128 2701 -·

681 2737 725 2794 Ad
743 2759 777 2824 ee
793 2760 862 2818 ques
885 2755 1035 2820 sequuntur
1051 2737 1129 2801 intel⁴

626 2846 628 2851 ·
681 2822 788 2900 llgcnde
811 2827 846 2886 cl.
864 2827 959 2902 Polyb.
977 2832 1009 2896 e,
1027 2832 1071 2890 et,
1088 2835 1128 2889 5.=

681 2906 735 2968 nul
761 2912 791 2970 id
815 2900 872 2983 niu
899 2900 983 2988 nique
1005 2906 1129 2974 ’ἕκαστον

682 2995 827 3058 ledum
853 2990 907 3057 eal
942 3001 1042 3079 rcipias
1075 3001 1129 3062 uel
1181 3024 1185 3039 “

683 3084 801 3162 usipus
816 3080 869 3146 eol
885 3074 1024 3162 onmium
1041 3082 1127 3149 Verre
1218 3115 1229 3141 v

682 3174 700 3234 Ι.
712 3170 730 3234 l.
748 3178 775 3245 5,
786 3179 847 3236 een
865 3176 1035 3252 manipulos
1052 3194 1127 3236 exero

682 3264 751 3318 cites
780 3265 906 3320 minimus
935 3284 1030 3320 menos
1060 3283 1128 3342 ques

683 3369 765 3406 unum
782 3360 931 3428 sequuntur
948 3355 1062 3427 signum.

629 3434 657 3496 ὅ,
691 3436 783 3493 ordo
803 3456 981 3514 comagenos,
1008 3440 1127 3509 milites,
1224 3423 1227 3430 ¹

684 3523 762 3580 duos
791 3526 976 3581 centuriones
1002 3528 1128 3584 ossilla·

684 3612 761 3668 rium
790 3630 880 3667 unum
909 3611 1050 3671 habebetis
1078 3614 1128 3674 Pl!

683 3696 741 3755 rell.
764 3730 798 3742 -
821 3697 932 3776 Lipsius
954 3710 982 3758 et
1005 3703 1052 3778 qui
1070 3705 1128 3760 cios

683 3789 1127 3857 eustoritetemsecutisent„ordo

684 3890 854 3953 sexagenos
895 3878 1005 3934 milites
1041 3876 1127 3945 duos,

683 3964 882 4020 centurionem
894 3971 923 4019 ei
936 3960 1128 4021 vexillarium

684 4063 774 4106 unani
796 4049 947 4106 leodedaffl
971 4050 1053 4108 scribi
1080 4070 1127 4109 re·
1187 4048 1190 4052 ⁵

684 4134 797 4204 luerunt,
815 4129 889 4212 qubd
906 4135 988 4213 peulo
1005 4149 1069 4215 poet
1085 4159 1126 4195 re-

693 4226 932 4297 .'‘lb⁸
