2618 4590
637 262 747 328 ulum
764 268 811 330 Vb

169 435 274 504 iectos
296 434 398 504 bostis
419 434 452 500 in
473 455 550 524 agro
571 433 696 501 Gabino
718 433 900 501 consedisse
922 430 1125 519 nuntiabatur
1146 469 1208 513 -‚
1231 432 1276 498 iu·

169 541 264 608 terim
286 538 552 629 tribunusplebis
574 539 659 605 fama
681 560 720 605 ea
741 538 810 628 ipsa
831 537 1013 604 inritaverat
1037 533 1137 625 magis
1160 537 1203 602 ad
1225 560 1276 604 su-

170 656 317 736 sceptum
340 657 502 713 certamen
522 648 621 736 quarn
642 644 852 725 deterruerat,
882 666 988 733 neque
1017 641 1102 708 aliud
1129 642 1170 708 ad
1193 643 1275 709 sedi-

136 739 138 743 ’
162 751 289 818 tionem
312 751 559 840 extbrguendam
580 750 613 815 in
635 748 714 815 urbe
737 771 834 839 quam
862 770 964 838 prope
992 746 1126 814 inlatum
1141 748 1275 815 moeni-

128 855 229 927 sbus
251 852 328 943 ipsis
350 854 473 921 bellurn
495 854 604 921 valuit.

255 956 404 1026 XXVIII.
448 956 533 1024 Nam
555 981 631 1024 eum
660 966 745 1024 e'sset
766 957 976 1025 Praenestinis
1003 956 1183 1023 nuntiatum
1206 958 1274 1023 nnI-

166 1063 235 1130 Imn
257 1063 434 1131 exercitum
455 1062 671 1152 conscriptum
692 1062 829 1145 Rornae,
857 1061 982 1128 nuIIum
1005 1061 1122 1128 ducem
1150 1072 1275 1128 certum

167 1191 256 1251 esse,
284 1179 391 1258 patres
415 1190 452 1234 ac
473 1167 604 1258 plebem
625 1166 658 1232 in
679 1179 783 1234 semet
803 1167 891 1258 ipsos
914 1189 1040 1248 versos,
1070 1165 1276 1237 occasionem

165 1272 225 1338 rati
252 1270 351 1339 duces
380 1295 493 1340 eorum
519 1273 635 1364 raptim
657 1273 782 1364 agmine
810 1283 882 1340 acto
911 1270 1100 1362 pervastatis
1128 1270 1274 1360 protinus

235 1489 313 1551 Laid.
323 1493 352 1563 r.]
361 1490 497 1569 proiectos
506 1491 597 1549 bootes
604 1490 683 1561 (PM).

237 1576 419 1650 „Profectus
432 1579 592 1638 boatis“.et
606 1601 683 1637 accu-

235 1667 338 1723 sativus
361 1675 389 1723 et
415 1669 596 1727 nominativus
623 1688 683 1727 esse

233 1762 337 1833 potest:
357 1763 450 1810 notum
464 1757 535 1813 enim
547 1765 588 1811 est
600 1757 682 1813 inter·

234 1839 299 1898 dum
324 1848 351 1895 et
368 1839 477 1898 Livium
498 1841 551 1899 boc
574 1862 682 1898 accusa·
719 1838 722 1843 ’

235 1928 292 1983 tivo
311 1928 437 1988 cumini.
456 1931 504 1998 uti,
523 1949 683 2006 quamquam

233 2015 416 2072 nominativus
435 2037 496 2073 cum
513 2015 561 2076 ini.
583 2017 683 2073 latinae

232 2099 338 2174 linguae
356 2106 456 2159 rationi
473 2105 558 2177 magis
569 2123 681 2179 respon·

234 2186 325 2245 debat.
342 2193 383 2245 sic
395 2194 421 2256 ,3,
435 2193 490 2250 10.:
510 2191 629 2258 „bovem
641 2189 681 2245 lo-

235 2284 324 2332 cutam
343 2271 498 2333 creditum“
521 2276 626 2354 aliaque
644 2278 680 2332 si·

232 2359 308 2416 milia
327 2365 427 2440 scripta
451 2372 523 2421 sunt.
559 2363 612 2419 Pro
632 2384 680 2418 no·

138 2452 144 2467 ⁵
232 2449 363 2504 minativo
382 2470 446 2506 vero
462 2450 613 2506 habuerunt
624 2450 680 2511 Pal.

232 2538 258 2592 1.
277 2538 303 2594 3.
321 2535 402 2595 Voss.
420 2556 446 2595 ιι.
464 2535 578 2594 aliorum
604 2538 679 2595 codi-

228 2634 293 2678 'cmn
310 2623 429 2693 librarii,
454 2627 501 2702 qui
520 2624 699 2703 „proiectus

150 2718 153 2745 ³
230 2710 317 2767 hostis
335 2743 369 2756 -
384 2714 577 2770 nuntiabatur‘⁴
595 2714 679 2769 scribi

230 2799 372 2859 voluerint.
400 2801 442 2857 sic
460 2803 490 2868 3,
509 2804 535 2858 7.
558 2802 587 2856 in
610 2803 677 2856 anti-

229 2888 370 2966 quioribus
389 2888 468 2946 codd.
481 2891 610 2966 scriptum
621 2897 678 2944 erat

229 2974 349 3040 „nuIIam
366 2995 443 3052 spem
459 2978 563 3034 animos
582 2996 676 3033 eorum

164 3087 167 3092 ·
230 3062 334 3134 cepit“‚
353 3063 381 3115 iu
393 3063 589 3117 recentioribus
601 3066 676 3129 „ani-

231 3152 322 3204 mus“.
353 3149 384 3215 2,
403 3151 446 3206 45.
469 3150 497 3202 in
520 3146 580 3203 aliis
598 3149 676 3206 Iibris
731 3202 735 3209 .

228 3252 307 3299 „non
326 3233 395 3290 ultra
413 3235 603 3292 contumeliam
619 3241 676 3314 pati

226 3319 364 3378 Romanos
373 3328 477 3398 posse“
488 3327 516 3380 in
527 3323 586 3380 aliis
597 3325 675 3394 „Ro-

225 3408 675 3487 manas“:multaquealiaeiusdem

145 3510 149 3527 ¹
230 3499 383 3568 generIs.—
397 3497 507 3556 InIIarI.
519 3520 536 3559 r.
549 3511 590 3556 est
600 3522 673 3558 nura-

163 3608 166 3613 ·
224 3584 383 3643 titubanter.
397 3584 470 3642 Num
480 3590 675 3645 nuntiabant?

174 3672 199 3728 1.

227 3671 259 3725 in
276 3691 351 3749 agro
365 3664 498 3733 Gabino:
516 3675 568 3735 Iac.
587 3676 672 3735 Gron.

226 3786 261 3798 -
291 3759 322 3814 In
340 3759 388 3817 PII
413 3771 441 3816 et
464 3765 493 3818 in
514 3763 572 3823 reII.
591 3764 672 3824 codd.
718 3776 721 3783 '

225 3846 355 3924 scriptum
374 3858 414 3904 est
426 3852 457 3905 in
469 3869 543 3928 agro
556 3853 671 3921 sabino,

224 3935 268 3990 cai
285 3936 435 4009 scripturae
457 3935 579 3993 locorum
601 3941 670 3997 ratio
718 3970 721 3976 ¹

224 4019 360 4078 adversari
377 4022 492 4083 videtur.
521 4044 573 4100 per
590 4023 671 4081 Gabi·

222 4126 320 4166 noram
337 4127 402 4166 vero
415 4124 494 4187 agros
505 4109 672 4171 Pmeneatini

826 1501 900 1548 recto
919 1493 1015 1546 itinere
1033 1488 1146 1547 Romam
1164 1489 1273 1566 proiici-

825 1581 866 1634 sci
892 1588 1029 1654 poterant,
1060 1597 1143 1654 quare
1166 1587 1194 1633 et
1220 1579 1274 1655 ipsi

825 1665 878 1724 Iac.
891 1664 1058 1722 Gronovium
1070 1667 1156 1722 secuti
1171 1685 1273 1726 sumus,

825 1751 868 1811 Cf.
887 1754 914 1821 6,
933 1755 976 1808 21.
1018 1784 1020 1789 <

790 1885 796 1899 .
824 1841 942 1896 interim
959 1850 995 1899 tr.
1003 1840 1045 1915 pl.
1053 1838 1147 1912 fania
1158 1859 1195 1896 ea
1207 1841 1273 1914 ipsa

824 1931 1019 1984 inritauerat:
1037 1926 1086 1983 PII
1105 1926 1166 1984 cod.
1184 1925 1271 1984 Rbeu.

824 2014 898 2073 Harl.
914 2035 932 2074 1.
955 2046 989 2057 -
1013 2013 1091 2070 Leid.
1109 2033 1127 2072 1.
1147 2011 1226 2071 Voss.
1243 2031 1271 2072 11.

825 2102 872 2160 al.=
882 2103 951 2159 fama
962 2104 1020 2179 ipsa
1033 2110 1083 2159 cet.
1101 2099 1215 2159 Havete.
1226 2100 1272 2161 aI.;

824 2191 894 2247 fama
914 2211 944 2245 ea
963 2193 1036 2248 iorit.
1054 2197 1105 2246 cet.
1119 2220 1153 2231 —
1173 2187 1207 2243 I':
1227 2208 1271 2243 ne·
1299 2178 1305 2183 ⁸

823 2297 877 2354 que
895 2276 969 2336 aliut.
987 2276 1013 2332 III
1031 2275 1108 2333 Laid.
1127 2294 1161 2332 ιι
1180 2275 1210 2330 in
1227 2293 1271 2331 ur·

821 2365 893 2424 bem.
917 2396 951 2408 —
979 2363 1010 2419 Iu
1032 2362 1110 2422 Laid.
1129 2380 1147 2421 r.
1169 2361 1269 2418 excidit

819 2473 920 2528 prope.

767 2537 794 2598 6.
820 2559 890 2595 narn
913 2558 980 2596 cum
1003 2546 1083 2595 esset
1100 2535 1269 2595 Praenesti·

822 2628 869 2682 nie
897 2629 1080 2683 nuntiatum:
1108 2624 1137 2683 Ρ.
1164 2654 1198 2666 -
1228 2623 1268 2682 III:

820 2716 1004 2790 praenestinis
1016 2710 1096 2768 inhia
1108 2712 1268 2768 nuntiatum

766 2803 792 2860 9.
820 2803 927 2876 raptim
944 2804 1063 2881 agmine
1080 2791 1163 2856 acio:
1186 2798 1268 2859 codd.

818 2886 883 2946 PaII.
912 2920 946 2930 -
976 2887 1007 2944 In
1029 2874 1077 2944 PII
1094 2887 1266 2944 Drakenbor-

818 2977 975 3053 abianisque
989 2975 1070 3041 ,libris
1081 2977 1214 3052 scriptum
1225 2984 1268 3031 est

818 3065 927 3136 raptim
950 3064 1068 3140 agmine
1084 3063 1198 3135 facto„
1216 3082 1267 3119 nec

817 3149 869 3204 hoc
883 3169 937 3204 uno
949 3148 1010 3203 loco
1023 3148 1071 3204 sed
1084 3153 1165 3206 etiam
1183 3151 1228 3218 25,
1240 3154 1266 3208 9.

817 3236 846 3291 in
864 3235 924 3294 Pur.
948 3235 1026 3295 colb.
1048 3237 1143 3295 Bamb.
1169 3256 1265 3314 reppe-

816 3325 901 3379 rimus
917 3327 1025 3399 raptr'm
1037 3329 1156 3404 agrariae
1166 3324 1265 3396 facto,

817 3411 866 3478 27,
890 3412 933 3469 16.
952 3413 979 3466 in
999 3412 1102 3467 eisdem
1121 3422 1148 3468 et
1163 3415 1192 3468 in
1210 3411 1265 3467 Ile·

817 3498 870 3556 dic.
893 3500 1004 3554 cursim
1029 3502 1148 3578 agmine
1165 3499 1265 3571 facto.

816 3585 926 3642 dubium
949 3588 1031 3662 igitur
1053 3588 1140 3645 videri
1164 3597 1264 3665 potest,

814 3695 879 3732 num
906 3674 1023 3731 editores
1054 3674 1176 3732 consulto
1204 3694 1263 3750 cge-

814 3763 884 3830 rint,
907 3763 1016 3840 quibis
1038 3763 1107 3820 Iocis
1125 3772 1191 3821 acto
1211 3784 1262 3839 pro

807 3850 897 3922 facto
908 3851 991 3906 scribi
1001 3852 1157 3907 iusserrant.
1172 3860 1199 3905 et
1209 3849 1261 3907 dif-

813 3936 912 3994 ficilius
931 3940 1011 3994 etiam
1028 3938 1108 3994 huius
1130 3939 1170 3994 rei
1189 3938 1260 3994 iudi·

815 4026 886 4081 cium
903 4025 948 4090 fir,
978 4025 1051 4102 quod
1068 4024 1149 4081 verba
1167 4045 1261 4104 ogere

813 4112 1260 4192 etfaccreinterdumidempropc
