2618 4590
132 241 199 315 671
603 254 712 317 bldllll
730 255 765 316 X„

133 419 301 491 intervallo
323 429 426 488 cestra
449 418 563 510 posita.
600 419 681 488 inter
707 418 817 486 hostes
846 416 960 485 deinde
993 414 1245 484 consultationes

136 524 276 608 habitae,
297 535 396 615 atque
409 524 453 593 ita
467 523 618 592 convenit
632 547 674 592 ne
688 522 759 590 unis
776 522 885 591 castris
901 522 1131 590 miscerentur
1148 543 1246 587 omnes

135 652 218 699 neve
239 630 273 695 in
295 631 396 698 aciem
418 628 648 697 descenderent
668 626 778 695 simul:
805 626 1006 695 Samnitibus
1031 626 1146 708 Galli,
1170 625 1245 692 Etru

135 733 198 803 scis
220 733 334 801 Umbri
355 733 484 802 adiecti:
521 732 589 800 dies
610 731 727 798 indicta
748 755 888 823 pugnae:
917 731 1064 799 Samniti
1090 729 1245 820 Gallisque

103 851 122 907 t
138 838 283 930 delegata
305 862 410 928 pugna
432 836 636 927 interipsum
652 847 813 904 certamen
828 835 954 903 Etrusci
970 834 1170 926 Umbrique
1183 833 1244 900 iussi

138 953 241 1011 castra
262 943 408 1010 Romana
431 965 625 1034 oppugnare.
661 940 743 1009 haec
766 939 895 1008 consilia
918 939 1100 1008 turbamnt
1124 938 1244 1007 transba-

136 1071 197 1138 gae
211 1046 333 1115 Clusini
356 1058 421 1115 tros
443 1048 528 1114 clam
542 1059 637 1114 nocte
654 1046 695 1112 ad
711 1045 846 1112 Fabium
860 1044 1032 1111 consulem
1052 1043 1243 1135 transgressi

136 1151 194 1243 qui
216 1151 308 1220 editis
329 1150 471 1219 bostium
494 1150 632 1219 consiliis
661 1149 780 1217 dimissi
807 1173 882 1216 cum
910 1148 1006 1216 donis
1035 1161 1079 1217 ut
1112 1147 1243 1228 subinde,

136 1266 175 1322 ut
196 1277 344 1345 quaeque
367 1278 418 1323 res
440 1278 525 1324 nova
548 1255 676 1323 decreta
699 1266 798 1338 esset,
828 1253 1032 1343 exploratam
1060 1253 1243 1344 perferrent

94 1372 129 1426 to
139 1359 289 1427 consules
305 1360 419 1428 Fulvio
440 1371 478 1429 ut
499 1382 541 1428 ex
555 1359 691 1444 Falisco,
713 1358 878 1429 Postumio
899 1369 937 1426 ut
950 1380 1003 1426 -cx
1018 1357 1191 1428 Vaticano
1205 1382 1243 1425 ex·

208 1586 396 1656 praeterquam
409 1579 483 1657 quod
496 1578 557 1637 inP
571 1599 655 1649 „ean-

207 1667 361 1723 tinantem“
379 1668 509 1745 scriptum
526 1677 576 1726 est.
602 1666 655 1724 Po-

209 1841 303 1917 paucis
322 1841 416 1897 diebus
429 1850 492 1917 post
504 1840 606 1898 cladem
621 1841 656 1898 ad

210 1924 333 1984 Clusium
357 1937 494 2003 acceptam
517 1927 655 1986 Romanos

211 2017 337 2072 omnibus
361 2018 448 2093 copiis
472 2017 501 2072 iu
518 2015 658 2073 Sentinate

212 2122 275 2179 agro
294 2123 422 2178 prospere
440 2122 585 2178 pugnasse:
605 2102 658 2160 nul

213 2189 411 2259 συμβαλόντες
423 2194 493 2248 τοῖσι
504 2197 562 2256 τοῖς
576 2211 657 2265 στρα-

213 2269 336 2340 roaeddotc
354 2273 386 2333 iv
403 2280 436 2348 τῇ
454 2280 512 2334 τῶν
528 2291 660 2335 Erasinu-

213 2364 273 2418 τῶν
295 2361 381 2435 κόρᾳ
401 2363 466 2437 πρὸς
490 2365 557 2429 τοὺς
572 2383 660 2438 spots·

213 2445 357 2519 qquinoue
368 2448 435 2513 rode
445 2445 502 2517 ple
513 2449 661 2514 πλείστους

211 2529 380 2590 ἀπέκτειναν
401 2536 468 2600 τοὺς
490 2532 521 2593 db
544 2537 660 2601 λοιποὺς

211 2616 660 2696 ἦνοῖγκασανκροτροπάδηνὲκά·

214 2725 301 2770 orouc
318 2708 356 2772 εἷς
373 2709 424 2780 τὴν
434 2708 544 2768 ciselam
555 2722 662 2783 διαφυ-

213 2799 288 2867 peto.
306 2793 409 2852 Plinius
427 2799 455 2853 ln
470 2797 581 2855 Umbria
594 2798 660 2855 Sen-

213 2881 312 2936 tinates
330 2881 475 2940 incoluisse
493 2889 519 2953 3,
539 2888 581 2945 11.
600 2889 663 2945 114.

217 2966 292 3025 dicit.
322 3001 356 3011 -
382 2969 403 3027 I.
433 2969 477 3026 Fr.
507 2971 662 3031 Gronovius

148 3064 157 3073 “’
216 3052 332 3109 malebat
348 3057 431 3112 scribi
452 3065 662 3137 transgressos

217 3141 413 3215 Apenninum,
436 3163 470 3199 ne
487 3147 564 3201 verbi
582 3145 664 3222 depo·

216 3228 306 3283 nentis
324 3231 580 3307 participium-peri.
602 3253 663 3309 pas·

216 3315 276 3372 sivo
289 3334 375 3373 sensu
393 3319 520 3396 scriptum
537 3329 617 3389 esset,
635 3329 663 3378 et

140 3416 157 3440 r
217 3409 248 3476 qt
269 3400 375 3471 hostes,
397 3415 491 3482 utpote
513 3409 560 3483 qui
578 3410 662 3466 victo·

215 3505 260 3544 ras
271 3489 306 3546 ed
316 3488 439 3549 Clusium
451 3492 573 3565 luissent,
591 3496 663 3552 hune

216 3572 331 3632 alterum
355 3579 451 3654 proelii
476 3580 566 3639 locum
593 3582 664 3638 dele·

163 3692 166 3697 ·
190 3696 193 3701 -
215 3661 288 3736 &aaa
305 3662 468 3727 viderentur.
497 3666 540 3728 cf.
567 3690 607 3729 ex.
625 3689 664 3746 gr.

215 3749 260 3816 27,
269 3749 309 3808 8.=
320 3747 406 3807 classe
417 3760 557 3831 -partita
572 3757 664 3826 (Pae).

214 3837 241 3903 7,
259 3835 317 3893 38.=
333 3837 472 3900 frustrare.
504 3846 529 3911 1,
549 3846 604 3902 lta:
622 3843 663 3900 lu-

212 3923 358 3983 xuriarent.
401 3929 449 3992 10,
476 3931 532 3988 ns:
563 3929 662 3986 vocil-

143 4030 147 4037 ·
211 4027 280 4069 rara.
298 4009 332 4071 al.
355 4043 388 4054 -
414 4012 477 4070 PM:
499 4017 538 4072 ibi
557 4035 596 4071 uu
614 4019 662 4072 mr}

210 4093 294 4153 teme
306 4098 450 4157 interuallo
463 4111 550 4159 castra
558 4104 661 4194 pausa.

797 1577 875 1636 Voss.
883 1595 913 1636 u.
923 1574 1060 1654 multique
1074 1599 1152 1638 rece.
1163 1576 1244 1636 codd:

794 1674 909 1743 quatuor
926 1663 1022 1724 millia.

114 1792 122 1801 .
209 1751 302 1829 lybias
320 1774 427 1830 quoque
445 1757 471 1823 2,
491 1756 533 1814 19.
551 1756 655 1822 scribit,
743 1756 769 1814 1.
797 1756 875 1810 inter
892 1751 995 1808 hostes
1009 1751 1246 1810 deindeconaul

795 1841 922 1897 tationes
941 1836 1085 1896 tannae.-
1104 1839 1138 1898 P.
1158 1869 1191 1880 -
1215 1835 1246 1892 M:

799 1924 1009 1984 cumulationes.
1029 1957 1066 1967 -
1092 1923 1159 1983 PM:
1179 1933 1247 2003 atque

798 2016 836 2072 ita
860 2014 986 2070 conuenit
1010 2032 1046 2067 ne
1069 2015 1138 2069 unis
1161 2015 1248 2069 castris

797 2104 974 2161 miscerentur
1001 2119 1105 2156 omnes
1133 2121 1202 2157 neue
1224 2101 1247 2154 in

798 2193 884 2249 aciem
923 2185 1130 2244 descenderent
1168 2185 1246 2244 simul.

800 2277 880 2337 Voss.
898 2295 916 2335 ι.
933 2275 987 2334 ala
1011 2276 1100 2331 etita
1121 2276 1247 2332 conuenit

802 2363 876 2424 Harl.
893 2383 964 2420 nnus
986 2365 1144 2420 recentiora
1171 2372 1202 2420 ut
1220 2381 1248 2416 ne

801 2454 863 2511 unis
881 2451 976 2508 castris
993 2458 1047 2508 cet.

749 2544 776 2602 t.
802 2537 1249 2616 SamnitiGallisquedelegntu

799 2645 917 2706 pugna:
935 2623 961 2680 ll
979 2620 1075 2692 (Laid.
1094 2628 1135 2694 r.)
1153 2622 1249 2683 Laud.

722 2728 726 2735 '
803 2712 838 2794 al.
856 2711 900 2772 Cl'.
918 2731 963 2769 ex.
981 2730 1020 2785 gr.
1035 2713 1062 2780 2,
1074 2712 1140 2794 45st
1158 2711 1250 2770 Veiens

757 2810 768 2832 ⁸
802 2801 889 2856 bostis
915 2798 1079 2875 Etruscique
1108 2819 1144 2856 eo
1170 2801 1250 2875 magis

802 2906 983 2963 praepropere
1011 2905 1102 2960 agere.
1140 2889 1193 2953 30,
1216 2890 1250 2944 ln

803 2973 875 3048 apud
886 2973 989 3028 Poenos
999 2972 1213 3051 Numidamque.
1221 3004 1250 3015 -

803 3061 883 3120 Pur.
907 3062 947 3118 1.:
970 3060 1091 3116 samnitii
1114 3062 1251 3138 gallisque.

792 3144 828 3204 ιΡ
841 3167 876 3205 m.
890 3148 917 3204 2.
934 3146 1065 3231 multique
1076 3167 1152 3209 rece.
1161 3149 1251 3207 codd:

803 3231 1084 3309 samnitilsgallisque.
1104 3234 1252 3312 Consua

803 3316 964 3378 samuibbus
981 3319 1122 3399 gallisque.

736 3411 778 3468 1⁰.
804 3413 882 3468 cose.
900 3408 1009 3465 Fuluio
1028 3419 1062 3465 ut
1078 3430 1122 3466 ea·
1134 3410 1253 3468 Falisco

803 3495 958 3554 Postumio
985 3505 1017 3551 ut
1041 3517 1083 3552 ea:
1106 3498 1253 3555 Votienus

804 3585 967 3640 enerer‘tum
983 3584 1028 3640 ud
1046 3584 1187 3641 Clusium
1204 3584 1254 3641 ad·

803 3680 1126 3747 moueanteummuque
1136 3674 1170 3728 ui
1169 3671 1252 3746 fines

804 3757 934 3814 hostium
952 3758 1173 3833 depopulentur
1183 3760 1254 3815 aeri·

804 3844 893 3902 dunt:
911 3844 938 3902 Μ
956 3865 991 3904 m.
1009 3849 1034 3904 3.
1048 3845 1070 3902 Ρ
1082 3849 1182 3910 m.‚2::
1196 3865 1254 3902 uam

722 3998 725 4003 Ι
804 3950 840 3991 m.
849 3936 877 3993 1.
889 3934 916 3989 ia
929 3931 951 3988 P
963 3935 1095 4009 scriptum
1107 3945 1153 3991 est
1165 3955 1254 4003 „sum-

803 4038 900 4096 maque
918 4022 949 4076 in
967 4019 1073 4088 lines“‚
1090 4022 1121 4077 in
1140 4021 1168 4078 ll
1187 4020 1255 4088 „de-

801 4105 958 4183 putentem.
984 4118 1027 4151 -'*
1046 4106 1085 4164 Pa
1111 4127 1148 4165 ex
1177 4126 1254 4184 agros
