<?xml version="1.0" encoding="UTF-8"?>
<!DOCTYPE html PUBLIC "-//W3C//DTD XHTML 1.0 Transitional//EN"
    "http://www.w3.org/TR/xhtml1/DTD/xhtml1-transitional.dtd">
<html xmlns="http://www.w3.org/1999/xhtml" xml:lang="en" lang="en">
 <head>
  <title>
</title>
<meta http-equiv="Content-Type" content="text/html;charset=utf-8" />
  <meta name='ocr-system' content='tesseract 3.04.00' />
  <meta name='ocr-capabilities' content='ocr_page ocr_carea ocr_par ocr_line ocrx_word'/>
</head>
<body>
  <div class='ocr_page' id='page_1' title='image "./titilivirerumro01alscgoog_0528.png"; bbox 0 0 2816 4726; ppageno 0'>
   <div class='ocr_carea' id='block_1_1' title="bbox 246 281 879 360">
    <p class='ocr_par' dir='ltr' id='par_1_1' title="bbox 246 281 879 360">
     <span class='ocr_line' id='line_1_1' title="bbox 246 281 879 360; baseline -0.008 4"><span class='ocrx_word' id='word_1_1' title='bbox 246 281 313 352; x_wconf 78' lang='lat' dir='ltr'><strong>stu</strong></span> <span class='ocrx_word' id='word_1_2' title='bbox 707 293 879 360; x_wconf 75' lang='lat' dir='ltr'><strong>nunnus</strong></span> 
     </span>
    </p>
   </div>
   <div class='ocr_carea' id='block_1_2' title="bbox 139 457 1371 2664">
    <p class='ocr_par' dir='ltr' id='par_1_2' title="bbox 139 457 1371 2664">
     <span class='ocr_line' id='line_1_2' title="bbox 196 457 1357 552; baseline 0 -24"><span class='ocrx_word' id='word_1_3' title='bbox 196 465 198 472; x_wconf 88' lang='lat'>&#39;</span> <span class='ocrx_word' id='word_1_4' title='bbox 245 460 403 552; x_wconf 86' lang='lat' dir='ltr'><strong>quosdam</strong></span> <span class='ocrx_word' id='word_1_5' title='bbox 429 457 619 551; x_wconf 88' lang='lat' dir='ltr'><strong>inquirendo</strong></span> <span class='ocrx_word' id='word_1_6' title='bbox 645 469 780 552; x_wconf 85' lang='lat' dir='ltr'><strong>ventum</strong></span> <span class='ocrx_word' id='word_1_7' title='bbox 806 469 866 529; x_wconf 89' lang='lat' dir='ltr'><strong>est.</strong></span> <span class='ocrx_word' id='word_1_8' title='bbox 903 467 1047 528; x_wconf 83' lang='lat' dir='ltr'><strong>ceterum</strong></span> <span class='ocrx_word' id='word_1_9' title='bbox 1073 461 1249 528; x_wconf 88' lang='lat' dir='ltr'><strong>Ausonum</strong></span> <span class='ocrx_word' id='word_1_10' title='bbox 1279 483 1357 552; x_wconf 82' lang='lat' dir='ltr'><strong>gens</strong></span> 
     </span>
     <span class='ocr_line' id='line_1_3' title="bbox 164 561 1355 657; baseline 0.002 -27"><span class='ocrx_word' id='word_1_11' title='bbox 164 561 194 630; x_wconf 80' lang='grc'><strong>,’</strong></span> <span class='ocrx_word' id='word_1_12' title='bbox 244 566 423 656; x_wconf 74' lang='lat' dir='ltr'><strong>proditione</strong></span> <span class='ocrx_word' id='word_1_13' title='bbox 444 565 572 632; x_wconf 90' lang='lat' dir='ltr'><strong>urbium</strong></span> <span class='ocrx_word' id='word_1_14' title='bbox 592 565 640 633; x_wconf 90' lang='lat' dir='ltr'><strong>sic</strong></span> <span class='ocrx_word' id='word_1_15' title='bbox 661 575 699 634; x_wconf 87' lang='lat' dir='ltr'><strong>ut</strong></span> <span class='ocrx_word' id='word_1_16' title='bbox 710 566 793 634; x_wconf 90' lang='lat' dir='ltr'><strong>Sora</strong></span> <span class='ocrx_word' id='word_1_17' title='bbox 806 566 848 632; x_wconf 80' lang='lat' dir='ltr'><strong>-in</strong></span> <span class='ocrx_word' id='word_1_18' title='bbox 868 573 1062 657; x_wconf 86' lang='lat' dir='ltr'><strong>potestatem</strong></span> <span class='ocrx_word' id='word_1_19' title='bbox 1078 564 1180 634; x_wconf 71' lang='lat' dir='ltr'><strong>uenit,</strong></span> <span class='ocrx_word' id='word_1_20' title='bbox 1215 565 1355 634; x_wconf 83' lang='lat' dir='ltr'><strong>Ausona</strong></span> 
     </span>
     <span class='ocr_line' id='line_1_4' title="bbox 246 667 1371 762; baseline -0.002 -24"><span class='ocrx_word' id='word_1_21' title='bbox 246 681 280 738; x_wconf 89' lang='lat' dir='ltr'><strong>et</strong></span> <span class='ocrx_word' id='word_1_22' title='bbox 293 671 481 737; x_wconf 85' lang='lat' dir='ltr'><strong>Mcntnmae</strong></span> <span class='ocrx_word' id='word_1_23' title='bbox 503 681 537 737; x_wconf 89' lang='lat' dir='ltr'><strong>et</strong></span> <span class='ocrx_word' id='word_1_24' title='bbox 552 667 668 740; x_wconf 86' lang='lat' dir='ltr'>Vescia</span> <span class='ocrx_word' id='word_1_25' title='bbox 689 671 786 740; x_wconf 89' lang='lat' dir='ltr'><strong>urbes</strong></span> <span class='ocrx_word' id='word_1_26' title='bbox 809 681 908 752; x_wconf 87' lang='lat' dir='ltr'><strong>crant,</strong></span> <span class='ocrx_word' id='word_1_27' title='bbox 930 693 972 738; x_wconf 86' lang='lat' dir='ltr'><strong>ex</strong></span> <span class='ocrx_word' id='word_1_28' title='bbox 994 668 1110 759; x_wconf 89' lang='lat' dir='ltr'><strong>quibus</strong></span> <span class='ocrx_word' id='word_1_29' title='bbox 1126 669 1299 762; x_wconf 77' lang='lat' dir='ltr'>principes</span> <span class='ocrx_word' id='word_1_30' title='bbox 1314 671 1371 736; x_wconf 46' lang='lat' dir='ltr'><strong>ius</strong></span> 
     </span>
     <span class='ocr_line' id='line_1_5' title="bbox 244 773 1354 865; baseline -0.003 -22"><span class='ocrx_word' id='word_1_31' title='bbox 244 775 384 843; x_wconf 88' lang='lat' dir='ltr'><strong>ventutis</strong></span> <span class='ocrx_word' id='word_1_32' title='bbox 407 774 577 843; x_wconf 77' lang='lat' dir='ltr'><strong>duodecim</strong></span> <span class='ocrx_word' id='word_1_33' title='bbox 603 799 738 856; x_wconf 85' lang='lat' dir='ltr'><strong>numero</strong></span> <span class='ocrx_word' id='word_1_34' title='bbox 766 776 800 842; x_wconf 92' lang='lat' dir='ltr'><strong>in</strong></span> <span class='ocrx_word' id='word_1_35' title='bbox 821 773 1034 865; x_wconf 67' lang='lat' dir='ltr'><strong>proditionem</strong></span> <span class='ocrx_word' id='word_1_36' title='bbox 1060 774 1189 842; x_wconf 89' lang='lat' dir='ltr'><strong>urbium</strong></span> <span class='ocrx_word' id='word_1_37' title='bbox 1217 799 1354 842; x_wconf 86' lang='lat' dir='ltr'><strong>suarum</strong></span> 
     </span>
     <span class='ocr_line' id='line_1_6' title="bbox 208 869 1371 970; baseline 0 -24"><span class='ocrx_word' id='word_1_38' title='bbox 208 893 227 946; x_wconf 77' lang='lat'><strong>5</strong></span> <span class='ocrx_word' id='word_1_39' title='bbox 245 879 398 948; x_wconf 86' lang='lat' dir='ltr'><strong>coniurati</strong></span> <span class='ocrx_word' id='word_1_40' title='bbox 420 880 462 946; x_wconf 94' lang='lat' dir='ltr'><strong>ad</strong></span> <span class='ocrx_word' id='word_1_41' title='bbox 483 879 632 948; x_wconf 90' lang='lat' dir='ltr'><strong>consules</strong></span> <span class='ocrx_word' id='word_1_42' title='bbox 653 879 799 948; x_wconf 87' lang='lat' dir='ltr'><strong>veniunt:</strong></span> <span class='ocrx_word' id='word_1_43' title='bbox 822 881 941 948; x_wconf 85' lang='lat' dir='ltr'><strong>docent</strong></span> <span class='ocrx_word' id='word_1_44' title='bbox 961 901 1038 947; x_wconf 91' lang='lat' dir='ltr'><strong>suos</strong></span> <span class='ocrx_word' id='word_1_45' title='bbox 1059 878 1282 970; x_wconf 85' lang='lat' dir='ltr'><strong>iampridem</strong></span> <span class='ocrx_word' id='word_1_46' title='bbox 1305 869 1371 948; x_wconf 57' lang='lat' dir='ltr'><strong>ex?</strong></span> 
     </span>
     <span class='ocr_line' id='line_1_7' title="bbox 139 983 1354 1076; baseline 0 -24"><span class='ocrx_word' id='word_1_47' title='bbox 139 992 142 1009; x_wconf 91' lang='lat'>&#39;</span> <span class='ocrx_word' id='word_1_48' title='bbox 244 995 392 1076; x_wconf 86' lang='lat' dir='ltr'><strong>optantes</strong></span> <span class='ocrx_word' id='word_1_49' title='bbox 406 985 597 1052; x_wconf 80' lang='lat' dir='ltr'><strong>Samnitium</strong></span> <span class='ocrx_word' id='word_1_50' title='bbox 618 985 800 1068; x_wconf 88' lang='lat' dir='ltr'><strong>adveutum,</strong></span> <span class='ocrx_word' id='word_1_51' title='bbox 821 983 917 1054; x_wconf 88' lang='lat' dir='ltr'><strong>simul</strong></span> <span class='ocrx_word' id='word_1_52' title='bbox 939 985 979 1052; x_wconf 87' lang='lat' dir='ltr'><strong>nd</strong></span> <span class='ocrx_word' id='word_1_53' title='bbox 993 983 1146 1052; x_wconf 88' lang='lat' dir='ltr'><strong>Lautulas</strong></span> <span class='ocrx_word' id='word_1_54' title='bbox 1167 995 1354 1076; x_wconf 86' lang='lat' dir='ltr'><strong>pugnatum</strong></span> 
     </span>
     <span class='ocr_line' id='line_1_8' title="bbox 243 1087 1354 1180; baseline 0 -24"><span class='ocrx_word' id='word_1_55' title='bbox 243 1090 419 1172; x_wconf 69' lang='lat' dir='ltr'><strong>audicnmt,</strong></span> <span class='ocrx_word' id='word_1_56' title='bbox 440 1114 499 1180; x_wconf 90' lang='lat' dir='ltr'><strong>pro</strong></span> <span class='ocrx_word' id='word_1_57' title='bbox 521 1089 612 1157; x_wconf 86' lang='lat' dir='ltr'><strong>victis</strong></span> <span class='ocrx_word' id='word_1_58' title='bbox 626 1089 789 1157; x_wconf 89' lang='lat' dir='ltr'><strong>Romanos</strong></span> <span class='ocrx_word' id='word_1_59' title='bbox 812 1089 973 1173; x_wconf 85' lang='lat' dir='ltr'><strong>babuisse,</strong></span> <span class='ocrx_word' id='word_1_60' title='bbox 993 1087 1165 1157; x_wconf 78' lang='lat' dir='ltr'><strong>inventute</strong></span> <span class='ocrx_word' id='word_1_61' title='bbox 1179 1090 1286 1156; x_wconf 87' lang='lat' dir='ltr'><strong>armis</strong></span> <span class='ocrx_word' id='word_1_62' title='bbox 1301 1089 1354 1156; x_wconf 90' lang='lat' dir='ltr'><strong>Sa·</strong></span> 
     </span>
     <span class='ocr_line' id='line_1_9' title="bbox 243 1193 1353 1286; baseline 0.002 -26"><span class='ocrx_word' id='word_1_63' title='bbox 243 1194 377 1262; x_wconf 88' lang='lat' dir='ltr'><strong>mnitem</strong></span> <span class='ocrx_word' id='word_1_64' title='bbox 400 1193 532 1262; x_wconf 89' lang='lat' dir='ltr'><strong>iuvisse:</strong></span> <span class='ocrx_word' id='word_1_65' title='bbox 555 1193 669 1284; x_wconf 83' lang='lat' dir='ltr'><strong>fugatis</strong></span> <span class='ocrx_word' id='word_1_66' title='bbox 690 1193 765 1261; x_wconf 89' lang='lat' dir='ltr'><strong>inde</strong></span> <span class='ocrx_word' id='word_1_67' title='bbox 787 1194 984 1263; x_wconf 89' lang='lat' dir='ltr'><strong>Samnitibus</strong></span> <span class='ocrx_word' id='word_1_68' title='bbox 1005 1193 1125 1262; x_wconf 82' lang='lat' dir='ltr'><strong>incerta</strong></span> <span class='ocrx_word' id='word_1_69' title='bbox 1146 1218 1229 1284; x_wconf 88' lang='lat' dir='ltr'><strong>pace</strong></span> <span class='ocrx_word' id='word_1_70' title='bbox 1253 1219 1353 1286; x_wconf 82' lang='lat' dir='ltr'><strong>agere</strong></span> 
     </span>
     <span class='ocr_line' id='line_1_10' title="bbox 242 1299 1353 1390; baseline 0 -24"><span class='ocrx_word' id='word_1_71' title='bbox 242 1323 305 1366; x_wconf 89' lang='lat' dir='ltr'><strong>nec</strong></span> <span class='ocrx_word' id='word_1_72' title='bbox 329 1299 506 1366; x_wconf 83' lang='lat' dir='ltr'><strong>claudentis</strong></span> <span class='ocrx_word' id='word_1_73' title='bbox 528 1311 636 1390; x_wconf 88' lang='lat' dir='ltr'><strong>portas</strong></span> <span class='ocrx_word' id='word_1_74' title='bbox 651 1299 813 1384; x_wconf 84' lang='lat' dir='ltr'><strong>Romanis,</strong></span> <span class='ocrx_word' id='word_1_75' title='bbox 834 1324 876 1368; x_wconf 87' lang='lat' dir='ltr'><strong>ne</strong></span> <span class='ocrx_word' id='word_1_76' title='bbox 898 1307 1061 1368; x_wconf 79' lang='lat' dir='ltr'><strong>arcessant</strong></span> <span class='ocrx_word' id='word_1_77' title='bbox 1082 1299 1214 1384; x_wconf 83' lang='lat' dir='ltr'><strong>bellum,</strong></span> <span class='ocrx_word' id='word_1_78' title='bbox 1237 1312 1278 1368; x_wconf 85' lang='lat' dir='ltr'><strong>et</strong></span> <span class='ocrx_word' id='word_1_79' title='bbox 1300 1300 1353 1368; x_wconf 93' lang='lat' dir='ltr'><strong>ob-</strong></span> 
     </span>
     <span class='ocr_line' id='line_1_11' title="bbox 196 1403 1353 1488; baseline 0.001 -16"><span class='ocrx_word' id='word_1_80' title='bbox 196 1404 375 1474; x_wconf 88' lang='lat' dir='ltr'><strong>10stinatos</strong></span> <span class='ocrx_word' id='word_1_81' title='bbox 398 1403 556 1488; x_wconf 84' lang='lat' dir='ltr'><strong>claudere,</strong></span> <span class='ocrx_word' id='word_1_82' title='bbox 577 1404 604 1472; x_wconf 89' lang='lat' dir='ltr'><strong>si</strong></span> <span class='ocrx_word' id='word_1_83' title='bbox 620 1405 778 1472; x_wconf 83' lang='lat' dir='ltr'><strong>exercitus</strong></span> <span class='ocrx_word' id='word_1_84' title='bbox 793 1405 1016 1474; x_wconf 87' lang='lat' dir='ltr'><strong>admoveatur:</strong></span> <span class='ocrx_word' id='word_1_85' title='bbox 1037 1405 1072 1472; x_wconf 92' lang='lat' dir='ltr'><strong>in</strong></span> <span class='ocrx_word' id='word_1_86' title='bbox 1086 1429 1123 1474; x_wconf 89' lang='lat' dir='ltr'><strong>ea</strong></span> <span class='ocrx_word' id='word_1_87' title='bbox 1137 1405 1353 1474; x_wconf 85' lang='lat' dir='ltr'><strong>fluctuatione</strong></span> 
     </span>
     <span class='ocr_line' id='line_1_12' title="bbox 242 1508 1353 1602; baseline 0.002 -26"><span class='ocrx_word' id='word_1_88' title='bbox 242 1509 422 1576; x_wconf 90' lang='lat' dir='ltr'><strong>animorum</strong></span> <span class='ocrx_word' id='word_1_89' title='bbox 443 1508 580 1598; x_wconf 85' lang='lat' dir='ltr'><strong>opprimi</strong></span> <span class='ocrx_word' id='word_1_90' title='bbox 598 1509 742 1580; x_wconf 88' lang='lat' dir='ltr'><strong>incautos</strong></span> <span class='ocrx_word' id='word_1_91' title='bbox 758 1533 867 1602; x_wconf 88' lang='lat' dir='ltr'><strong>posse.</strong></span> <span class='ocrx_word' id='word_1_92' title='bbox 894 1509 944 1578; x_wconf 87' lang='lat' dir='ltr'><strong>bis</strong></span> <span class='ocrx_word' id='word_1_93' title='bbox 966 1510 1148 1578; x_wconf 88' lang='lat' dir='ltr'><strong>auctoribus</strong></span> <span class='ocrx_word' id='word_1_94' title='bbox 1169 1521 1261 1578; x_wconf 81' lang='lat' dir='ltr'><strong>mota</strong></span> <span class='ocrx_word' id='word_1_95' title='bbox 1280 1535 1353 1602; x_wconf 76' lang='lat' dir='ltr'><strong>pro&#39;·</strong></span> 
     </span>
     <span class='ocr_line' id='line_1_13' title="bbox 241 1613 1354 1706; baseline 0.002 -26"><span class='ocrx_word' id='word_1_96' title='bbox 241 1615 313 1704; x_wconf 91' lang='lat' dir='ltr'><strong>pius</strong></span> <span class='ocrx_word' id='word_1_97' title='bbox 336 1625 438 1680; x_wconf 90' lang='lat' dir='ltr'><strong>castra</strong></span> <span class='ocrx_word' id='word_1_98' title='bbox 460 1613 614 1706; x_wconf 80' lang='lat' dir='ltr'><strong>missique</strong></span> <span class='ocrx_word' id='word_1_99' title='bbox 636 1615 753 1702; x_wconf 84' lang='lat' dir='ltr'><strong>eodem</strong></span> <span class='ocrx_word' id='word_1_100' title='bbox 773 1625 920 1705; x_wconf 85' lang='lat' dir='ltr'><strong>tempore</strong></span> <span class='ocrx_word' id='word_1_101' title='bbox 942 1613 1025 1684; x_wconf 88' lang='lat' dir='ltr'><strong>circa</strong></span> <span class='ocrx_word' id='word_1_102' title='bbox 1044 1615 1104 1685; x_wconf 86' lang='lat' dir='ltr'><strong>tria</strong></span> <span class='ocrx_word' id='word_1_103' title='bbox 1126 1615 1245 1706; x_wconf 92' lang='lat' dir='ltr'><strong>oppida</strong></span> <span class='ocrx_word' id='word_1_104' title='bbox 1270 1616 1354 1682; x_wconf 88' lang='lat' dir='ltr'><strong>mili</strong></span> 
     </span>
     <span class='ocr_line' id='line_1_14' title="bbox 241 1717 1352 1812; baseline 0.004 -28"><span class='ocrx_word' id='word_1_105' title='bbox 241 1729 291 1784; x_wconf 88' lang='lat' dir='ltr'><strong>tes</strong></span> <span class='ocrx_word' id='word_1_106' title='bbox 313 1717 429 1808; x_wconf 83' lang='lat' dir='ltr'><strong>partim</strong></span> <span class='ocrx_word' id='word_1_107' title='bbox 451 1719 576 1803; x_wconf 79' lang='lat' dir='ltr'><strong>annoti,</strong></span> <span class='ocrx_word' id='word_1_108' title='bbox 604 1719 660 1810; x_wconf 87' lang='lat' dir='ltr'><strong>qni</strong></span> <span class='ocrx_word' id='word_1_109' title='bbox 687 1719 804 1788; x_wconf 88' lang='lat' dir='ltr'><strong>occulti</strong></span> <span class='ocrx_word' id='word_1_110' title='bbox 830 1720 1009 1812; x_wconf 85' lang='lat' dir='ltr'><strong>propinqua</strong></span> <span class='ocrx_word' id='word_1_111' title='bbox 1037 1721 1205 1788; x_wconf 85' lang='lat' dir='ltr'><strong>moenibus</strong></span> <span class='ocrx_word' id='word_1_112' title='bbox 1231 1720 1352 1788; x_wconf 89' lang='lat' dir='ltr'><strong>inside-</strong></span> 
     </span>
     <span class='ocr_line' id='line_1_15' title="bbox 242 1823 1371 1918; baseline 0.002 -30"><span class='ocrx_word' id='word_1_113' title='bbox 242 1833 313 1890; x_wconf 83' lang='lat' dir='ltr'><strong>rent</strong></span> <span class='ocrx_word' id='word_1_114' title='bbox 334 1823 422 1906; x_wconf 82' lang='lat' dir='ltr'><strong>locn,</strong></span> <span class='ocrx_word' id='word_1_115' title='bbox 450 1824 566 1913; x_wconf 88' lang='lat' dir='ltr'><strong>partim</strong></span> <span class='ocrx_word' id='word_1_116' title='bbox 587 1823 686 1914; x_wconf 84' lang='lat' dir='ltr'><strong>togati</strong></span> <span class='ocrx_word' id='word_1_117' title='bbox 707 1825 799 1893; x_wconf 90' lang='lat' dir='ltr'><strong>tectis</strong></span> <span class='ocrx_word' id='word_1_118' title='bbox 819 1836 909 1918; x_wconf 83' lang='lat' dir='ltr'><strong>veste</strong></span> <span class='ocrx_word' id='word_1_119' title='bbox 935 1824 1056 1916; x_wconf 65' lang='lat' dir='ltr'><strong>gladiis</strong></span> <span class='ocrx_word' id='word_1_120' title='bbox 1077 1823 1133 1915; x_wconf 89' lang='lat' dir='ltr'><strong>qui</strong></span> <span class='ocrx_word' id='word_1_121' title='bbox 1154 1824 1215 1890; x_wconf 92' lang='lat' dir='ltr'><strong>sub</strong></span> <span class='ocrx_word' id='word_1_122' title='bbox 1237 1825 1371 1912; x_wconf 87' lang='lat' dir='ltr'><strong>lucem</strong></span> 
     </span>
     <span class='ocr_line' id='line_1_16' title="bbox 195 1927 1351 2020; baseline 0.002 -26"><span class='ocrx_word' id='word_1_123' title='bbox 195 1927 362 2018; x_wconf 84' lang='lat' dir='ltr'><strong>15apertis</strong></span> <span class='ocrx_word' id='word_1_124' title='bbox 390 1927 492 2017; x_wconf 89' lang='lat' dir='ltr'><strong>portis</strong></span> <span class='ocrx_word' id='word_1_125' title='bbox 523 1927 619 1994; x_wconf 89' lang='lat' dir='ltr'><strong>urbes</strong></span> <span class='ocrx_word' id='word_1_126' title='bbox 647 1928 894 2020; x_wconf 74' lang='lat' dir='ltr'><strong>ingrederentur.</strong></span> <span class='ocrx_word' id='word_1_127' title='bbox 933 1930 977 1998; x_wconf 88' lang='lat' dir='ltr'><strong>ab</strong></span> <span class='ocrx_word' id='word_1_128' title='bbox 1003 1928 1054 1997; x_wconf 91' lang='lat' dir='ltr'><strong>his</strong></span> <span class='ocrx_word' id='word_1_129' title='bbox 1077 1928 1172 1996; x_wconf 90' lang='lat' dir='ltr'><strong>simul</strong></span> <span class='ocrx_word' id='word_1_130' title='bbox 1193 1930 1351 1997; x_wconf 81' lang='lat' dir='ltr'><strong>custodes</strong></span> 
     </span>
     <span class='ocr_line' id='line_1_17' title="bbox 239 2030 1351 2127; baseline 0.002 -29"><span class='ocrx_word' id='word_1_131' title='bbox 239 2030 389 2100; x_wconf 89' lang='lat' dir='ltr'><strong>trucidari</strong></span> <span class='ocrx_word' id='word_1_132' title='bbox 411 2030 519 2122; x_wconf 89' lang='lat' dir='ltr'><strong>coepti</strong></span> <span class='ocrx_word' id='word_1_133' title='bbox 540 2031 636 2099; x_wconf 89' lang='lat' dir='ltr'><strong>simul</strong></span> <span class='ocrx_word' id='word_1_134' title='bbox 663 2035 773 2102; x_wconf 89' lang='lat' dir='ltr'><strong>datum</strong></span> <span class='ocrx_word' id='word_1_135' title='bbox 799 2036 925 2127; x_wconf 82' lang='lat' dir='ltr'><strong>signum</strong></span> <span class='ocrx_word' id='word_1_136' title='bbox 947 2034 1075 2103; x_wconf 85' lang='lat' dir='ltr'><strong>armatis</strong></span> <span class='ocrx_word' id='word_1_137' title='bbox 1097 2046 1135 2102; x_wconf 90' lang='lat' dir='ltr'><strong>ut</strong></span> <span class='ocrx_word' id='word_1_138' title='bbox 1162 2058 1204 2102; x_wconf 88' lang='lat' dir='ltr'><strong>ex</strong></span> <span class='ocrx_word' id='word_1_139' title='bbox 1225 2033 1351 2101; x_wconf 86' lang='lat' dir='ltr'><strong>insidiis</strong></span> 
     </span>
     <span class='ocr_line' id='line_1_18' title="bbox 241 2134 1350 2233; baseline 0.001 -29"><span class='ocrx_word' id='word_1_140' title='bbox 241 2147 482 2205; x_wconf 82' lang='lat' dir='ltr'><strong>concurrerent:</strong></span> <span class='ocrx_word' id='word_1_141' title='bbox 517 2134 560 2203; x_wconf 87' lang='lat' dir='ltr'><strong>ita</strong></span> <span class='ocrx_word' id='word_1_142' title='bbox 587 2149 699 2227; x_wconf 82' lang='lat' dir='ltr'><strong>postne</strong></span> <span class='ocrx_word' id='word_1_143' title='bbox 729 2153 904 2232; x_wconf 79' lang='lat' dir='ltr'><strong>occupatae</strong></span> <span class='ocrx_word' id='word_1_144' title='bbox 932 2140 1057 2233; x_wconf 86' lang='lat' dir='ltr'><strong>triaque</strong></span> <span class='ocrx_word' id='word_1_145' title='bbox 1084 2138 1202 2231; x_wconf 85' lang='lat' dir='ltr'><strong>oppida</strong></span> <span class='ocrx_word' id='word_1_146' title='bbox 1229 2140 1350 2207; x_wconf 81' lang='lat' dir='ltr'><strong>eadem</strong></span> 
     </span>
     <span class='ocr_line' id='line_1_19' title="bbox 239 2239 1349 2337; baseline 0.004 -31"><span class='ocrx_word' id='word_1_147' title='bbox 239 2239 321 2308; x_wconf 57' lang='lat' dir='ltr'><strong>borav</strong></span> <span class='ocrx_word' id='word_1_148' title='bbox 342 2242 524 2331; x_wconf 84' lang='lat' dir='ltr'><strong>eodemque</strong></span> <span class='ocrx_word' id='word_1_149' title='bbox 546 2243 679 2311; x_wconf 90' lang='lat' dir='ltr'><strong>consilio</strong></span> <span class='ocrx_word' id='word_1_150' title='bbox 702 2255 810 2334; x_wconf 89' lang='lat' dir='ltr'><strong>capta:</strong></span> <span class='ocrx_word' id='word_1_151' title='bbox 831 2245 891 2312; x_wconf 91' lang='lat' dir='ltr'><strong>sed</strong></span> <span class='ocrx_word' id='word_1_152' title='bbox 913 2245 987 2337; x_wconf 85' lang='lat' dir='ltr'><strong>quia</strong></span> <span class='ocrx_word' id='word_1_153' title='bbox 1002 2244 1187 2314; x_wconf 86' lang='lat' dir='ltr'><strong>absentibus</strong></span> <span class='ocrx_word' id='word_1_154' title='bbox 1210 2243 1349 2310; x_wconf 89' lang='lat' dir='ltr'><strong>ducibus</strong></span> 
     </span>
     <span class='ocr_line' id='line_1_20' title="bbox 238 2343 1371 2439; baseline 0 -31"><span class='ocrx_word' id='word_1_155' title='bbox 238 2343 378 2434; x_wconf 88' lang='lat' dir='ltr'><strong>impetus</strong></span> <span class='ocrx_word' id='word_1_156' title='bbox 400 2357 450 2413; x_wconf 89' lang='lat' dir='ltr'><strong>est</strong></span> <span class='ocrx_word' id='word_1_157' title='bbox 471 2346 590 2429; x_wconf 87' lang='lat' dir='ltr'><strong>sactus,</strong></span> <span class='ocrx_word' id='word_1_158' title='bbox 617 2347 726 2414; x_wconf 91' lang='lat' dir='ltr'><strong>nullus</strong></span> <span class='ocrx_word' id='word_1_159' title='bbox 753 2348 870 2416; x_wconf 90' lang='lat' dir='ltr'><strong>modus</strong></span> <span class='ocrx_word' id='word_1_160' title='bbox 897 2349 1048 2418; x_wconf 90' lang='lat' dir='ltr'><strong>caedibus</strong></span> <span class='ocrx_word' id='word_1_161' title='bbox 1069 2345 1144 2434; x_wconf 86' lang='lat' dir='ltr'><strong>fuit,</strong></span> <span class='ocrx_word' id='word_1_162' title='bbox 1174 2347 1348 2439; x_wconf 85' lang='lat' dir='ltr'><strong>deletaque</strong></span> <span class='ocrx_word' id='word_1_163' title='bbox 1370 2361 1371 2408; x_wconf 50' lang='grc' dir='ltr'>ἢ</span> 
     </span>
     <span class='ocr_line' id='line_1_21' title="bbox 897 2487 1371 2574; baseline -0.008 -18"><span class='ocrx_word' id='word_1_164' title='bbox 897 2497 996 2574; x_wconf 76' lang='lat' dir='ltr'><strong>sugetis</strong></span> <span class='ocrx_word' id='word_1_165' title='bbox 1022 2496 1087 2552; x_wconf 83' lang='lat' dir='ltr'><strong>inde</strong></span> <span class='ocrx_word' id='word_1_166' title='bbox 1112 2492 1273 2554; x_wconf 82' lang='lat' dir='ltr'><strong>samnitibus</strong></span> <span class='ocrx_word' id='word_1_167' title='bbox 1306 2487 1371 2552; x_wconf 63' lang='lat' dir='ltr'><strong>trs-³</strong></span> 
     </span>
     <span class='ocr_line' id='line_1_22' title="bbox 898 2581 1371 2664; baseline -0.011 -21"><span class='ocrx_word' id='word_1_168' title='bbox 898 2589 970 2643; x_wconf 76' lang='lat' dir='ltr'><strong>certe</strong></span> <span class='ocrx_word' id='word_1_169' title='bbox 992 2602 1061 2664; x_wconf 81' lang='lat' dir='ltr'><strong>pero</strong></span> <span class='ocrx_word' id='word_1_170' title='bbox 1084 2602 1172 2660; x_wconf 81' lang='lat' dir='ltr'><strong>agere.</strong></span> <span class='ocrx_word' id='word_1_171' title='bbox 1198 2581 1227 2642; x_wconf 80' lang='lat' dir='ltr'><strong>tl</strong></span> <span class='ocrx_word' id='word_1_172' title='bbox 1248 2602 1286 2642; x_wconf 89' lang='lat' dir='ltr'><strong>m.</strong></span> <span class='ocrx_word' id='word_1_173' title='bbox 1306 2583 1347 2642; x_wconf 69' lang='lat' dir='ltr'><strong>d:</strong></span> <span class='ocrx_word' id='word_1_174' title='bbox 1370 2599 1371 2638; x_wconf 75' lang='lat' dir='ltr'><strong>t</strong></span> 
     </span>
    </p>
   </div>
   <div class='ocr_carea' id='block_1_3' title="bbox 307 2492 757 2648">
    <p class='ocr_par' dir='ltr' id='par_1_3' title="bbox 307 2492 757 2648">
     <span class='ocr_line' id='line_1_23' title="bbox 307 2492 757 2569; baseline 0.009 -21"><span class='ocrx_word' id='word_1_175' title='bbox 307 2492 473 2567; x_wconf 76' lang='lat' dir='ltr'><strong>principum</strong></span> <span class='ocrx_word' id='word_1_176' title='bbox 492 2492 641 2569; x_wconf 77' lang='lat' dir='ltr'><strong>quosdam</strong></span> <span class='ocrx_word' id='word_1_177' title='bbox 662 2495 757 2569; x_wconf 79' lang='lat' dir='ltr'><strong>inqui·</strong></span> 
     </span>
     <span class='ocr_line' id='line_1_24' title="bbox 308 2573 757 2648; baseline 0.011 -14"><span class='ocrx_word' id='word_1_178' title='bbox 308 2573 757 2648; x_wconf 78' lang='lat' dir='ltr'><strong>rend0(‚‚imLsnfederUntcrsn·</strong></span> 
     </span>
    </p>
   </div>
   <div class='ocr_carea' id='block_1_4' title="bbox 234 2664 757 4220">
    <p class='ocr_par' dir='ltr' id='par_1_4' title="bbox 234 2664 757 4143">
     <span class='ocr_line' id='line_1_25' title="bbox 309 2664 756 2746; baseline 0.011 -23"><span class='ocrx_word' id='word_1_179' title='bbox 309 2664 557 2746; x_wconf 20' lang='lat' dir='ltr'><strong>ebung‘byuentum</strong></span> <span class='ocrx_word' id='word_1_180' title='bbox 567 2675 627 2723; x_wconf 80' lang='lat' dir='ltr'><strong>cst:</strong></span> <span class='ocrx_word' id='word_1_181' title='bbox 637 2665 673 2726; x_wconf 81' lang='grc' dir='ltr'><strong>Μ.</strong></span> <span class='ocrx_word' id='word_1_182' title='bbox 686 2699 721 2712; x_wconf 88' lang='lat'><strong>-·</strong></span> <span class='ocrx_word' id='word_1_183' title='bbox 733 2667 756 2728; x_wconf 83' lang='lat' dir='ltr'><strong>P</strong></span> 
     </span>
     <span class='ocr_line' id='line_1_26' title="bbox 307 2753 756 2836; baseline 0.013 -26"><span class='ocrx_word' id='word_1_184' title='bbox 307 2772 455 2836; x_wconf 81' lang='lat' dir='ltr'><strong>omnesque</strong></span> <span class='ocrx_word' id='word_1_185' title='bbox 465 2769 553 2832; x_wconf 85' lang='lat' dir='ltr'><strong>prope</strong></span> <span class='ocrx_word' id='word_1_186' title='bbox 564 2753 648 2815; x_wconf 82' lang='lat' dir='ltr'><strong>Drab.</strong></span> <span class='ocrx_word' id='word_1_187' title='bbox 660 2755 756 2817; x_wconf 82' lang='lat' dir='ltr'><strong>codd:</strong></span> 
     </span>
     <span class='ocr_line' id='line_1_27' title="bbox 308 2841 757 2924; baseline 0.013 -27"><span class='ocrx_word' id='word_1_188' title='bbox 308 2841 494 2918; x_wconf 86' lang='lat' dir='ltr'><strong>inquirendos.</strong></span> <span class='ocrx_word' id='word_1_189' title='bbox 523 2871 555 2885; x_wconf 91' lang='lat'><em>-</em></span> <span class='ocrx_word' id='word_1_190' title='bbox 582 2841 666 2901; x_wconf 89' lang='lat' dir='ltr'><strong>Panlo</strong></span> <span class='ocrx_word' id='word_1_191' title='bbox 692 2853 757 2924; x_wconf 82' lang='lat' dir='ltr'><strong>post</strong></span> 
     </span>
     <span class='ocr_line' id='line_1_28' title="bbox 306 2929 756 3006; baseline 0.009 -20"><span class='ocrx_word' id='word_1_192' title='bbox 306 2931 439 3006; x_wconf 86' lang='lat' dir='ltr'><strong>scripturn</strong></span> <span class='ocrx_word' id='word_1_193' title='bbox 452 2931 533 2986; x_wconf 86' lang='lat' dir='ltr'><strong>estin</strong></span> <span class='ocrx_word' id='word_1_194' title='bbox 546 2929 613 2988; x_wconf 80' lang='lat' dir='ltr'><strong>Pu:</strong></span> <span class='ocrx_word' id='word_1_195' title='bbox 630 2951 756 3002; x_wconf 82' lang='lat' dir='ltr'><strong>„ausona</strong></span> 
     </span>
     <span class='ocr_line' id='line_1_29' title="bbox 307 3018 755 3088; baseline 0.009 -16"><span class='ocrx_word' id='word_1_196' title='bbox 307 3025 336 3072; x_wconf 83' lang='lat' dir='ltr'><strong>et</strong></span> <span class='ocrx_word' id='word_1_197' title='bbox 357 3018 508 3088; x_wconf 79' lang='lat' dir='ltr'><strong>mintumae</strong></span> <span class='ocrx_word' id='word_1_198' title='bbox 529 3025 557 3072; x_wconf 88' lang='lat' dir='ltr'><strong>et</strong></span> <span class='ocrx_word' id='word_1_199' title='bbox 578 3020 687 3076; x_wconf 88' lang='lat' dir='ltr'><strong>uescina</strong></span> <span class='ocrx_word' id='word_1_200' title='bbox 710 3039 755 3076; x_wconf 89' lang='lat' dir='ltr'><strong>ur·</strong></span> 
     </span>
     <span class='ocr_line' id='line_1_30' title="bbox 307 3101 754 3171; baseline 0.016 -13"><span class='ocrx_word' id='word_1_201' title='bbox 307 3102 356 3158; x_wconf 90' lang='lat' dir='ltr'><strong>bes</strong></span> <span class='ocrx_word' id='word_1_202' title='bbox 374 3107 480 3161; x_wconf 85' lang='lat' dir='ltr'><strong>erant“.</strong></span> <span class='ocrx_word' id='word_1_203' title='bbox 516 3101 561 3162; x_wconf 82' lang='lat' dir='ltr'><strong>Cf.</strong></span> <span class='ocrx_word' id='word_1_204' title='bbox 578 3107 610 3171; x_wconf 86' lang='grc'><strong>8,</strong></span> <span class='ocrx_word' id='word_1_205' title='bbox 630 3109 685 3165; x_wconf 78' lang='lat' dir='ltr'><strong>tu:</strong></span> <span class='ocrx_word' id='word_1_206' title='bbox 703 3106 754 3164; x_wconf 82' lang='lat' dir='ltr'><strong>ba-</strong></span> 
     </span>
     <span class='ocr_line' id='line_1_31' title="bbox 234 3183 757 3266; baseline 0.002 -21"><span class='ocrx_word' id='word_1_207' title='bbox 234 3183 236 3194; x_wconf 75' lang='grc'>’</span> <span class='ocrx_word' id='word_1_208' title='bbox 307 3190 359 3246; x_wconf 83' lang='lat' dir='ltr'><strong>tini</strong></span> <span class='ocrx_word' id='word_1_209' title='bbox 372 3210 405 3246; x_wconf 87' lang='lat' dir='ltr'><strong>ex</strong></span> <span class='ocrx_word' id='word_1_210' title='bbox 415 3189 476 3266; x_wconf 83' lang='lat' dir='ltr'><strong>suga</strong></span> <span class='ocrx_word' id='word_1_211' title='bbox 484 3209 515 3246; x_wconf 88' lang='lat' dir='ltr'><strong>se</strong></span> <span class='ocrx_word' id='word_1_212' title='bbox 523 3187 677 3248; x_wconf 82' lang='lat' dir='ltr'><strong>Menturnas</strong></span> <span class='ocrx_word' id='word_1_213' title='bbox 689 3213 757 3250; x_wconf 56' lang='lat' dir='ltr'><strong>con«</strong></span> 
     </span>
     <span class='ocr_line' id='line_1_32' title="bbox 305 3274 756 3346; baseline 0.009 -12"><span class='ocrx_word' id='word_1_214' title='bbox 305 3274 433 3335; x_wconf 79' lang='lat' dir='ltr'><strong>tulerunt.</strong></span> <span class='ocrx_word' id='word_1_215' title='bbox 451 3280 479 3346; x_wconf 85' lang='lat'><strong>8,</strong></span> <span class='ocrx_word' id='word_1_216' title='bbox 492 3280 548 3337; x_wconf 85' lang='lat'><strong>11.:</strong></span> <span class='ocrx_word' id='word_1_217' title='bbox 565 3275 662 3336; x_wconf 85' lang='lat' dir='ltr'><strong>Vescia</strong></span> <span class='ocrx_word' id='word_1_218' title='bbox 679 3279 756 3338; x_wconf 86' lang='lat' dir='ltr'><strong>urbis</strong></span> 
     </span>
     <span class='ocr_line' id='line_1_33' title="bbox 306 3363 754 3448; baseline 0.011 -27"><span class='ocrx_word' id='word_1_219' title='bbox 306 3366 347 3422; x_wconf 87' lang='lat' dir='ltr'><strong>cis</strong></span> <span class='ocrx_word' id='word_1_220' title='bbox 364 3363 563 3443; x_wconf 82' lang='lat' dir='ltr'><strong>receptaculum</strong></span> <span class='ocrx_word' id='word_1_221' title='bbox 581 3365 640 3448; x_wconf 68' lang='lat' dir='ltr'><strong>tuit.</strong></span> <span class='ocrx_word' id='word_1_222' title='bbox 659 3399 694 3411; x_wconf 92' lang='lat'><strong>-·</strong></span> <span class='ocrx_word' id='word_1_223' title='bbox 717 3366 754 3426; x_wconf 84' lang='lat' dir='ltr'><strong>P:</strong></span> 
     </span>
     <span class='ocr_line' id='line_1_34' title="bbox 306 3453 757 3532; baseline 0.007 -23"><span class='ocrx_word' id='word_1_224' title='bbox 306 3473 341 3510; x_wconf 89' lang='lat' dir='ltr'><strong>ex</strong></span> <span class='ocrx_word' id='word_1_225' title='bbox 350 3453 448 3531; x_wconf 88' lang='lat' dir='ltr'><strong>quibus</strong></span> <span class='ocrx_word' id='word_1_226' title='bbox 456 3455 597 3532; x_wconf 88' lang='lat' dir='ltr'><strong>principes</strong></span> <span class='ocrx_word' id='word_1_227' title='bbox 607 3456 757 3512; x_wconf 86' lang='lat' dir='ltr'><strong>iuuentutis</strong></span> 
     </span>
     <span class='ocr_line' id='line_1_35' title="bbox 305 3540 754 3600; baseline 0.007 -4"><span class='ocrx_word' id='word_1_228' title='bbox 305 3540 360 3598; x_wconf 88' lang='lat' dir='ltr'><strong>dno</strong></span> <span class='ocrx_word' id='word_1_229' title='bbox 372 3561 391 3600; x_wconf 86' lang='lat' dir='ltr'>x</span> <span class='ocrx_word' id='word_1_230' title='bbox 405 3561 517 3599; x_wconf 83' lang='lat' dir='ltr'><strong>numero</strong></span> <span class='ocrx_word' id='word_1_231' title='bbox 531 3551 583 3600; x_wconf 86' lang='lat' dir='ltr'><strong>cet.</strong></span> <span class='ocrx_word' id='word_1_232' title='bbox 598 3542 638 3599; x_wconf 78' lang='lat' dir='ltr'><strong>tl:</strong></span> <span class='ocrx_word' id='word_1_233' title='bbox 652 3541 754 3600; x_wconf 87' lang='lat' dir='ltr'><strong>dnode-</strong></span> 
     </span>
     <span class='ocr_line' id='line_1_36' title="bbox 305 3627 754 3690; baseline 0.013 -6"><span class='ocrx_word' id='word_1_234' title='bbox 305 3629 367 3687; x_wconf 86' lang='lat' dir='ltr'><strong>cim.</strong></span> <span class='ocrx_word' id='word_1_235' title='bbox 379 3661 413 3671; x_wconf 94' lang='lat'><em>-</em></span> <span class='ocrx_word' id='word_1_236' title='bbox 425 3627 489 3688; x_wconf 81' lang='lat' dir='ltr'><strong>PM:</strong></span> <span class='ocrx_word' id='word_1_237' title='bbox 501 3627 537 3686; x_wconf 83' lang='lat' dir='ltr'><strong>ad</strong></span> <span class='ocrx_word' id='word_1_238' title='bbox 550 3635 621 3690; x_wconf 71' lang='lat' dir='ltr'><strong>cosi.</strong></span> <span class='ocrx_word' id='word_1_239' title='bbox 632 3631 754 3690; x_wconf 84' lang='lat' dir='ltr'><strong>ueniunt.</strong></span> 
     </span>
     <span class='ocr_line' id='line_1_37' title="bbox 253 3712 755 3776; baseline 0.016 -10"><span class='ocrx_word' id='word_1_240' title='bbox 253 3715 279 3771; x_wconf 88' lang='grc'><strong>7.</strong></span> <span class='ocrx_word' id='word_1_241' title='bbox 308 3712 459 3775; x_wconf 78' lang='lat' dir='ltr'><strong>iuuentute</strong></span> <span class='ocrx_word' id='word_1_242' title='bbox 477 3719 570 3774; x_wconf 78' lang='lat' dir='ltr'><strong>armis</strong></span> <span class='ocrx_word' id='word_1_243' title='bbox 588 3715 755 3776; x_wconf 75' lang='lat' dir='ltr'><strong>Samnitem</strong></span> 
     </span>
     <span class='ocr_line' id='line_1_38' title="bbox 303 3799 754 3876; baseline 0.013 -20"><span class='ocrx_word' id='word_1_244' title='bbox 303 3799 435 3858; x_wconf 81' lang='lat' dir='ltr'><strong>iuuisse:</strong></span> <span class='ocrx_word' id='word_1_245' title='bbox 453 3800 481 3858; x_wconf 84' lang='lat' dir='ltr'><strong>tl</strong></span> <span class='ocrx_word' id='word_1_246' title='bbox 499 3802 560 3867; x_wconf 80' lang='lat' dir='ltr'><strong>cod.</strong></span> <span class='ocrx_word' id='word_1_247' title='bbox 571 3803 694 3876; x_wconf 80' lang='lat' dir='ltr'><strong>Thoan]</strong></span> <span class='ocrx_word' id='word_1_248' title='bbox 713 3807 754 3862; x_wconf 91' lang='lat' dir='ltr'><strong>iu·</strong></span> 
     </span>
     <span class='ocr_line' id='line_1_39' title="bbox 304 3889 753 3949; baseline 0.007 -3"><span class='ocrx_word' id='word_1_249' title='bbox 304 3897 418 3946; x_wconf 79' lang='lat' dir='ltr'><strong>ventntc</strong></span> <span class='ocrx_word' id='word_1_250' title='bbox 441 3889 524 3945; x_wconf 88' lang='lat' dir='ltr'><strong>armis</strong></span> <span class='ocrx_word' id='word_1_251' title='bbox 549 3889 686 3948; x_wconf 78' lang='lat' dir='ltr'><strong>Samnites</strong></span> <span class='ocrx_word' id='word_1_252' title='bbox 712 3893 753 3949; x_wconf 88' lang='lat' dir='ltr'><strong>in·</strong></span> 
     </span>
     <span class='ocr_line' id='line_1_40' title="bbox 303 3973 754 4049; baseline 0.013 -17"><span class='ocrx_word' id='word_1_253' title='bbox 303 3977 377 4033; x_wconf 84' lang='lat' dir='ltr'><strong>risse</strong></span> <span class='ocrx_word' id='word_1_254' title='bbox 389 3975 427 4047; x_wconf 87' lang='grc' dir='ltr'><strong>(Ρ</strong></span> <span class='ocrx_word' id='word_1_255' title='bbox 438 3973 515 4037; x_wconf 87' lang='lat' dir='ltr'><strong>Leid.</strong></span> <span class='ocrx_word' id='word_1_256' title='bbox 528 3995 547 4036; x_wconf 84' lang='lat' dir='ltr'><strong>r.</strong></span> <span class='ocrx_word' id='word_1_257' title='bbox 558 3976 619 4038; x_wconf 92' lang='lat' dir='ltr'><strong>cod.</strong></span> <span class='ocrx_word' id='word_1_258' title='bbox 631 3977 754 4049; x_wconf 57' lang='grc' dir='ltr'>ΠΜ).</span> 
     </span>
     <span class='ocr_line' id='line_1_41' title="bbox 302 4065 756 4143; baseline 0.002 -22"><span class='ocrx_word' id='word_1_259' title='bbox 302 4065 349 4123; x_wconf 82' lang='lat' dir='ltr'><strong>cf.</strong></span> <span class='ocrx_word' id='word_1_260' title='bbox 367 4068 399 4130; x_wconf 85' lang='lat'><strong>7,</strong></span> <span class='ocrx_word' id='word_1_261' title='bbox 417 4066 478 4122; x_wconf 77' lang='lat'><strong>33.:</strong></span> <span class='ocrx_word' id='word_1_262' title='bbox 500 4074 557 4123; x_wconf 86' lang='lat' dir='ltr'><strong>turn</strong></span> <span class='ocrx_word' id='word_1_263' title='bbox 580 4067 641 4143; x_wconf 85' lang='lat' dir='ltr'><strong>capi</strong></span> <span class='ocrx_word' id='word_1_264' title='bbox 664 4066 756 4131; x_wconf 83' lang='lat' dir='ltr'><strong>occidi</strong></span> 
     </span>
    </p>

    <p class='ocr_par' dir='ltr' id='par_1_5' title="bbox 302 4147 753 4220">
     <span class='ocr_line' id='line_1_42' title="bbox 302 4147 753 4220; baseline 0.009 -17"><span class='ocrx_word' id='word_1_265' title='bbox 302 4147 416 4208; x_wconf 85' lang='lat' dir='ltr'><strong>Samnis.</strong></span> <span class='ocrx_word' id='word_1_266' title='bbox 428 4153 453 4220; x_wconf 82' lang='grc'><strong>9,</strong></span> <span class='ocrx_word' id='word_1_267' title='bbox 463 4152 505 4206; x_wconf 71' lang='lat'><strong>27.</strong></span> <span class='ocrx_word' id='word_1_268' title='bbox 515 4149 548 4208; x_wconf 85' lang='lat' dir='ltr'><strong>al.</strong></span> <span class='ocrx_word' id='word_1_269' title='bbox 561 4183 590 4196; x_wconf 87' lang='lat'><strong>-·</strong></span> <span class='ocrx_word' id='word_1_270' title='bbox 607 4152 674 4212; x_wconf 83' lang='lat' dir='ltr'><strong>ltlm.</strong></span> <span class='ocrx_word' id='word_1_271' title='bbox 684 4157 710 4216; x_wconf 73' lang='grc' dir='ltr'><strong>1ι</strong></span> <span class='ocrx_word' id='word_1_272' title='bbox 719 4152 753 4210; x_wconf 81' lang='lat' dir='ltr'><strong>P:</strong></span> 
     </span>
    </p>
   </div>
   <div class='ocr_carea' id='block_1_5' title="bbox 896 2669 1371 2994">
    <p class='ocr_par' dir='ltr' id='par_1_6' title="bbox 896 2669 1371 2994">
     <span class='ocr_line' id='line_1_43' title="bbox 897 2669 1348 2753; baseline -0.007 -21"><span class='ocrx_word' id='word_1_273' title='bbox 897 2677 975 2753; x_wconf 69' lang='lat' dir='ltr'><strong>paci.</strong></span> <span class='ocrx_word' id='word_1_274' title='bbox 988 2703 1024 2716; x_wconf 94' lang='lat'><em>-</em></span> <span class='ocrx_word' id='word_1_275' title='bbox 1041 2669 1105 2730; x_wconf 80' lang='lat' dir='ltr'><strong>Pu:</strong></span> <span class='ocrx_word' id='word_1_276' title='bbox 1123 2691 1174 2729; x_wconf 83' lang='lat' dir='ltr'><strong>nec</strong></span> <span class='ocrx_word' id='word_1_277' title='bbox 1191 2670 1348 2729; x_wconf 70' lang='lat' dir='ltr'><strong>claudentis</strong></span> 
     </span>
     <span class='ocr_line' id='line_1_44' title="bbox 896 2761 1349 2840; baseline -0.013 -20"><span class='ocrx_word' id='word_1_278' title='bbox 896 2769 991 2840; x_wconf 81' lang='lat' dir='ltr'><strong>portas</strong></span> <span class='ocrx_word' id='word_1_279' title='bbox 1012 2761 1131 2820; x_wconf 87' lang='lat' dir='ltr'><strong>romanis</strong></span> <span class='ocrx_word' id='word_1_280' title='bbox 1153 2777 1188 2818; x_wconf 85' lang='lat' dir='ltr'><strong>ne</strong></span> <span class='ocrx_word' id='word_1_281' title='bbox 1208 2767 1349 2817; x_wconf 75' lang='lat' dir='ltr'><strong>arcessant</strong></span> 
     </span>
     <span class='ocr_line' id='line_1_45' title="bbox 897 2843 1371 2918; baseline -0.006 -12"><span class='ocrx_word' id='word_1_282' title='bbox 897 2847 1007 2908; x_wconf 77' lang='lat' dir='ltr'><strong>bellurn</strong></span> <span class='ocrx_word' id='word_1_283' title='bbox 1029 2881 1064 2894; x_wconf 88' lang='lat'><em>-</em></span> <span class='ocrx_word' id='word_1_284' title='bbox 1080 2843 1125 2906; x_wconf 71' lang='lat' dir='ltr'><strong>bl:</strong></span> <span class='ocrx_word' id='word_1_285' title='bbox 1147 2849 1172 2904; x_wconf 87' lang='lat' dir='ltr'><strong>si</strong></span> <span class='ocrx_word' id='word_1_286' title='bbox 1192 2846 1347 2918; x_wconf 69' lang='lat' dir='ltr'><strong>exercitus!</strong></span> <span class='ocrx_word' id='word_1_287' title='bbox 1370 2879 1371 2918; x_wconf 46' lang='lat' dir='ltr'><strong>p</strong></span> 
     </span>
     <span class='ocr_line' id='line_1_46' title="bbox 896 2947 1044 2994; baseline -0.007 0"><span class='ocrx_word' id='word_1_288' title='bbox 896 2947 1044 2994; x_wconf 84' lang='lat' dir='ltr'><strong>moueatur.</strong></span> 
     </span>
    </p>
   </div>
   <div class='ocr_carea' id='block_1_6' title="bbox 828 3019 1343 3098">
    <p class='ocr_par' dir='ltr' id='par_1_7' title="bbox 828 3019 1343 3098">
     <span class='ocr_line' id='line_1_47' title="bbox 828 3019 1343 3098; baseline -0.012 -20"><span class='ocrx_word' id='word_1_289' title='bbox 828 3023 871 3079; x_wconf 82' lang='lat'><strong>13.</strong></span> <span class='ocrx_word' id='word_1_290' title='bbox 898 3025 953 3098; x_wconf 81' lang='lat' dir='ltr'><strong>qui</strong></span> <span class='ocrx_word' id='word_1_291' title='bbox 968 3022 1075 3079; x_wconf 78' lang='lat' dir='ltr'><strong>occulti</strong></span> <span class='ocrx_word' id='word_1_292' title='bbox 1081 3019 1250 3094; x_wconf 71' lang='lat' dir='ltr'><strong>propinqua</strong></span> <span class='ocrx_word' id='word_1_293' title='bbox 1261 3031 1343 3072; x_wconf 84' lang='lat' dir='ltr'><strong>moc-</strong></span> 
     </span>
    </p>
   </div>
   <div class='ocr_carea' id='block_1_7' title="bbox 895 3098 1342 3516">
    <p class='ocr_par' dir='ltr' id='par_1_8' title="bbox 895 3098 1342 3516">
     <span class='ocr_line' id='line_1_48' title="bbox 896 3098 1342 3176; baseline -0.011 -11"><span class='ocrx_word' id='word_1_294' title='bbox 896 3109 983 3176; x_wconf 75' lang='lat' dir='ltr'><strong>nr‘bus</strong></span> <span class='ocrx_word' id='word_1_295' title='bbox 999 3105 1161 3164; x_wconf 55' lang='lat' dir='ltr'><strong>inderent</strong></span> <span class='ocrx_word' id='word_1_296' title='bbox 1178 3098 1342 3160; x_wconf 60' lang='lat' dir='ltr'><strong>locnonl.</strong></span> 
     </span>
     <span class='ocr_line' id='line_1_49' title="bbox 896 3184 1339 3256; baseline -0.002 -9"><span class='ocrx_word' id='word_1_297' title='bbox 896 3223 931 3236; x_wconf 88' lang='lat'><em>-</em></span> <span class='ocrx_word' id='word_1_298' title='bbox 948 3189 1025 3256; x_wconf 81' lang='lat' dir='ltr'><strong>beid.</strong></span> <span class='ocrx_word' id='word_1_299' title='bbox 1043 3209 1076 3249; x_wconf 87' lang='lat'><strong>1.:</strong></span> <span class='ocrx_word' id='word_1_300' title='bbox 1096 3184 1260 3248; x_wconf 72' lang='lat' dir='ltr'><strong>insederunt.</strong></span> <span class='ocrx_word' id='word_1_301' title='bbox 1295 3187 1339 3249; x_wconf 87' lang='lat' dir='ltr'><strong>Cf.</strong></span> 
     </span>
     <span class='ocr_line' id='line_1_50' title="bbox 896 3272 1339 3354; baseline -0.007 -18"><span class='ocrx_word' id='word_1_302' title='bbox 896 3283 923 3349; x_wconf 85' lang='grc'><strong>9,</strong></span> <span class='ocrx_word' id='word_1_303' title='bbox 940 3280 985 3338; x_wconf 79' lang='lat' dir='ltr'><strong>ut.</strong></span> <span class='ocrx_word' id='word_1_304' title='bbox 997 3309 1032 3322; x_wconf 90' lang='lat'>-</span> <span class='ocrx_word' id='word_1_305' title='bbox 1044 3273 1129 3334; x_wconf 86' lang='lat' dir='ltr'><strong>Paulo</strong></span> <span class='ocrx_word' id='word_1_306' title='bbox 1143 3272 1240 3354; x_wconf 81' lang='lat' dir='ltr'><strong>postl’</strong></span> <span class='ocrx_word' id='word_1_307' title='bbox 1252 3295 1286 3336; x_wconf 90' lang='lat' dir='ltr'><strong>m.</strong></span> <span class='ocrx_word' id='word_1_308' title='bbox 1299 3279 1339 3336; x_wconf 90' lang='lat'><strong>1.:</strong></span> 
     </span>
     <span class='ocr_line' id='line_1_51' title="bbox 895 3363 1336 3426; baseline -0.014 -1"><span class='ocrx_word' id='word_1_309' title='bbox 895 3375 926 3426; x_wconf 88' lang='lat' dir='ltr'><strong>ut</strong></span> <span class='ocrx_word' id='word_1_310' title='bbox 937 3365 1049 3424; x_wconf 78' lang='lat' dir='ltr'><strong>excidiis</strong></span> <span class='ocrx_word' id='word_1_311' title='bbox 1059 3371 1257 3426; x_wconf 80' lang='lat' dir='ltr'><strong>concurrerent.</strong></span> <span class='ocrx_word' id='word_1_312' title='bbox 1272 3363 1336 3423; x_wconf 87' lang='lat' dir='ltr'><strong>Pur.</strong></span> 
     </span>
     <span class='ocr_line' id='line_1_52' title="bbox 896 3440 1214 3516; baseline -0.003 -4"><span class='ocrx_word' id='word_1_313' title='bbox 896 3457 923 3516; x_wconf 78' lang='lat' dir='ltr'><strong>c.</strong></span> <span class='ocrx_word' id='word_1_314' title='bbox 940 3454 981 3513; x_wconf 75' lang='lat' dir='ltr'><strong>n:</strong></span> <span class='ocrx_word' id='word_1_315' title='bbox 991 3440 1030 3514; x_wconf 71' lang='lat' dir='ltr'><strong>&#39;ur</strong></span> <span class='ocrx_word' id='word_1_316' title='bbox 1046 3473 1080 3512; x_wconf 68' lang='lat' dir='ltr'><strong>ex</strong></span> <span class='ocrx_word' id='word_1_317' title='bbox 1096 3451 1214 3511; x_wconf 63' lang='lat' dir='ltr'><strong>ristun.</strong></span> 
     </span>
    </p>
   </div>
   <div class='ocr_carea' id='block_1_8' title="bbox 826 3541 1334 3618">
    <p class='ocr_par' dir='ltr' id='par_1_9' title="bbox 826 3541 1334 3618">
     <span class='ocr_line' id='line_1_53' title="bbox 826 3541 1334 3618; baseline -0.016 -18"><span class='ocrx_word' id='word_1_318' title='bbox 826 3545 871 3606; x_wconf 88' lang='grc'><strong>19.</strong></span> <span class='ocrx_word' id='word_1_319' title='bbox 898 3544 1057 3618; x_wconf 79' lang='lat' dir='ltr'><strong>deletaque</strong></span> <span class='ocrx_word' id='word_1_320' title='bbox 1083 3541 1239 3600; x_wconf 80' lang='lat' dir='ltr'><strong>Ausonum</strong></span> <span class='ocrx_word' id='word_1_321' title='bbox 1262 3555 1334 3616; x_wconf 78' lang='lat' dir='ltr'><strong>gans</strong></span> 
     </span>
    </p>
   </div>
   <div class='ocr_carea' id='block_1_9' title="bbox 894 3625 1337 3952">
    <p class='ocr_par' dir='ltr' id='par_1_10' title="bbox 894 3625 1337 3952">
     <span class='ocr_line' id='line_1_54' title="bbox 897 3625 1334 3704; baseline -0.021 -15"><span class='ocrx_word' id='word_1_322' title='bbox 897 3633 952 3690; x_wconf 77' lang='lat' dir='ltr'><strong>uin</strong></span> <span class='ocrx_word' id='word_1_323' title='bbox 977 3637 1057 3688; x_wconf 83' lang='lat' dir='ltr'><strong>certo</strong></span> <span class='ocrx_word' id='word_1_324' title='bbox 1084 3625 1260 3704; x_wconf 71' lang='lat' dir='ltr'><strong>defectionis</strong></span> <span class='ocrx_word' id='word_1_325' title='bbox 1283 3625 1334 3682; x_wconf 79' lang='lat' dir='ltr'><strong>cri·</strong></span> 
     </span>
     <span class='ocr_line' id='line_1_55' title="bbox 895 3713 1336 3792; baseline -0.023 -17"><span class='ocrx_word' id='word_1_326' title='bbox 895 3719 975 3775; x_wconf 74' lang='lat' dir='ltr'><strong>mitte</strong></span> <span class='ocrx_word' id='word_1_327' title='bbox 994 3715 1121 3792; x_wconf 75' lang='lat' dir='ltr'><strong>periuris</strong></span> <span class='ocrx_word' id='word_1_328' title='bbox 1146 3735 1183 3771; x_wconf 84' lang='lat' dir='ltr'><strong>cc</strong></span> <span class='ocrx_word' id='word_1_329' title='bbox 1202 3714 1232 3772; x_wconf 79' lang='lat'><strong>:1⁰</strong></span> <span class='ocrx_word' id='word_1_330' title='bbox 1251 3713 1336 3768; x_wconf 76' lang='lat' dir='ltr'><strong>turer·</strong></span> 
     </span>
     <span class='ocr_line' id='line_1_56' title="bbox 894 3795 1337 3861; baseline -0.02 0"><span class='ocrx_word' id='word_1_331' title='bbox 894 3805 998 3861; x_wconf 79' lang='lat' dir='ltr'><strong>nccr&#39;uo</strong></span> <span class='ocrx_word' id='word_1_332' title='bbox 1024 3803 1102 3860; x_wconf 75' lang='lat' dir='ltr'><strong>hello</strong></span> <span class='ocrx_word' id='word_1_333' title='bbox 1132 3804 1286 3856; x_wconf 74' lang='lat' dir='ltr'><strong>certasset:</strong></span> <span class='ocrx_word' id='word_1_334' title='bbox 1314 3795 1337 3852; x_wconf 85' lang='lat' dir='ltr'><strong>P</strong></span> 
     </span>
     <span class='ocr_line' id='line_1_57' title="bbox 894 3880 1335 3952; baseline -0.011 -6"><span class='ocrx_word' id='word_1_335' title='bbox 894 3889 974 3949; x_wconf 83' lang='lat' dir='ltr'><strong>Leid.</strong></span> <span class='ocrx_word' id='word_1_336' title='bbox 991 3907 1010 3952; x_wconf 83' lang='lat' dir='ltr'><strong>r.</strong></span> <span class='ocrx_word' id='word_1_337' title='bbox 1036 3887 1097 3946; x_wconf 90' lang='lat' dir='ltr'><strong>cod.</strong></span> <span class='ocrx_word' id='word_1_338' title='bbox 1123 3885 1220 3946; x_wconf 80' lang='lat' dir='ltr'><strong>Klocb.</strong></span> <span class='ocrx_word' id='word_1_339' title='bbox 1241 3913 1274 3926; x_wconf 86' lang='lat'><strong>·-</strong></span> <span class='ocrx_word' id='word_1_340' title='bbox 1297 3880 1335 3941; x_wconf 84' lang='lat' dir='ltr'><strong>bl:</strong></span> 
     </span>
    </p>
   </div>
   <div class='ocr_carea' id='block_1_10' title="bbox 863 3973 1334 4053">
    <p class='ocr_par' dir='ltr' id='par_1_11' title="bbox 863 3973 1334 4053">
     <span class='ocr_line' id='line_1_58' title="bbox 863 3973 1334 4053; baseline -0.008 -19"><span class='ocrx_word' id='word_1_341' title='bbox 863 4025 865 4034; x_wconf 93' lang='lat'><em>.</em></span> <span class='ocrx_word' id='word_1_342' title='bbox 896 3975 1037 4053; x_wconf 83' lang='lat' dir='ltr'><strong>deletaque</strong></span> <span class='ocrx_word' id='word_1_343' title='bbox 1061 3993 1191 4032; x_wconf 85' lang='lat' dir='ltr'><strong>ausonum</strong></span> <span class='ocrx_word' id='word_1_344' title='bbox 1212 3991 1275 4047; x_wconf 80' lang='lat' dir='ltr'><strong>gens</strong></span> <span class='ocrx_word' id='word_1_345' title='bbox 1291 3973 1334 4030; x_wconf 85' lang='lat' dir='ltr'><strong>uix</strong></span> 
     </span>
    </p>
   </div>
   <div class='ocr_carea' id='block_1_11' title="bbox 896 4061 1332 4212">
    <p class='ocr_par' dir='ltr' id='par_1_12' title="bbox 896 4061 1332 4212">
     <span class='ocr_line' id='line_1_59' title="bbox 896 4061 1332 4136; baseline -0.014 -15"><span class='ocrx_word' id='word_1_346' title='bbox 896 4065 969 4121; x_wconf 78' lang='lat' dir='ltr'><strong>certo</strong></span> <span class='ocrx_word' id='word_1_347' title='bbox 984 4061 1143 4120; x_wconf 81' lang='lat' dir='ltr'><strong>desectionis</strong></span> <span class='ocrx_word' id='word_1_348' title='bbox 1157 4063 1268 4121; x_wconf 79' lang='lat' dir='ltr'><strong>crimine</strong></span> <span class='ocrx_word' id='word_1_349' title='bbox 1277 4079 1332 4136; x_wconf 86' lang='lat' dir='ltr'><strong>per-</strong></span> 
     </span>
     <span class='ocr_line' id='line_1_60' title="bbox 897 4145 1332 4212; baseline -0.014 -4"><span class='ocrx_word' id='word_1_350' title='bbox 897 4151 961 4210; x_wconf 84' lang='lat' dir='ltr'><strong>inde</strong></span> <span class='ocrx_word' id='word_1_351' title='bbox 985 4170 1016 4209; x_wconf 79' lang='lat' dir='ltr'><strong>a:</strong></span> <span class='ocrx_word' id='word_1_352' title='bbox 1037 4153 1065 4212; x_wconf 80' lang='lat' dir='ltr'><strong>si</strong></span> <span class='ocrx_word' id='word_1_353' title='bbox 1083 4149 1252 4210; x_wconf 69' lang='lat' dir='ltr'><strong>numnius</strong></span> <span class='ocrx_word' id='word_1_354' title='bbox 1263 4145 1332 4206; x_wconf 84' lang='lat' dir='ltr'><strong>bello</strong></span> 
     </span>
    </p>
   </div>
   <div class='ocr_carea' id='block_1_12' title="bbox 0 0 1412 4726">
    <p class='ocr_par' dir='ltr' id='par_1_13' title="bbox 0 0 1412 4726">
     <span class='ocr_line' id='line_1_61' title="bbox 0 0 1412 4726; baseline 0 2"><span class='ocrx_word' id='word_1_355' title='bbox 0 0 1412 4726; x_wconf 95' lang='lat' dir='ltr'><strong> </strong></span> 
     </span>
    </p>
   </div>
  </div>
 </body>
</html>
