2618 4590
159 282 225 350 mu
302 271 305 276 ’
617 294 727 356 urum
744 294 803 355 vu.

159 459 246 528 tione
269 461 422 527 advocata
444 459 609 526 laudatum
635 458 799 526 tribunum
827 459 940 526 decem
966 459 1070 526 bubus
1101 481 1261 549 aureaque

159 589 278 633 corona
300 565 406 633 donat.
445 565 514 655 ipsc
536 564 641 631 iussus
664 564 705 630 ab
728 574 841 657 senatu
856 564 978 632 bellum
992 563 1187 633 maritimum
1210 587 1262 630 cu-

160 691 229 736 rare
253 692 326 736 cum
347 679 495 760 praetore
517 669 619 736 iunxit
641 678 753 736 castra.
791 668 835 734 ibi
857 668 932 759 quia
952 692 1004 736 rcs
1025 667 1107 734 trahi
1130 669 1262 759 segnitia

162 774 356 842 Graecorum
378 799 443 843 non
467 774 733 841 committentium
755 795 791 840 se
812 772 846 840 in
867 774 968 841 aciem
990 773 1187 856 videbantur,
1220 774 1263 840 ‹li-

119 883 147 940 =5
161 890 314 946 ctatorcm
337 880 539 948 comitiorum
562 901 657 946 causa
680 876 719 945 T.
741 876 898 946 Manlium
919 879 1121 968 Torquatum
1145 902 1187 945 ex
1210 903 1264 944 au-

160 983 304 1051 ctoritate
333 996 463 1051 senatus
491 983 579 1051 dixit.
617 983 752 1051 dictator
778 983 928 1074 magistro
959 982 1104 1073 equitum
1125 982 1165 1050 A.
1189 982 1265 1051 Cor-

159 1086 244 1155 nelio
268 1085 373 1155 Cosso
401 1089 485 1155 dicto
516 1087 644 1156 comitia
672 1087 850 1156 consularia
877 1086 1002 1171 habuit,
1036 1088 1264 1178 aemulumque

160 1191 284 1259 decoris
306 1192 355 1258 sui
377 1192 543 1260 absentem
564 1193 610 1260 M.
633 1192 796 1275 Valerium
818 1191 960 1260 Corvum
982 1192 1081 1260 -id
1111 1193 1198 1259 enim
1219 1192 1265 1259 illi

160 1293 273 1363 deinde
297 1290 494 1388 cognominis
516 1298 641 1367 fuit-
662 1321 790 1369 summo
813 1296 923 1367 lavore
950 1296 1063 1389 populi
1088 1296 1144 1364 tris
1166 1307 1201 1365 et
1221 1296 1265 1364 vi·

229 1515 295 1572 inde
312 1515 414 1576 reversi
432 1513 608 1594 Campaniam
629 1537 676 1598 pe,-

229 1611 332 1660 tarent:
360 1613 406 1660 aut
422 1613 453 1660 ut
472 1602 576 1662 duobus
594 1607 677 1681 agmi-

228 1690 322 1759 nibus,
345 1693 392 1767 qui
410 1710 469 1747 mos
489 1702 547 1748 erat
568 1691 676 1751 illorum

160 1808 163 1817 ·
229 1775 400 1855 populorum,
419 1777 465 1835 alii
479 1778 612 1855 Apuliam,
630 1780 676 1836 alii

231 1864 408 1943 Campaniam
426 1875 454 1922 et
471 1866 586 1924 inlerum
603 1887 677 1924 maro

229 1954 369 2028 peterent?
382 1972 461 2031 quam
474 1952 583 2012 alteram
595 1954 676 2012 buius

229 2038 283 2096 loci
309 2042 558 2119 interpretationem
588 2045 676 2099 verio-

230 2146 289 2184 rem
307 2147 366 2183 esse
379 2130 460 2187 etiam
471 2129 613 2205 dissipati
629 2129 676 2185 tlo-

231 2232 292 2270 ccre
309 2224 408 2290 potest.

177 2300 204 2357 3.
231 2301 273 2354 itt
289 2303 361 2376 quia
379 2301 529 2358 neutrubi
549 2304 678 2380 arguitio

231 2385 412 2443 Graecorum
429 2408 488 2465 non
500 2391 678 2445 committen-

229 2476 303 2529 tium
321 2494 354 2530 ae
372 2476 403 2530 in
421 2477 513 2532 aciem
537 2476 677 2532 uideban-

230 2570 296 2618 tur.-
315 2559 378 2616 Pol:
400 2561 678 2639 praeterquamquod

229 2642 320 2725 primo
342 2646 371 2704 in
389 2647 411 2704 P
435 2658 493 2705 erat
515 2652 677 2727 „signitia“.

232 2768 267 2778 -
286 2733 335 2792 ΡΜ
352 2734 430 2793 Laid.
445 2755 480 2797 1.:
502 2746 522 2798 t.
540 2737 680 2795 menalium
736 2745 739 2751 '

231 2833 394 2902 torquatum.

179 2913 207 2971 7.
232 2911 442 2988 aemulumque
469 2911 586 2969 decoris
615 2913 679 2968 aui:
701 2974 703 2979 ¹

231 2998 266 3054 Μ.
286 3031 320 3041 —-
343 2998 381 3055 P:
401 2997 615 3073 „aemulumque
634 2998 679 3054 de·

232 3087 332 3159 corisq.
346 3087 421 3141 sui“.
439 3083 509 3138 Hine
522 3083 620 3139 lactum
638 3087 679 3140 vi·

233 3169 312 3226 detur
328 3181 359 3226 ut
376 3171 404 3225 in
421 3168 498 3227 Leid.
512 3187 530 3228 1.
547 3172 678 3225 scribere-

120 3264 123 3269 '
219 3266 288 3328 tur:
317 3256 473 3326 „aemulum
496 3275 678 3335 quamquam

184 3353 187 3357 '
231 3345 337 3402 decoris
355 3347 430 3404 sui“.

177 3436 203 3490 Β.
230 3434 270 3492 M.
290 3433 445 3492 Valerium
464 3431 608 3488 Coruum:
627 3429 677 3489 ΡΜ

230 3518 289 3579 rell.
310 3519 385 3579 Idem
405 3522 521 3578 Coruus
539 3521 568 3575 in
587 3516 676 3594 Capit.

231 3605 323 3679 fragm.
345 3616 481 3684 repertum
504 3616 546 3663 est
568 3616 596 3686 et
612 3607 676 3682 legi-

230 3700 276 3748 tur
305 3695 334 3749 in
351 3703 353 3708 ’
368 3693 524 3751 melioribus
554 3691 676 3750 Liuianis

231 3778 311 3840 codd.
329 3781 454 3837 omuibus
470 3783 510 3838 eis
522 3780 598 3849 locis,
617 3783 680 3858 qui-¹
732 3800 735 3805 ·

230 3868 282 3924 bus
304 3869 436 3944 integrum
453 3867 553 3926 Valerii
576 3889 675 3924 nomeu

229 3954 401 4012 scribendum
413 3955 562 4016 videbatur.
583 3959 611 4012 iu
625 3958 675 4011 eis·

121 4213 124 4216 y
167 4139 170 4145 '
229 4128 312 4187 altera
324 4129 397 4190 illius
408 4132 576 4206 cognominis
588 4130 675 4188 forma

819 1515 968 1574 Coruinus
978 1515 1110 1592 reperitur
1118 1517 1145 1586 7,
1154 1516 1199 1575 32.
1212 1514 1267 1585 lu,

817 1623 898 1680 quam
922 1621 983 1658 cnm
1001 1601 1136 1662 llralenh.
1160 1600 1194 1660 al.
1220 1601 1267 1658 te-

816 1688 898 1748 letam
916 1687 1010 1758 nolim,
1028 1709 1090 1747 cum
1106 1709 1138 1746 ea
1149 1689 1208 1747 sola
1220 1688 1267 1744 alii

820 1780 924 1854 antiqui
951 1777 1099 1853 scriptores
1123 1784 1151 1832 et
1169 1786 1268 1854 poetas

818 1867 861 1922 usi
873 1867 937 1923 siut.
954 1861 998 1921 cf.
1007 1862 1042 1923 tt
1052 1863 1156 1921 Manilii
1165 1874 1267 1922 astron.

820 1955 844 2018 1,
863 1952 939 2008 rm:
969 1959 995 2006 ct
1013 1951 1173 2007 commilitio
1191 1950 1269 2008 volu·

819 2041 873 2094 cris
884 2034 1020 2095 Corvinus
1031 2037 1145 2116 adeptus
1154 2039 1190 2096 Et
1204 2058 1268 2116 spo·

817 2122 854 2181 lia
873 2133 900 2180 et
911 2143 1017 2183 nomen.
1034 2123 1169 2182 Iuvenalis
1179 2135 1229 2183 sat.
1239 2128 1267 2192 8,

818 2214 845 2270 5.
870 2231 946 2289 seqq.
974 2209 1036 2271 nul.
1056 2210 1125 2269 Cell.
1151 2215 1185 2280 9,
1208 2215 1267 2271 11.:

820 2329 855 2340 —
877 2300 942 2367 „sic
974 2299 1099 2355 tribunus
1129 2308 1269 2376 spectante

818 2395 932 2463 utroque
955 2387 1074 2442 exercitu
1098 2394 1126 2443 et
1147 2405 1196 2442 sua
1214 2387 1268 2442 rir-

818 2482 875 2529 tute
893 2475 972 2529 nixus
985 2481 1012 2528 et
1024 2492 1106 2550 opera
1119 2469 1191 2529 alitia
1201 2494 1267 2551 pro-

818 2568 951 2638 pugnatus
970 2559 1065 2617 ducem
1084 2559 1208 2630 'bostium
1230 2559 1267 2618 le·

818 2649 989 2704 rorissimam
1021 2648 1088 2705 vicit
1105 2646 1267 2703 *interfecit-

821 2754 887 2813 que‚
911 2740 996 2812 atque¹
1013 2735 1048 2792 ob
1070 2733 1141 2793 bano
1160 2753 1267 2792 eausam

755 2832 759 2839 '
821 2840 969 2898 cognomen
999 2820 1094 2879 habuit
1120 2822 1266 2880 Corvinus.

820 2940 855 2953 -
881 2910 1004 2966 Statuam
1021 2905 1142 2966 Corvino
1159 2910 1207 2964 isti
1226 2908 1267 2964 di·

818 3017 869 3055 vus
882 2997 1017 3072 Augustus
1029 2998 1059 3053 in
1071 2994 1130 3053 iuro
1147 3014 1196 3053 suo
1210 3004 1267 3052 sta·

819 3082 946 3140 tuendam
970 3087 1095 3141 aurariu‘
1118 3092 1173 3143 tet.
1200 3082 1267 3140 Am-

759 3182 761 3187 '
818 3172 900 3229 mian.
918 3168 1035 3230 Marcell.
1057 3171 1107 3240 ll,
1128 3170 1155 3229 l.
1168 3170 1204 3229 ’5.
1231 3201 1266 3212 -

818 3256 898 3316 Recc.
923 3256 989 3335 quid
1017 3256 1109 3315 colb:
1140 3255 1171 3313 it
1194 3259 1266 3314 euim

818 3341 870 3487 {Bit
886 3343 985 3457 deiude
1011 3343 1073 3401 loco
1094 3347 1266 3420 ‘cognominis

766 3520 792 3579 9.
820 3520 878 3576 tris
907 3527 936 3575 et
958 3518 1067 3597 uiginti
1087 3527 1191 3577 natum
1213 3539 1266 3575 an-

818 3625 874 3662 nor
892 3607 1050 3684 scripsimus
1061 3625 1103 3661 .ea
1126 3626 1197 3682 quae
1213 3603 1267 3687 Va·

759 3708 762 3715 ·
817 3688 899 3749 lerina
918 3693 952 3749 dc
969 3714 1000 3750 se
1017 3696 1076 3771 ipse
1086 3692 1195 3751 locutus
1214 3690 1268 3749 fer·

815 3788 862 3837 tur
879 3782 978 3836 secuti:
997 3785 1023 3848 7,
1036 3783 1093 3839 m:
1112 3799 1166 3850 „ea
1179 3789 1267 3836 aetate

817 3867 986 3923 consulatum
1009 3866 1122 3946 adeptus
1144 3888 1219 3924 eram
1237 3877 1269 3924 ut

815 3956 950 4033 potuerim
967 3957 1018 4011 tris
1032 3964 1059 4011 et
1070 3975 1108 4013 xx
1119 3975 1207 4012 annos
1219 3976 1268 4011 na-

777 4040 782 4051 '
815 4052 861 4099 tus
879 4049 935 4101 cub.
952 4043 1075 4119 patribus
1100 4063 1210 4121 quoque
1227 4042 1267 4125 fe-

815 4148 866 4187 rox
882 4133 981 4187 esaa“r
999 4128 1060 4191 ΡΜ.
1081 4160 1117 4172 -
1144 4126 1180 4188 P:
1208 4140 1267 4188 tres
