2618 4590
96 241 236 333 ‘¹284
328 225 331 232 ’
486 276 491 295 -
626 253 736 316 orsas
753 250 812 314 vn.

45 456 51 471 ι
171 421 238 489 nito
267 418 449 489 consedisse
470 442 531 488 nec
554 417 595 486 ab
624 416 757 485 ducibus
785 416 982 485 mentionem
1010 417 1201 485 concordiae
1223 443 1267 486 or·

170 536 237 592 tam
258 526 316 592 sed
338 533 484 613 repente,
510 547 585 590 curn
606 523 639 591 in
662 523 763 591 aciem
785 523 896 590 annali
919 523 1077 591 exercitus
1099 524 1267 613 processis·

171 640 257 712 sent,
290 626 513 695 salutationem
535 627 653 697 laetam
675 639 708 695 et
728 627 905 718 permixtos
927 628 1053 699 dextras
1079 627 1211 716 iungere
1232 650 1267 692 ac

173 733 331 824 conplecti
351 732 433 799 inter
455 755 490 800 se
512 731 713 801 lacrimantes
742 732 858 799 milites
886 732 1047 824 coepisse,
1075 743 1266 820 coactosque

141 837 335 921 tconsules,
364 861 439 904 cum
460 838 605 905 viderent
626 859 756 905 aversos
778 862 797 905 a
820 837 1021 906 dimicatione
1048 838 1187 904 militum
1209 837 1267 904 ani·

17 940 22 949 '
61 964 64 969 ·
102 980 107 988 -
169 967 251 1026 mos,
273 942 433 1011 rettulisse
456 943 496 1008 ad
517 952 624 1033 patres
648 943 688 1009 de
716 942 886 1010 concordia
912 942 1154 1014 reconcilianda.
1191 941 1266 1009 adeo

169 1047 248 1114 nihil
275 1057 402 1139 praeter
429 1070 527 1136 quarn
557 1047 745 1115 seditionem
773 1046 872 1114 luisse
900 1071 1036 1138 eamque
1070 1047 1268 1137 conpositam

168 1153 252 1220 inter
278 1151 425 1240 antiquos
447 1175 553 1218 rerum
582 1161 728 1219 auctores
756 1162 889 1221 constat
926 1151 969 1220 Et
998 1152 1090 1220 huius
1116 1153 1203 1219 lama
1224 1175 1268 1218 se-

170 1255 297 1324 ditionis
320 1266 353 1323 ct
374 1267 560 1346 susceptum
583 1279 658 1324 cum
672 1255 867 1325 Samnitibus
889 1280 985 1347 grave
1001 1257 1129 1324 ,bellum
1150 1257 1269 1347 aliquot

123 1377 158 1432 lo
168 1361 308 1451 populos
332 1360 372 1426 ab
393 1360 540 1451 Romana
562 1360 714 1428 societate
737 1361 863 1445 avertit,
886 1372 919 1429 et
939 1373 1065 1451 praetor
1085 1361 1270 1431 Latinorum

168 1448 302 1533 infidum
328 1463 393 1531 iam
420 1464 475 1532 diu
503 1465 617 1533 foedus
646 1465 845 1540 Privernates
880 1465 977 1538 etiam
1003 1466 1148 1534 Norbam
1175 1476 1269 1556 atque

169 1569 292 1640 Setiam
312 1569 473 1639 finitumos
495 1570 638 1648 colonias
659 1568 820 1639 Romanas
841 1571 1021 1643 incursione
1046 1570 1151 1640 subita
1174 1572 1268 1662 depo-

94 1742 96 1751 .
127 1745 129 1749 ,
169 1673 269 1767 putati
291 1683 375 1744 sunt.

170 1834 213 1894 11.
239 1832 373 1891 Norbam
395 1841 487 1909 atque
508 1831 640 1892 Setiam:
660 1833 685 1891 P

238 1941 274 1980 m.
292 1922 318 1980 9.
331 1953 365 1963 -
383 1919 453 1980 Pm.
473 1922 511 1980 ts
526 1920 636 1982 sediam.
648 1951 684 1967 ·-

238 2007 277 2066 ll:
304 2008 388 2079 norbe
406 2019 485 2086 atque
503 2008 605 2066 sediam
622 2009 683 2066 lini·

237 2105 325 2152 tonas
337 2094 469 2156 colonias*
484 2096 559 2156 Harl.
567 2117 585 2157 r.
598 2097 683 2154 norbo

164 2180 167 2189 ¹
238 2192 318 2259 atque
330 2185 432 2243 setiam.
451 2181 495 2243 Cl.
509 2188 533 2253 1,
546 2188 603 2243 son
623 2204 682 2240 cau·

238 2290 293 2328 sac.
305 2301 339 2312 -
352 2270 418 2326 Post
430 2270 603 2346 depopulati
613 2281 683 2330 sunt

238 2355 305 2417 troc
330 2357 482 2442 subscripta
507 2357 631 2436 leguntur
652 2360 682 2417 in

825 1833 866 1892 tt:
884 1834 1024 1892 emendaui
1044 1833 1217 1895 nicomachus
1234 1834 1271 1892 la·

826 1924 889 1979 ulad
904 1926 908 1992 Ι
924 1923 968 1979 titi
985 1920 1034 1978 lini
1051 1931 1092 1979 ter
1109 1922 1194 2000 prael.
1211 1923 1270 1983 urb.

826 2010 897 2087 apud
912 2013 918 2081 Ι
933 2011 1047 2067 hennam
1065 2011 1098 2066 ab
1117 2012 1184 2068 orbe
1207 2033 1271 2070 oon·

825 2097 897 2158 ditor
916 2101 923 2169 Ι
942 2099 1074 2154 uictoriari
1102 2099 1148 2155 uid
1180 2118 1269 2155 emen·

760 2226 764 2231 .
824 2185 921 2241 dabam
936 2189 942 2257 1
958 2184 1074 2241 domnis
1090 2187 1268 2260 symmachus.

823 2271 875 2333 ttb.
892 2291 937 2331 vu.
953 2275 958 2343 Ι
973 2271 1091 2350 explicit.
1106 2277 1112 2345 Ι
1128 2275 1224 2354 inoipit
1239 2273 1269 2330 li·

823 2360 880 2425 ber.
898 2379 952 2420 mn.
970 2360 1092 2421 feliciter.
1121 2392 1124 2397 ·
1148 2388 1151 2395 ·
