2618 4590
166 258 212 333 ’48

634 276 743 339 amsa
759 276 805 337 vt.

168 464 228 509 suo
251 464 286 509 se
308 440 515 509 indicaturum
537 432 652 508 dicenti
680 440 794 508 ceteris
821 441 946 508 omissis
974 464 1015 510 eo
1042 444 1155 509 versae
1177 452 1284 509 erant·

169 547 313 614 omnium
340 570 447 630 curae,
477 544 714 638 apparebatque
736 569 797 612 uec
817 545 885 612 veri
912 544 1025 612 indicii
1048 544 1181 635 gratiam
1202 569 1268 613 me·

169 651 262 717 diam*
276 674 336 718 uec
357 651 428 717 falsi
450 651 659 718 offensionem
680 649 760 717 lore.

255 755 327 822 XV.
373 756 419 823 lta
440 754 601 844 suspensis
624 754 719 820 rebus
737 753 870 821 dictator
885 754 1003 821 accitus
1019 753 1059 819 ab
1079 754 1222 821 exercitu
1235 754 1269 820 iu

139 858 280 933 arabem
300 858 397 926 verrit.
436 869 565 948 postero
594 858 643 924 die
672 869 784 925 senatu
811 857 920 925 habito
949 881 1025 925 erun
1046 858 1122 925 satis
1146 857 1269 947 pericli·

90 982 96 995 ¹
166 974 250 1030 tatus
271 963 452 1031 voluntates
475 961 642 1029 homiuum
668 960 830 1029 discedere
858 972 1005 1029 senatum
1027 961 1067 1027 ub
1094 984 1130 1028 se
1151 961 1268 1029 vetuis-

166 1078 224 1150 set,
247 1067 381 1156 stipatus
405 1090 442 1132 ea
464 1065 666 1133 multitudiue
687 1067 767 1134 sella
786 1066 820 1132 in
841 1065 970 1133 comitio
992 1064 1097 1154 posita
1112 1064 1269 1133 viatorem

142 1667 210 1726 ,1,

236 1240 358 1308 tempore
381 1251 430 1288 suo
453 1250 483 1288 se
504 1230 682 1290 indicaturam

238 1318 348 1375 dicenti.
378 1340 412 1377 m.
435 1321 476 1377 Ἅι
501 1320 682 1393 differentia·

241 1426 308 1482 quc,
327 1408 445 1482 et'supra
457 1408 587 1482 scriptum
604 1409 635 1475 tt,
652 1416 684 1464 ut

239 1491 317 1548 fieret
334 1493 491 1560 „differenti
508 1496 629 1569 itaqae“.
648 1525 682 1537 -

236 1577 267 1635 lu
286 1579 359 1638 Harl.
371 1600 388 1640 1.
406 1579 483 1639 Laid.
496 1601 514 1640 1.
533 1580 632 1638 excidit
644 1591 681 1638 et.

237 1669 341 1724 ceteris
351 1670 470 1725 omissis
478 1668 512 1737 (P
521 1689 556 1727 m.
567 1672 604 1727 1.=
614 1671 681 1724 omi-

130 1760 135 1769 “
235 1755 285 1822 sis)
295 1775 329 1810 eo
343 1775 449 1811 uersae
458 1767 543 1812 erant
553 1758 681 1813 amasium

235 1861 340 1898 curae:
358 1841 414 1901 ΡΜ.
439 1875 473 1885 -
500 1842 573 1899 Harl.
591 1862 624 1901 ιτ
646 1863 680 1899 eo

234 1947 313 1983 uersa
349 1937 424 1984 arant
456 1932 575 1985 omnimo
608 1951 679 1990 cura.

236 2013 314 2074 Laid.
337 2035 369 2074 a:
395 2037 505 2072 euersae
531 2027 614 2077 eraut.
644 2050 679 2061 -

233 2101 297 2159 Ptl:
325 2105 521 2181 apparebatque
546 2125 596 2160 uec
622 2107 681 2162 ueri

233 2189 328 2245 indicii
350 2192 461 2264 gratiam
488 2191 602 2247 mediam
629 2212 680 2249 nec

232 2274 295 2331 lalsi
313 2276 490 2334 offensionem
508 2277 581 2333 lore:
601 2279 679 2346 „und
722 2307 726 2317 ·

234 2382 263 2417 es
281 2360 374 2416 schiera
391 2362 461 2430 lxlar,
479 2364 542 2420 dass
560 2366 628 2422 eben
646 2386 678 2422 so

233 2468 310 2524 grass
338 2448 387 2504 der
409 2449 488 2505 Danlr
514 2450 592 2506 dabir
618 2455 677 2509 sein

232 2536 328 2593 wixrde
350 2555 432 2592 weuu
454 2537 498 2592 die
520 2538 608 2594 Sacbe
632 2559 676 2614 ge·

232 2623 354 2699 griindet‚
373 2622 411 2678 als
426 2623 473 2680 der
485 2623 602 2682 Uuwille
620 2628 676 2684 bel·

232 2714 280 2786 tig,
292 2731 372 2766 wenn
382 2711 421 2765 sia
431 2711 563 2768 crdiehtct
571 2719 676 2774 wira“.

232 2797 277 2873 Cf.
289 2802 314 2868 2,
327 2800 386 2854 l9.:
401 2800 586 2874 „sequebatur
597 2802 675 2858 turba

158 2926 161 2931 ·
230 2917 266 2930 -
288 2895 460 2960 cognatorum
489 2886 675 2965 sodaliumque

175 3233 202 3290 5.

229 2974 306 3029 nihil
321 2973 451 3028 medium
468 2994 518 3029 nec
530 2995 606 3052 rpem
624 2995 675 3031 uec

230 3079 320 3114 curam
345 3059 401 3113 sed
422 3062 557 3115 inmensa
575 3064 675 3117 omniu

228 3144 393 3201 volventium
411 3146 532 3202 animo“.

228 3234 303 3289 satis
324 3233 524 3307 periclitatus.-
551 3231 607 3290 Plll.
638 3265 673 3276 —-

223 3319 253 3377 lll
266 3340 299 3379 m.
312 3322 353 3375 3.:
371 3320 437 3375 satis
449 3318 626 3395 periclitatus.
637 3353 672 3364 -

227 3407 297 3463 Cum
313 3427 376 3463 vera
395 3406 474 3462 huius
492 3407 567 3463 verbi
589 3410 671 3483 signi·

226 3493 316 3549 ficatio
335 3496 483 3551 recentium
498 3495 620 3551 codicum
638 3495 670 3550 li·

226 3579 330 3635 brarios
340 3581 450 3654 lugeret,
459 3572 591 3656 'integram
603 3584 670 3640 scri·

225 3673 332 3742 pturam
351 3669 403 3724 sibi
425 3672 576 3746 repperisse
593 3671 668 3727 vide·

224 3753 330 3820 bantur,
342 3757 450 3812 sistitis
460 3767 668 3832 percunctatus

222 3842 390 3897 voluntates
402 3841 551 3900 bominum
567 3846 667 3902 seribe-

222 3936 291 3985 rent.
322 3947 371 3982 uec
390 3947 450 3983 raro
469 3931 505 3986 ita
518 3953 532 3986 a
546 3931 624 3989 Livio
637 3935 667 3988 in

824 1236 915 1291 rum“.
927 1262 930 1271 ·
944 1230 993 1288 sed
1011 1230 1064 1288 boc
1082 1229 1144 1286 loco
1161 1228 1270 1289 videtur

824 1317 856 1379 L.
875 1338 930 1375 uon
948 1317 977 1374 id
1001 1318 1089 1376 solam
1112 1316 1204 1373 dicere
1221 1337 1269 1375 vo·

823 1405 914 1465 luisse.
931 1404 1057 1462 Dictator
1074 1406 1106 1462 A.
1125 1402 1269 1462 Cornelius

822 1492 926 1551 Cossus
948 1512 998 1548 nec
1020 1493 1171 1569 Appiorum
1193 1493 1268 1549 simi·

822 1580 857 1637 lis
875 1599 925 1635 nee
938 1577 970 1636 C.
983 1577 1081 1634 Servili
1091 1577 1202 1640 Ahalae,
1220 1579 1269 1656 qui

821 1687 870 1725 sua
888 1687 967 1724 mauu
985 1664 1033 1740 sp.
1050 1664 1174 1722 llaelium
1198 1668 1269 1723 occi·

823 1754 912 1825 derat,
934 1754 1035 1810 maiore
1057 1751 1147 1828 aliquo
1165 1754 1269 1830 impetu
1299 1812 1304 1821 ,

822 1842 851 1898 iu
864 1839 990 1897 llaulium
1008 1839 1100 1896 invehi
1116 1837 1204 1897 noluit
1222 1861 1268 1897 au·

821 1936 929 2004 tequam
948 1927 1094 1983 dictaturae
1105 1946 1171 1983 suae
1182 1929 1268 1985 victo·

822 2016 863 2070 ria
885 2014 1075 2093 triumphoque
1095 2015 1168 2072 vires
1191 2014 1269 2072 addi·

822 2100 922 2168 disset,
945 2120 995 2156 nec
1013 2103 1100 2157 victor
1122 2103 1152 2159 iu
1172 2102 1269 2160 urbem

821 2206 946 2242 reversas
959 2207 1037 2262 agere
1049 2187 1197 2266 quidquam
1214 2192 1269 2249 uisi

821 2272 1268 2355 diligentissimeperscrutatusea·

820 2372 863 2417 aet
880 2361 945 2438 quid
964 2366 1021 2420 veri
1038 2367 1067 2421 iu
1084 2384 1114 2420 re
1131 2375 1219 2434 essct,
1238 2375 1270 2423 et

819 2448 886 2526 quid
908 2452 1078 2527 potissimum
1105 2473 1120 2507 a
1147 2472 1178 2508 se
1204 2452 1268 2511 lieri

817 2546 908 2614 patres
930 2536 1042 2606 vellent,
1064 2537 1163 2596 deiude
1183 2541 1268 2599 etiam

820 2643 884 2680 num
901 2633 1004 2680 tautum
1029 2626 1057 2680 iu
1080 2635 1177 2683 senatu
1194 2626 1267 2685 lutu-
1286 2684 1295 2707 Ι

816 2730 876 2766 rum
894 2721 964 2767 esset
977 2712 1104 2770 auxilium
1116 2723 1192 2770 uteo
1210 2715 1266 2771 l're·

816 2808 861 2855 tus
878 2801 963 2856 maius
975 2799 1076 2877 aliquid
1089 2800 1187 2858 audere
1199 2821 1265 2878 pos·
1290 2814 1293 2821 '

816 2897 866 2946 set.
896 2886 967 2943 hauc
984 2897 1015 2943 ut
1037 2888 1202 2946 timidiorem
1218 2890 1265 2947 rel

816 2966 1051 3044 miuusaudaeem
1067 2975 1185 3033 hominis
1204 2977 1264 3035 arri·

814 3080 888 3116 mam
906 3056 1074 3138 exprimeret,
1091 3062 1198 3120 videtur
1215 3060 1264 3120 Li·

814 3149 875 3204 vius
902 3148 984 3205 verbo
1007 3152 1172 3224 periclitari
1196 3171 1264 3208 usus

815 3252 883 3293 esre:
911 3233 954 3294 Cl'.
969 3239 993 3304 l,
1005 3239 1061 3294 42:
1079 3236 1145 3293 haut
1161 3237 1263 3296 dubius

813 3342 876 3390 rex,
902 3342 951 3379 seu
973 3332 1079 3399 patrum
1101 3343 1150 3381 seu
1171 3324 1262 3400 plebia

813 3412 917 3465 animos
926 3410 1129 3487 periclitaretur.
1140 3410 1200 3469 Cic.
1207 3433 1261 3489 pro

812 3498 923 3570 Quinct.
946 3499 1005 3556 31.:
1032 3501 1121 3554 omnia
1144 3499 1261 3557 circum-

811 3585 901 3660 spexit
919 3584 1088 3658 Quinctius,¹
1102 3587 1192 3642 omnia
1210 3608 1261 3665 pe-

809 3670 941 3729 riclitatus
971 3682 1019 3730 est.
1069 3671 1111 3730 Cl.
1147 3693 1261 3750 quoque

808 3756 869 3818 Lir.
889 3762 914 3828 2,
933 3762 990 3818 29.:
1013 3769 1124 3838 utraque
1142 3781 1172 3817 re
1189 3763 1259 3820 satis

808 3857 916 3924 experta
928 3858 985 3904 tum
997 3848 1103 3905 demum
1121 3846 1257 3910 consules

807 3963 842 3975 -
860 3932 987 3992 Herem:
1006 3934 1163 3995 uoluntatis.

222 4013 305 4070 simili
323 4033 352 4069 ra
369 4016 498 4090 scriptum
516 4028 569 4087 est,
592 4029 623 4076 ut
639 4022 665 4087 5,
753 4020 779 4079 7.
805 4021 964 4076 uiotorems
984 4020 1043 4081 Plll.
1067 4054 1101 4064 -
1127 4019 1202 4084 Harl.
1219 4042 1255 4084 ιε

221 4103 277 4160 32:
287 4113 497 4180 „percunctatus
506 4108 610 4165 animos
620 4127 664 4165 eo·

806 4109 956 4166 uitatorem.
973 4105 1054 4166 Voss.
1065 4129 1092 4170 u.
1104 4110 1153 4170 al:
1168 4112 1254 4169 lx'cta·
