2798 4722
524 349 633 412 uuna
650 349 708 412 vu.
929 331 933 344 '
1087 345 1165 418 uso

72 523 162 606 atque
181 513 238 581 ubi
260 511 399 606 primum
421 512 544 598 inluxit,
565 515 743 606 praemisso
764 516 876 586 nunfio
898 519 938 587 ad
951 521 1117 594 consulem
1130 523 1163 591 in

72 631 166 688 casua
188 619 308 712 ingenti
328 619 444 713 gaudio
467 619 674 706 concitantur,
696 631 729 690 et
749 631 869 691 tessera
891 625 965 694 data
986 627 1163 696 incolumes

72 725 177 794 reverti
198 724 255 817 qui
276 747 335 794 sua
357 747 492 818 corpora
514 747 574 818 pro
595 726 698 796 salute
720 727 864 796 omnirun
881 722 970 799 haud
990 731 1087 799 dubio
1106 755 1161 825 pe·

34 817 38 832 ⁸
72 829 162 900 uculo
187 819 389 938 obiecissent,
409 855 470 923 pro
493 831 680 924 aequisque
696 832 826 902 obviarn
846 834 940 903 effusi
952 836 1082 904 laudant
1095 860 1162 928 gra·

71 933 208 1020 labatur,
230 905 372 1027 singulos
394 935 558 1004 universos
579 947 759 1006 servatores
781 961 857 1010 suos
872 951 999 1025 vocant,
1015 938 1079 1008 diis
1095 941 1161 1008 lau·
1173 959 1191 1014 5

71 1037 117 1106 les
146 1051 318 1132 gratesque
343 1053 450 1132 agunt,
471 1041 640 1110 Decium
629 1065 664 1110 m
688 1043 815 1112 caelum
842 1045 959 1114 lenuit.
995 1045 1048 1112 hie
1069 1045 1162 1113 Decii

71 1145 226 1214 castrensis
248 1145 430 1237 triumphus
455 1144 515 1216 tuit
541 1146 716 1217 incedentis
742 1171 802 1241 per
828 1149 933 1218 media
962 1159 1065 1218 castra
1087 1173 1162 1220 cum

71 1260 181 1318 armato
208 1251 367 1342 praesidio
390 1250 542 1334 coniectis
564 1251 696 1320 ineam
723 1255 870 1322 omnium
897 1253 999 1324 oculis
1021 1255 1162 1330 etonmi

70 1349 180 1423 bonore
206 1358 372 1424 tribunum
398 1356 524 1437 consuli
557 1357 778 1448 aequantibus.
816 1359 873 1428 ubi
901 1359 942 1427 ad
967 1359 1161 1454 praetorium
1273 1347 1277 1363 Χ

69 1471 189 1528 ventum
210 1471 276 1545 eat,
304 1461 417 1530 consul
440 1461 574 1543 classico
596 1461 638 1529 ad
661 1463 845 1532 contionem
873 1477 1032 1534 convocat
1058 1483 1209 1541 orsus-1⁰

71 1585 123 1653 que
141 1565 273 1634 meritas
295 1567 388 1636 Decii
409 1567 521 1635 laudes
533 1560 713 1636 ¹interfante
732 1568 805 1660 ipso
819 1567 923 1638 Decio
947 1569 1068 1638 distulit
1088 1593 1162 1637 con·
1258 1572 1270 1588 ²

68 1667 192 1754 tionem,
215 1671 271 1762 qui
293 1683 406 1740 auctor
427 1673 533 1742 omnia
556 1672 770 1764 posthabendi
791 1673 870 1740 dum
892 1673 1019 1742 occasio
1041 1671 1074 1740 in
1096 1697 1161 1739 ma·
1322 1668 1325 1676 ’

68 1772 149 1844 nibus
172 1787 259 1844 esset
279 1776 421 1868 perpulit
442 1778 610 1847 consulem
630 1789 668 1848 ut
681 1779 792 1847 hostes
815 1789 849 1846 et
866 1789 1023 1846 nocturno
1040 1799 1161 1868 pavore

713 1945 797 1995 torae
819 1955 893 1995 auor
917 1943 1039 1994 nocant:
1060 1933 1089 1992 ll
1109 1925 1161 2016 llo·

715 2019 769 2084 vel.
781 2023 823 2096 1.]
836 2021 957 2100 singulos
968 2024 1163 2100 universosque

715 2119 767 2170 cet.
782 2109 836 2182 (P).
854 2109 1055 2168 Coniunctione
1063 2111 1162 2168 omissa

714 2199 867 2256 cratonem
887 2197 1028 2256 fortiorem
1043 2197 1105 2256 lieri
1121 2197 1162 2252 id·

81 1931 103 1992 1.
126 1941 218 2012 etque
228 1936 279 1992 nbi
286 1935 397 1994 inluxit
405 1939 573 2013 praemisso

126 2025 229 2080 nuntio
257 2023 301 2080 od
326 2027 385 2084 cis.
412 2025 443 2081 in
472 2033 575 2082 caetra

125 2111 240 2190 ingenti
248 2111 363 2191 gaudio
375 2113 573 2170 coutantur:

124 2195 173 2256 Pll
200 2206 229 2254 et
255 2206 323 2278 optt.
353 2200 454 2278 quique
484 2199 574 2269 codd„

124 2295 311 2364 praeterquam
330 2286 404 2364 qnod
422 2287 487 2344 inl’
506 2305 573 2344 con·

126 2373 234 2430 eitotm·
251 2383 302 2432 est.
322 2375 444 2453 Ingenti
457 2375 573 2455 gaudio

125 2460 312 2518 contuntur
328 2470 355 2516 et
366 2462 461 2519 consul
479 2471 507 2520 et
523 2463 573 2522 mi·

126 2546 188 2605 lites
200 2548 288 2624 quiin
302 2551 397 2606 castris
408 2558 491 2610 erant.
509 2551 573 2608 sub‘-
615 2566 619 2590 ⁹

124 2637 224 2692 iectura
236 2635 295 2700 eins
307 2639 422 2711 generis,
440 2637 516 2716 quod
527 2657 574 2694 ne·

127 2723 227 2779 minem
246 2721 338 2798 lugere
350 2735 453 2801 posset,
471 2727 573 2803 saepis·
635 2765 636 2768 =

126 2810 194 2868 sime
211 2829 267 2868 non
288 2829 349 2868 ease
369 2813 502 2890 seriptum
525 2831 574 2868 uo·

125 2898 260 2956 ursinum
287 2907 336 2958 eat.
371 2897 457 2955 nihilo
484 2899 575 2959 minua

126 2984 304 3043 tameuralrle
315 2983 405 3062 planet
416 2983 522 3062 quedl.
529 2984 575 3045 l'r.
615 3035 617 3042 ,

127 3067 213 3128 Gron.
234 3059 424 3130 scribendum
459 3075 576 3130 coniecit

127 3160 298 3235 ‚praemisso
315 3137 411 3218 auritio
430 3161 465 3218 acl
477 3181 574 3220 conau-

127 3241 179 3304 leur
189 3255 276 3304 castra
284 3250 387 3324 ingenti
398 3249 497 3326 gaudio
510 3269 574 3307 con·

128 3331 282 3404 citantnr“‚
317 3339 476 3413 ριιιιοιιίιιι
513 3357 575 3396 curn

127 3417 201 3474 idem
222 3423 252 3478 in
274 3419 368 3483 lrovel.
386 3425 413 3484 4.
439 3434 575 3504 repertum

127 3507 178 3575 sit,
202 3507 279 3564 euius
296 3504 436 3566 librantem
457 3513 576 3588 peranti-
629 3555 633 3567 .

129 3611 184 3672 qno
220 3603 249 3650 et
282 3593 446 3672 pereleganti
482 3597 577 3654 codiee

128 3697 208 3740 nsum
229 3699 291 3738 esse
312 3699 470 3759 persuasum
495 3685 577 3743 balre-

127 3785 198 3838 mua,
216 3777 248 3826 ut
259 3767 305 3826 ille
316 3768 480 3828 Lorelianua
498 3791 577 3850 quar·

126 3866 173 3914 tus
190 3857 221 3914 in
239 3857 358 3937 optimos
379 3858 465 3916 libros
481 3860 578 3928 referri

128 3954 232 4022 posset,
250 3946 305 4004 niai
323 3949 348 4004 is
366 3949 418 4026 qui
432 3967 493 4005 enm
510 3951 576 4006 scri·

130 4035 186 4106 pate
202 4035 284 4092 nimis
301 4053 383 4112 saepe
401 4035 509 4110 ingenio
525 4055 576 4094 auo

132 4115 273 4192 indulgere
288 4123 427 4184 voluisset.

85 4199 110 4260 b.
135 4205 273 4284 angulos
297 4208 454 4266 uniuersos
477 4225 578 4266 aaran·

714 2285 983 2364 qnetlieendigeuus
996 2305 1058 2344 eum
1075 2293 1162 2340 cetera
1192 2276 1193 2284 ’

713 2381 772 2431 tum
807 2374 938 2430 laudent
969 2371 1163 2450 gratulantur·

716 2460 855 2540 postulare
872 2456 951 2516 facile
963 2467 1006 2514 est
1016 2455 1162 2526 intellectu,

713 2549 871 2626 praesentim
888 2545 961 2624 apurl
976 2565 1036 2604 eum
1047 2547 1163 2626 scripto·
1265 2576 1266 2588 ι

714 2657 788 2706 rem,
815 2656 869 2712 quo
887 2653 967 2692 nemo
985 2633 1029 2690 bis
1050 2633 1162 2711 asynde·

714 2726 751 2782 tis
768 2725 878 2800 saepius
895 2741 961 2780 usna
978 2722 1023 2780 sita
1041 2751 1072 2764 -
1096 2720 1163 2781 Pall.
1194 2779 1196 2784 ,

717 2810 743 2868 1.
760 2813 787 2870 a.
805 2807 928 2872 Vosa.1r.
946 2807 994 2866 al.=
1011 2816 1163 2864 seruatores
1257 2872 1259 2886 Ι

715 2915 782 2954 auos
798 2893 918 2956 laudant.
929 2925 963 2938 -
974 2893 1016 2948 lt:
1036 2901 1162 2950 castrem-

714 2983 756 3038 aia
784 2982 947 3058 triumphus.
976 3003 1012 3020 ⁴-
1041 2977 1119 3040 Laid.
1144 3001 1163 3040 ι.

715 3064 792 3129 Harl.
806 3089 837 3129 a:
856 3076 884 3124 et
901 3065 976 3125 omui
992 3065 1097 3124 bonore
1113 3069 1162 3126 tri-
1188 3094 1193 3118 ι
1244 3109 1246 3116 ·

715 3159 819 3216 bunum
841 3154 956 3214 consilia
980 3157 1163 3235 aequantibus.

646 3247 690 3310 11.
713 3243 877 3324 interfante
889 3245 955 3321 ipro
964 3244 1057 3302 Decio
1070 3244 1163 3303 distu-

716 3334 950 3393 lucracionem:
976 3329 1033 3391 ΡΜ.
1069 3329 1113 3390 Cl.
1135 3335 1163 3401 3,

716 3423 775 3479 tn:
800 3422 957 3497 priusquam
978 3427 1026 3474 ant
1044 3416 1092 3474 ille
1113 3439 1163 3496 po·

716 3503 845 3564 atulatum
873 3513 1013 3582 perageret
1039 3514 1086 3562 rut
1114 3537 1163 3578 —‚

716 3593 823 3672 Appius
849 3592 998 3652 interfatur.
1033 3595 1078 3664 36,
1104 3596 1163 3656 27st

717 3701 787 3762 qnos
806 3685 957 3751 (oratores)
979 3679 1069 3740 dicere
1086 3703 1163 3742 exor-

718 3789 765 3827 soa
784 3769 878 3832 consul
895 3768 1044 3831 interfatus.
1063 3769 1096 3832 al.

648 3857 693 3917 12.
719 3859 935 3915 anctoromnin
949 3859 1164 3935 posthabendi:
1208 3909 1213 3922 .

717 3943 749 4005 P.
763 3975 798 3988 -·
815 3945 855 4002 lt:
872 3955 966 4005 auctor
984 3947 1074 4005 omnia
1090 3954 1164 4026 post·

718 4031 975 4092 habendr'r'ocoasio
993 4038 1022 4096 in
1039 4032 1163 4090 manibus

719 4126 800 4178 esset.
812 4152 847 4165 -
864 4114 958 4175 huvel.
969 4117 995 4177 ι1.
1008 4117 1055 4178 al:
1074 4121 1164 4180 omnia

719 4196 914 4282 portliabenrla.
928 4205 997 4266 -P
1011 4228 1045 4266 nr.
1065 4213 1102 4267 1.r
1120 4230 1165 4266 oc·

897 4293 968 4364 17*
