2618 4590
148 250 215 319 608
622 264 731 329 trualt
750 269 785 330 K

151 425 274 519 plebeis
296 428 480 505 consulatus
502 429 678 521 rogabatur,
701 432 931 515 disseruissent,
953 431 1133 505 rettulisse
1157 433 1257 502 dicitur

148 530 269 599 Decius
290 533 428 623 parentis
450 532 500 600 sui
519 535 671 624 speciem,
693 537 822 626 qualem
844 560 919 604 cum
941 537 1040 605 multi
1066 538 1129 628 qui
1146 538 1182 605 in
1196 562 1255 606 con

150 635 237 705 tione
266 649 355 706 erant
382 638 539 722 viderant,
567 640 738 708 incinctum
761 641 886 709 Gabino
914 640 1007 708 cultu
1033 666 1147 733 super
1170 643 1254 710 telun

151 752 302 821 stantem,
329 766 395 832 quo
416 764 452 810 se
472 742 585 811 babitu
605 769 664 836 pro
686 745 807 834 populo
831 769 869 812 ac
895 742 1087 834 legionibus
1113 746 1254 815 Roman

120 845 344 914 odevovisset:
367 857 437 914 tum
458 848 495 915 P.
517 847 654 916 Decium
676 847 843 918 consulem
865 871 982 938 purum
1007 848 1179 942 piumque
1201 851 1252 919 deis

148 948 367 1020 inmortalibus
388 953 494 1020 visum
515 975 617 1042 acque
640 976 678 1019 ac
700 954 725 1020 si
748 953 787 1020 Τ.
803 949 941 1020 lllanlins
964 951 1103 1045 collega
1129 956 1198 1023 eius
1214 958 1251 1022 de·

148 1067 333 1123 voveretur:
356 1058 494 1125 eamdem
510 1057 546 1124 Ρ.
562 1056 708 1142 Decium,
730 1057 786 1147 qui
807 1081 896 1126 sacra
917 1055 1052 1146 publica
1072 1061 1193 1151 populi
1205 1061 1251 1127 Ro

148 1160 237 1226 mani
258 1159 387 1244 laceret,
409 1161 472 1252 legi
493 1162 551 1229 rite
574 1185 639 1227 non
660 1161 824 1252 potuisse?
859 1161 891 1227 id
914 1185 986 1229 csse
1010 1166 1204 1252 perieulum
1221 1189 1250 1231 ne

149 1284 224 1331 suas
245 1289 358 1354 preces
379 1266 485 1334 miuus
508 1265 651 1333 audirent
673 1266 715 1332 dii
737 1288 833 1356 quam
852 1264 948 1355 Appii
962 1264 1124 1337 Claudii?
1148 1270 1247 1338 castius

103 1377 138 1433 10
150 1393 225 1437 eum
251 1392 341 1441 sacra
369 1370 492 1460 privata
520 1369 623 1437 facere
653 1381 686 1438 ct
711 1368 885 1460 religiosius
914 1368 995 1436 deos
1024 1372 1146 1442 colere
1169 1397 1248 1466 quan
1294 1365 1299 1372 ’

149 1473 206 1540 sel
227 1496 326 1565 quem
347 1474 509 1567 paenitere
531 1483 680 1542 votorum
703 1497 785 1564 quae
808 1496 867 1565 pro
889 1472 1075 1565 republica
1099 1501 1249 1568 nuncupa

147 1576 250 1645 verint
278 1589 327 1647 tot
360 1579 508 1648 consules
535 1578 642 1671 plebei
670 1590 718 1646 tot
746 1579 915 1647 dictatores
943 1589 1000 1647 out
1029 1582 1076 1648 ad
1102 1584 1249 1652 exercitus

147 1692 260 1751 euntes
282 1696 338 1752 aut
359 1687 441 1755 inter
462 1686 530 1777 ipsa
553 1683 656 1751 bella?
678 1695 918 1751 numerarentur
939 1684 1041 1753 duces
1067 1709 1190 1755 eorum
1208 1711 1249 1753 an
1280 1774 1283 1781 Ι

147 1809 263 1855 norum
285 1789 400 1879 quibus
423 1790 623 1882 plebeiorum
646 1787 743 1854 ductu
770 1798 804 1857 ct
836 1787 977 1880 auspicio
1005 1812 1060 1857 res
1093 1791 1164 1881 geri
1190 1815 1250 1858 coe·

102 1899 331 1983 aptassent,
358 1904 600 1962 numerarentur
626 1890 794 1982 triumphi:
826 1891 890 1958 iarn
917 1917 960 1960 ne
986 1893 1173 1964 nobilitatis
1194 1893 1251 1986 qui·

148 1996 223 2064 dem
245 2020 322 2065 suae
345 1997 489 2088 plebeios
511 1996 687 2090 paenitere:
710 2020 769 2086 pro
792 2005 879 2063 certo
895 1995 1025 2082 habere,
1048 1998 1080 2065 si
1105 1999 1196 2089 quod
1210 2022 1249 2067 re·

129 2124 226 2191 ¹pens
249 2101 371 2170 bellum
393 2103 525 2187 oriatur,
550 2122 615 2169 non
637 2100 709 2191 plus
732 2099 801 2192 spei
823 2099 891 2168 fore
914 2101 1041 2168 senatui
1062 2100 1249 2194 populoque

146 2203 293 2289 Romano
316 2208 349 2273 in
370 2207 508 2297 patriciis
530 2228 627 2296 quam
649 2204 682 2270 in
704 2203 826 2295 plebeis
855 2204 1003 2272 ducibus:
1037 2207 1159 2297 „quod
1182 2230 1248 2274 cum

145 2307 188 2374 ita
210 2333 245 2376 se
267 2309 393 2392 habeat,
416 2311 466 2378 cui
489 2309 623 2376 deorum
644 2308 852 2378 hominumve
871 2307 1036 2399 indignum
1058 2310 1165 2378 videri
1185 2324 1246 2400 pot-

100 2416 221 2478 ΜΡ(
240 2411 343 2502 inquit
364 2436 444 2495 „eos
461 2413 555 2495 viros,
578 2437 660 2503 quos
682 2436 741 2481 vos
763 2413 849 2482 sellis
872 2412 1035 2480 curulibus
1057 2424 1139 2507 toga
1160 2440 1243 2508 prae·

215 2541 296 2599 nibus
313 2545 430 2599 romanis
438 2547 464 2603 “.
484 2552 512 2598 et
528 2563 583 2599 non
601 2545 660 2600 sine
799 2542 938 2602 consules
966 2543 1083 2619 plebei.-
1110 2542 1170 2607 ΡΜ.
1205 2545 1243 2605 cf.

216 2650 296 2687 consa
312 2631 442 2708 scriptum
461 2637 502 2685 est
515 2651 552 2687 oc
569 2633 659 2709 legio·
799 2634 845 2698 Ἡ,
864 2634 888 2689 1.
907 2660 941 2672 ·-
959 2628 990 2686 lu
1009 2631 1072 2692 cod.
1091 2632 1189 2693 Klocl.
1206 2635 1243 2689 bis

143 2762 146 2770 .
216 2718 303 2775 nidus
321 2718 455 2775 romanie
471 2736 522 2775 noc
536 2738 593 2794 pro
608 2739 660 2795 po·
799 2719 928 2794 scriptum
947 2727 1242 2785 rememorarent-

212 2806 284 2880 pulo
303 2825 435 2865 romano.
799 2803 932 2865 Pateat:
947 2805 1069 2884 „quibus
1080 2807 1242 2887 plebeiorum

162 2894 189 2952 5.
215 2901 277 2949 ium
287 2892 323 2951 P.
334 2894 460 2950 Decium
476 2913 536 2971 cos.
551 2912 659 2967 purum
800 2891 883 2948 ductu
912 2899 939 2947 et
967 2895 1091 2969 euspicio
1124 2916 1168 2953 res
1193 2898 1242 2972 geri

94 3034 96 3039 ,
210 2980 352 3055 piamque
369 2979 436 3036 dcis
454 2979 659 3036 inmortalibus
793 2988 910 3054 ,coeptae
928 2985 1029 3041 aunr“.
1047 2980 1093 3044 Cl.
1106 2986 1135 3053 3,
1153 2987 1191 3044 λε
1202 2984 1241 3040 de·

215 3067 326 3150 uisum:
345 3064 402 3123 ΡΜ.
420 3095 455 3107 -
472 3065 510 3122 M:
529 3085 613 3141 aeque
627 3084 658 3120 ac
799 3066 877 3126 derit.
901 3064 992 3123 Malim
1009 3068 1094 3127 scribi
1110 3082 1241 3151 „coeptae

213 3155 246 3213 ri.
263 3172 290 3212 u.
302 3152 416 3209 manlius
429 3149 529 3227 collega
541 3152 599 3236 {¹2¹⁸
612 3148 657 3205 de·
798 3156 921 3212 essent“.
942 3151 1085 3214 Dulerusr
1103 3160 1170 3220 sint.

212 3249 364 3298 nonoretur.
376 3238 411 3296 P:
421 3258 504 3317 aeque
515 3258 547 3295 ac
558 3249 575 3299 t.
585 3260 657 3296 man·
728 3240 772 3299 17.
798 3260 859 3299 noa
872 3242 944 3316 plue
960 3245 1027 3317 spei
1035 3243 1114 3320 fore
1132 3247 1245 3305 ornatui

213 3325 267 3384 lius
285 3337 335 3387 cet.
360 3358 394 3369 -
420 3325 484 3383 Plll:
513 3329 559 3402 qui
581 3346 656 3383 sacra
795 3328 966 3405 populoque
996 3335 1019 3387 i.
1050 3330 1083 3387 in
1110 3336 1242 3407 patriciis

211 3420 254 3493 pi.
272 3414 381 3474 laceret.
408 3441 443 3454 -
469 3411 503 3469 P:
530 3411 588 3489 lege
605 3415 657 3469 rite
798 3434 888 3493 quom
918 3416 948 3473 in
966 3410 1082 3492 plebeia
1105 3420 1242 3479 ducibus:

211 3520 267 3558 uon
284 3501 416 3579 potuisse.
796 3497 920 3562 MLeid.
939 3522 957 3560 r.
980 3503 1014 3564 al.
1040 3534 1077 3548 ·-
1103 3506 1142 3564 P:
1165 3529 1241 3587 quam

158 3587 186 3646 8.
210 3607 249 3644 ne
265 3608 339 3645 suaa
358 3607 463 3663 preces
485 3586 582 3644 minus
604 3607 655 3643 au·
796 3580 899 3664 plebeis
918 3589 1040 3650 ducibus.

211 3674 310 3731 dirent
328 3675 385 3732 dii:
403 3673 434 3732 P.
457 3703 492 3718 -
513 3673 553 3730 lllt
580 3694 655 3751 prae·
726 3672 771 3732 20.
799 3695 851 3733 eoa
864 3675 947 3734 uiros
960 3708 993 3719 —
1004 3678 1240 3757 pontificalium·

129 3786 131 3791 ’
210 3781 264 3821 ces.
282 3792 317 3803 -
334 3758 375 3819 lll:
396 3779 476 3839 quam
493 3762 567 3838 oppii
585 3760 656 3818 clau·
798 3772 857 3841 que
866 3766 1026 3843 auguralia
1034 3766 1170 3846 insignia
1180 3772 1240 3828 adi-

210 3848 250 3906 dii
267 3851 366 3907 castius
385 3868 446 3905 cum
464 3866 539 3905 sacra
558 3856 608 3906 cet.
797 3868 878 3906 cere:
896 3845 994 3910 llcod.
1006 3851 1116 3914 Kloelm
1131 3858 1191 3918 scil.
1203 3862 1239 3916 in·

140 3935 183 3996 11.
210 3956 298 4012 quem
330 3937 482 4013 poenitere
520 3941 656 3991 notorum
723 3928 726 3933 ’
795 3934 915 4011 signibus
945 3935 1079 3999 honorum
1108 3947 1239 4020 ampliori·
1302 3949 1305 3954 ’

210 4043 288 4099 puae
309 4043 366 4099 pro
389 4027 450 4097 rep.
469 4038 654 4096 nuncupauer-
795 4040 901 4081 morum
923 4021 957 4082 ad
980 4048 1049 4106 quos
1071 4029 1127 4088 iarn
1151 4055 1239 4091 ascen·

210 4109 272 4164 rint
288 4108 326 4183 (P
343 4126 380 4168 nr.
398 4110 438 4165 la
460 4113 593 4187 noncup.)
610 4114 655 4163 tot
732 4176 736 4189 ‚
794 4104 892 4171 derint.
929 4107 960 4173 ln
986 4114 1046 4176 cod.
1072 4113 1150 4181 llrrl.
1178 4125 1241 4179 reri.
