2618 4590
146 240 212 313 tut
608 232 780 319 urrunnu

149 421 251 491 cendi.
289 421 352 488 hoc
374 429 503 487 senatus
526 419 672 486 consulto
702 420 787 486 facto
814 418 870 485 lux
901 417 1065 508 quaedam
1090 415 1256 483 adfulsisse

150 525 269 595 civitati
290 527 356 593 visa
386 534 454 590 est:
488 524 671 591 Postumius
693 524 725 591 in
749 548 803 591 ore
827 534 907 606 erat,
936 547 1011 588 eum
1040 522 1205 589 laudibus
1229 522 1258 587 ad

152 631 277 701 caelum
299 629 457 710 ferebant,
486 628 647 695 devotioni
669 629 704 696 P.
727 629 818 696 Decii
841 626 979 695 consulis
1003 626 1079 693 aliis
1106 626 1208 693 claris
1228 627 1260 692 ia

154 735 313 804 oinoribus
331 733 524 825 aequabant:
560 733 726 800 emersisse
755 734 915 800 civitatem
944 755 985 798 ex
1012 731 1171 798 obnoxia
1193 754 1260 822 pace

122 839 236 908 sillius
259 839 391 906 consilio
414 848 448 905 et
469 860 575 929 opera,
597 837 702 928 ipsum
724 861 759 905 sc
784 836 971 905 eruciatibus
987 846 1021 902 et
1034 835 1260 902 hostiumine

154 945 267 1013 offerre
294 942 483 1035 piaculaque
511 966 569 1033 pro
598 942 718 1032 populo
742 942 887 1009 Romano
917 942 1001 1009 dare.
1040 963 1140 1006 arrna
1167 939 1261 1006 cuncti

154 1059 300 1141 spectant
322 1058 355 1113 et
375 1046 513 1112 bellum:
537 1069 577 1111 en
600 1069 754 1135 umquam
776 1046 917 1113 futurum
932 1057 968 1112 ut
984 1045 1149 1134 congredi
1174 1068 1262 1111 arma-

154 1153 195 1221 tis
218 1176 293 1221 cum
315 1149 457 1217 Samnite
480 1149 593 1216 liceat?
627 1148 662 1214 In
685 1150 810 1217 civitate
831 1151 875 1216 ira
899 1151 1037 1240 odioque
1064 1149 1209 1216 ardente
1229 1148 1262 1214 di-

154 1258 257 1324 lectus
279 1277 380 1346 prope
403 1252 547 1321 omnium
568 1254 818 1321 voluntariorum
840 1254 913 1320 fnit:
946 1253 1129 1343 rescriptae
1154 1278 1200 1320 ex
1221 1277 1262 1319 eo

110 1362 231 1429 todem
258 1359 356 1426 milite
385 1381 487 1425 novae
515 1357 656 1447 legiones
685 1360 863 1449 ductusque
891 1358 931 1424 ad
954 1357 1121 1424 Caudium
1149 1357 1262 1425 exerci-

158 1477 221 1533 tus.
259 1463 438 1555 praegressi
460 1462 582 1530 fetiales
604 1463 658 1529 ubi
686 1465 726 1530 ad
754 1476 879 1559 portam
902 1486 1031 1545 venere,
1060 1474 1198 1531 vestem
1220 1464 1262 1528 de-

158 1567 240 1637 trahi
260 1568 348 1660 pacis
370 1567 576 1659 sponsoribus
598 1568 721 1652 iubent,
734 1556 862 1635 'suanus
891 1578 966 1659 post
991 1578 1125 1657 tergum
1147 1568 1264 1636 vinciri.

158 1696 234 1742 cum
261 1672 422 1764 apparitor
443 1673 633 1741 verecundia
656 1673 827 1741 maiestatis
850 1671 994 1741 Postumi
1021 1671 1100 1740 laxe
1125 1673 1263 1753 vinciret,

177 1841 203 1899 1.
232 1839 289 1896 hoc
306 1845 346 1898 si.
359 1839 464 1911 facto:
482 1837 531 1895 PM
550 1842 673 1906 (omnes
817 1836 928 1916 culaque
953 1857 1003 1916 pro
1030 1844 1094 1916 poi.
1124 1839 1201 1897 dure.
1228 1837 1263 1895 M:

228 1944 282 2002 que
300 1945 385 2002 prope
397 1924 479 1984 Drak.
492 1923 602 1997 codd.)]
621 1925 673 1983 hoc
813 1946 863 2004 pro
881 1948 923 2004 pr.
941 1926 1013 1982 dare.

228 2012 301 2069 facto
310 2021 419 2067 senatus
429 2009 561 2070 consulto.
571 2043 603 2057 —
612 2013 673 2070 PM:
762 2017 789 2073 6.
814 2033 901 2070 ormo
912 2014 1009 2069 cuncti
1019 2021 1160 2087 spectant
1170 2024 1201 2071 et
1209 2015 1262 2071 bel·

229 2099 378 2157 adfulsisse.
398 2097 464 2156 Pall.
483 2099 560 2158 Voss.
577 2120 604 2159 u.
626 2101 673 2161 aL:

230 2187 384 2244 adfluxisse.
401 2182 479 2244 Leid.
489 2206 520 2242 u:
533 2186 674 2246 ediusisse.

229 2270 296 2331 Lov.
309 2274 351 2328 d:
369 2270 495 2330 adfuisse.
508 2305 541 2315 —
553 2271 594 2330 M:
609 2277 674 2330 ciui-

228 2359 301 2415 tatis.

180 2446 206 2502 ³.
234 2443 386 2499 deuotioni
395 2443 430 2502 P.
441 2445 528 2501 Decii
543 2450 675 2507 consulis

229 2531 302 2587 aliis
320 2531 411 2587 claris
423 2530 615 2602 facinoribus
627 2557 674 2592 ue-

231 2618 378 2694 quobunt:
397 2616 458 2674 PM:
477 2618 556 2687 „und
568 2616 674 2678 stellten

230 2705 306 2761 seins
322 2703 507 2783 duiopierung
530 2706 579 2763 der
601 2711 675 2767 eines

230 2788 349 2848 Consule
367 2791 467 2849 Decius
484 2793 540 2850 und
558 2796 676 2854 anderen

231 2873 374 2932 rhutenus
409 2899 521 2954 grosseu
551 2882 675 2940 Erschei·

230 2982 338 3038 nungeu
365 2965 441 3032 (dem
463 2967 539 3023 Tude
566 2969 613 3027 des
638 2971 674 3031 M.

231 3045 344 3105 Curtius
362 3054 388 3119 7,
407 3055 451 3122 6.)
469 3053 564 3127 gleich.
599 3059 630 3114 In
647 3059 675 3115 M

231 3135 362 3210 scriptum
373 3138 462 3213 primo
475 3149 532 3196 erut
540 3144 607 3211 ciis,
625 3145 674 3201 sed

230 3219 325 3278 ecdem
342 3241 378 3281 m.
397 3225 422 3283 1.
440 3223 552 3285 alterum
571 3233 584 3286 i
599 3232 674 3288 addi·

229 3315 287 3365 tum
309 3318 357 3369 est.
382 3342 415 3354 -
440 3310 507 3373 Pell.
530 3318 555 3376 1.
577 3321 602 3376 3.
627 3318 674 3378 atr

230 3394 392 3464 „deuotioni
403 3397 480 3455 Decii
490 3403 607 3462 consulis
619 3405 674 3475 alii,

231 3479 278 3537 atii
296 3482 375 3539 claris
393 3483 591 3549 facinoribus“:
610 3492 674 3549 hine

228 3565 365 3627 Drakenb.
387 3572 559 3634 scribendum
585 3582 673 3636 conie-

231 3651 280 3707 cit:
304 3655 464 3720 ‚‚devotioni
482 3661 560 3720 Decii
578 3686 673 3723 cousu-

227 3732 277 3804 trs,
300 3737 345 3795 alii
363 3741 424 3800 aliis
446 3746 525 3805 claris
547 3750 673 3810 facinori·

226 3821 316 3881 bus“:
342 3829 392 3885 sed
410 3831 450 3888 illi
474 3833 576 3894 librarii
594 3859 671 3915 asyn-

227 3907 309 3967 deton
327 3911 380 3972 hoc
396 3915 539 3982 Liuianum
555 3945 610 3982 nou
628 3946 671 3982 ce-

226 4003 329 4068 perant.
341 4031 375 4044 -
386 4002 417 4061 M
427 4025 463 4068 m.
477 4013 517 4069 t.=
535 4015 671 4073 emerisse.

224 4095 261 4139 m·
279 4083 322 4141 θα
339 4094 489 4154 emersisse.
505 4127 541 4142 -
558 4095 593 4152 P:
611 4100 668 4174 pie·

815 2102 894 2157 lunc:
911 2097 939 2156 M
956 2119 991 2157 ru.
1004 2100 1029 2157 Ξ.
1042 2098 1072 2158 P.
1087 2133 1124 2143 —
1137 2099 1261 2160 Mm.1.:

815 2208 888 2244 arma
913 2207 980 2243 cunc
1002 2195 1129 2263 spectent
1150 2184 1203 2249 cet.
1230 2220 1259 2230 -

817 2273 865 2331 ΡΜ
890 2274 950 2333 cod.
973 2272 1047 2334 Get:
1074 2296 1111 2332 eu
1139 2296 1261 2352 umquam

815 2361 942 2421 futurum.
968 2359 1011 2421 Gi.
1029 2363 1056 2430 4,
1074 2364 1117 2421 3.:
1137 2383 1171 2419 en
1189 2383 1261 2419 num·

817 2469 906 2526 quam
935 2481 969 2492 ·-
1005 2447 1089 2506 Paulo
1122 2458 1188 2523 post
1216 2445 1260 2505 PM

816 2532 893 2595 Leid.
908 2556 925 2594 1.
940 2535 986 2595 aL:
1006 2534 1132 2595 dilectus.

747 2625 790 2681 11.
814 2625 989 2702 praegressi
997 2623 1128 2695 fetiales
1153 2625 1206 2681 ubi
1222 2623 1262 2679 od

813 2719 932 2786 portum
962 2719 1085 2767 uenere.-
1116 2709 1178 2768 PM:
1209 2712 1259 2769 uisi

816 2797 891 2875 quod
908 2800 936 2853 in
949 2796 975 2853 M
985 2796 1120 2869 feciales
1138 2809 1180 2856 est
1197 2800 1259 2855 scri·

815 2894 900 2963 ptum.
918 2916 952 2926 -
975 2885 1009 2940 P:
1031 2895 1134 2947 uestem
1155 2885 1260 2943 detrahi

815 2974 877 3048 paci
895 2972 1076 3049 sponsoribus
1096 2972 1202 3032 intent
1227 3007 1259 3016 —

815 3056 855 3115 M:
874 3078 968 3114 manus
985 3069 1141 3138 postergum
1153 3062 1259 3120 uinciri.

747 3146 790 3204 1³.
816 3164 883 3202 cum
897 3148 1056 3222 ¹apparitor
1079 3150 1259 3206 uerecundia

814 3232 980 3291 maiestatis
1014 3232 1156 3291 Postumi
1188 3237 1258 3292 laxe

815 3321 951 3376 uinciret:
969 3318 1018 3376 PM
1032 3320 1133 3389 (Drak.
1147 3323 1257 3395 ceddi]

816 3425 876 3462 eum
888 3411 1024 3484 apparitor
1032 3411 1197 3467 verecundis
1208 3431 1258 3466 ma·

814 3493 918 3569 testatis
936 3494 1104 3553 Postumium
1124 3497 1187 3554 laxe
1204 3499 1258 3556 rin·

815 3581 889 3640 ciret.
902 3613 936 3624 ·-
948 3583 1085 3643 Postumi
1099 3588 1220 3660 pertinet
1233 3593 1259 3640 et

814 3668 849 3724 ud
878 3670 1056 3727 uerecundia
1091 3674 1257 3731 maiestatis

812 3754 892 3826 (μὴ
910 3756 958 3813 der
971 3756 1195 3816 Gerichtsdiener
1211 3779 1257 3816 uus

810 3843 935 3918 Achtung
951 3864 1001 3901 vor
1018 3843 1067 3899 der
1082 3843 1192 3903 Wfirde
1209 3848 1256 3904 des

730 3969 735 3977 1
810 3924 963 3987 Postumius
975 3929 1033 3987 lose
1045 3932 1167 4005 band“),
1185 3932 1257 3990 etad

809 4019 938 4087 vinciret,
957 4037 1017 4074 sum
1033 4037 1065 4075 ex
1077 4021 1257 4095 praecedento

798 4103 890 4163 'versu
900 4103 1078 4185 supplendum
1090 4109 1128 4165 sit
1136 4125 1254 4168 munus.
