2618 4590
433 953 620 1140 TIT!
664 968 852 1079 LIV!

248 1232 260 1258 .
352 1169 428 1247 nn
460 1171 628 1251 unns
660 1154 933 1253 couniri

519 1347 759 1458 trus-utut.

580 1536 705 1554 m

180 1715 204 1784 1.
248 1715 316 1785 lam
338 1717 486 1784 consules
509 1728 598 1786 crant
620 1717 657 1786 C.
680 1718 823 1788 Plautius
845 1716 960 1786 itemm
981 1717 1019 1786 L.
1040 1715 1193 1786 Aemilius

94 1815 293 1905 Mamercus,
317 1846 392 1889 cum
413 1822 515 1890 Setini
534 1820 742 1915 Norbanique
764 1822 901 1891 Romam
922 1824 1023 1891 nuntii
1045 1822 1194 1891 defectio·

93 1924 145 1990 nis
166 1925 397 1994 Privernatium
418 1951 493 1994 cum
516 1927 709 2018 querimonis
732 1941 883 2019 acceptae
910 1928 1007 1996 cladis
1028 1930 1194 1996 venerunt.

92 2028 290 2103 ‚vulscorum
311 2030 388 2099 item
410 2032 586 2100 exercitum
615 2033 698 2101 duce
719 2032 838 2102 Antiati
866 2032 989 2123 populo
1012 2031 1195 2099 consedisse

111 2221 138 2280 1.
164 2219 473 2280 lamoensuleserunt
483 2221 611 2282 uPlau-

164 2309 225 2365 iius
234 2311 339 2366 iterum
350 2311 382 2369 L.
390 2312 536 2370 Aemilius
545 2311 610 2367 Mo·

164 2398 296 2469 merrus]
315 2396 370 2454 lam
388 2397 512 2454 consules
534 2408 611 2455 erant

107 2542 115 2552 ,
165 2480 198 2542 G.
217 2482 337 2541 Plautius
355 2484 501 2542 secundum
512 2483 545 2543 L.
557 2485 610 2541 Ae-

751 2223 797 2281 hie
814 2225 917 2300 primus
928 2242 1022 2281 sersus
1040 2223 1147 2281 excidit.
1160 2254 1195 2265 -

752 2311 796 2371 (is.
818 2310 902 2370 Diod.
927 2314 974 2379 16,
997 2313 1054 2371 ssa
1079 2309 1197 2376 Arriam:

750 2397 881 2469 Αἰμίλιος
897 2397 950 2457 καὶ
967 2399 1052 2463 Γάιος
1061 2393 1195 2463 Inruimus.

698 2487 724 2546 2.
750 2506 817 2544 cum
828 2486 927 2544 Setini
936 2486 1144 2562 Norbanique.-
1164 2482 1196 2544 P.
1267 2528 1274 2555 ,

163 2569 254 2627 milius
272 2569 458 2632 Mamercinus.
480 2603 516 2615 -
546 2571 610 2631 PM:

166 2657 219 2714 iam
238 2658 307 2716 cuii.
333 2663 409 2714 erant
431 2679 454 2717 c.
472 2657 610 2737 plutatius.

165 2764 193 2804 11.
219 2746 285 2800 titus
313 2742 434 2801 aemilius
460 2765 610 2802 mamercus

167 2829 223 2900 (th
241 2834 419 2900 memorem).
446 2827 490 2889 cf.
508 2829 535 2898 7,
553 2832 611 2890 27.ι

164 2918 196 2976 Τ.
213 2914 312 2975 Manlio
329 2915 466 2995 Torquato
481 2913 515 2975 C.
532 2914 611 2973 Pleu·

164 3006 204 3062 tio
217 3025 291 3063 cons.
304 3038 339 3048 —
350 3002 394 3061 De
406 3004 521 3073 iterum,
536 3001 612 3080 quod

165 3114 217 3173 pro
246 3093 408 3151 secundum
442 3089 611 3169 scripsimus,

165 3181 199 3240 ci.
217 3183 244 3249 6,
263 3182 318 3237 tu:
335 3179 368 3240 T.
387 3177 531 3255 Quinctius
544 3176 610 3235 Cin·

167 3271 288 3325 cinnatus
298 3270 401 3324 iterum.
412 3294 446 3310 —-
455 3265 609 3326 Leid.1.al.:
671 3282 675 3289 ’

169 3358 204 3416 L.
216 3354 346 3413 Aemilius
356 3354 518 3409 Mamercus:
529 3356 556 3421 7,
565 3354 610 3412 39.

169 3444 203 3502 cf.
221 3446 252 3508 7,
271 3444 296 3500 1.
315 3459 367 3516 quo
384 3438 445 3496 loeo
464 3441 492 3495 in
509 3438 532 3496 P
549 3439 608 3506 „L

157 3527 299 3602 *Aemilius
321 3525 505 3593 Mamercus“‚
531 3527 560 3580 in
583 3523 611 3582 M

166 3627 209 3688 ‚,t.
227 3612 347 3671 aemilio
357 3615 528 3669 mamercus“
545 3613 611 3667 scri·
675 3674 676 3679 η

165 3715 242 3782 ptum
250 3711 299 3760 est.
311 3699 414 3755 Eodem
421 3698 483 3754 loeo
492 3697 610 3754 ostendi·

166 3811 236 3858 mus,
251 3810 307 3846 non
318 3788 517 3844 Mamercinus
529 3783 611 3840 modu

168 3877 218 3933 sed
244 3879 323 3933 etiam
345 3877 513 3932 Mamercus
539 3871 612 3948 apud

117 4024 122 4031 ,
166 3963 274 4021 Livium
284 3964 447 4038 Dionysium
459 3958 612 4016 Diodorum

166 4044 610 4129 seriptumiuseuiri.-1nHaris.

750 2603 786 2617 —
809 2572 848 2631 lii:
876 2593 937 2630 cum
960 2573 1051 2628 sedini
1069 2573 1196 2628 norbani·

749 2679 811 2735 que.
837 2658 881 2717 Gt.
899 2664 926 2727 7,
944 2661 1000 2717 tii:
1018 2657 1138 2716 Norbam
1156 2666 1195 2714 st-

749 2764 802 2820 que
820 2744 929 2801 Setiam.

698 2834 726 2890 d.
751 2850 818 2886 cum
849 2831 1030 2906 querimonis
1059 2834 1207 2902 acceptae

751 2916 868 2974 clodisr'
881 2917 919 2989 P]
938 2937 999 2973 eum
1011 2917 1194 2994 querimoniis.

751 3032 786 3046 -
810 3001 850 3060 dtr
874 3024 936 3060 eum
953 3005 1134 3080 quaerimonis
1152 3022 1196 3061 sc·

751 3090 844 3166 ceptae
862 3089 954 3149 cladis.
973 3088 1017 3150 cf.
1029 3095 1056 3160 7,
1068 3092 1125 3149 ut:
1137 3091 1198 3146 sine

750 3179 925 3255 querimonis.
939 3207 974 3218 -
990 3176 1058 3234 Lov.
1071 3179 1112 3235 3.:
1123 3196 1196 3234 cum·
1218 3170 1223 3189 ⁸
1263 3174 1266 3181 ’

751 3285 804 3342 que
822 3264 1006 3341 querimoniis.
1019 3291 1053 3305 -—
1071 3261 1148 3321 [reid.
1162 3281 1195 3321 s.:

750 3360 859 3428 accepta
878 3347 971 3409 cledis.

697 3439 725 3499 i.
754 3439 934 3502 Volscorum
952 3438 1022 3492 item
1036 3437 1198 3493 exercitum

753 3525 827 3581 duce
838 3524 956 3580 Antiati
967 3524 1079 3598 populo
1097 3543 1198 3580 conss·
1272 3584 1276 3591 .

715 3624 719 3633 “
753 3612 837 3667 disse
848 3610 892 3664 od
902 3608 1050 3668 Satricum
1062 3608 1197 3667 adlatum

753 3705 814 3754 est.-
831 3694 862 3753 Ρ.
872 3722 907 3736 --
918 3694 958 3751 M:
968 3695 1121 3752 uolssorum
1132 3697 1198 3753 item
1288 3712 1294 3717 ·

753 3784 899 3840 exereitum
909 3781 976 3840 duce
988 3783 1085 3839 sneiati
1096 3780 1197 3860 populo

753 3867 911 3925 consedisse
927 3867 964 3924 sd
980 3870 1108 3926 satricum
1125 3868 1197 3925 sdis-

753 3965 810 4013 tum
828 3965 979 4031 utrumque.
1003 3977 1040 4014 m.
1058 3958 1099 4013 dr
1119 3954 1196 4013 duci.

752 4041 827 4100 Idem
845 4052 892 4099 est
909 4040 1009 4099 excidit
1026 4042 1055 4098 iu
1066 4038 1157 4104 toret
1170 4044 1196 4099 i.
