2618 4590
537 276 646 335 snm
663 276 711 336 rx.
750 250 754 261 '
1108 262 1172 333 541

13 496 17 513 ,
72 464 134 530 ego
156 439 249 508 istam
271 439 304 505 in
325 449 359 506 te
380 438 587 506 modestiam:
610 464 651 507 ne
674 437 915 529 degeneraveris
936 465 955 508 a
977 441 1095 509 familia
1116 422 1174 508 imss

61 543 286 643 ¹periosissima
309 554 342 610 et
363 543 597 633 superbissima,
619 568 685 610 non
708 544 758 611 die
780 567 845 610 non
867 543 946 611 hora
968 547 1059 614 oitius
1074 568 1173 637 qnam

72 672 205 715 necesse
234 659 283 716 est
310 647 494 738 magistratu
521 647 649 731 abieris,
671 649 780 725 ¹modo
808 671 850 715 ne
876 649 1015 716 excedas
1048 651 1172 717 finitum
1195 693 1202 727 ·.
1250 710 1257 735 ι

72 766 211 844 tempus.
250 753 326 820 satis
349 764 475 821 estant
495 752 581 819 diem
603 764 658 821 aut
678 746 825 820 mensem
847 775 1000 823 censurae
1028 753 1173 821 adicere?

70 859 241 925 triennium
268 857 371 949 inquit
397 868 430 925 et
455 881 515 926 sex
540 880 668 924 menses
697 858 779 924 ultra
808 881 906 947 quam
934 857 1010 925 lieet
1037 857 1206 926 Aemilios

70 963 141 1053 lege
155 952 332 1030 ¹censuram
353 986 462 1052 geram
485 972 518 1030 et
538 961 627 1028 solus
649 985 767 1051 geram.
800 961 865 1030 hoc
887 962 1018 1052 quidem
1039 963 1103 1029 iam
1124 987 1172 1031 re·

70 1091 135 1156 gno
157 1066 259 1134 similo
286 1077 345 1134 est.
382 1090 423 1133 an
450 1066 607 1157 collegam
636 1065 839 1156 subrogabis,
873 1090 973 1156 quem
1000 1091 1043 1134 ne
1064 1066 1097 1134 in
1119 1068 1171 1135 de-

70 1171 189 1238 mortui
210 1171 340 1260 quidem
361 1171 471 1238 locum
493 1171 657 1262 subrogari
672 1170 720 1236 las
735 1171 805 1237 est?
825 1170 967 1260 paenitet
982 1173 1067 1238 enim
1083 1174 1172 1262 quod

70 1275 324 1366 antiquissimum
344 1276 501 1344 sollemne
524 1286 558 1343 et
579 1276 685 1343 solum
708 1274 747 1341 ab
769 1273 840 1364 ipso
860 1274 915 1365 ,cui
935 1274 972 1342 fit
992 1275 1172 1343 institutum
1215 1293 1218 1297 ·

70 1383 131 1448 deo
154 1379 194 1446 ab
211 1379 415 1448 nobilissimis
431 1380 619 1448 antistitibus
642 1379 711 1448 eius
732 1379 814 1445 sacri
836 1379 876 1444 ad
894 1400 1061 1446 servorum
1082 1378 1171 1446 mini·
1185 1392 1219 1446 to

88 1525 114 1579 1.
141 1541 178 1578 ne
201 1520 433 1599 degeneraueris
454 1539 475 1575 a
490 1520 585 1592 fami·
674 1523 701 1579 8.
723 1520 854 1595 paenitet
881 1521 972 1577 enim:
999 1518 1060 1577 Pll:
1087 1518 1172 1589 „lmi-
1212 1524 1220 1539 ‘

140 1610 184 1663 lia
197 1608 470 1680 imperiosissirsimo
478 1615 507 1663 et
519 1628 585 1683 sup·

140 1695 281 1750 uissima:
300 1692 330 1748 P.
348 1725 383 1735 —
402 1693 443 1753 ll:
460 1696 586 1772 imperio·

120 1782 247 1841 ,sissima
270 1780 489 1856 superbissimal.
507 1812 542 1822 -
563 1780 586 1837 P

140 1889 176 1926 m.
195 1870 221 1928 2.
238 1865 278 1924 lli:
302 1887 357 1923 non
380 1866 425 1923 dis
447 1887 502 1924 non
519 1868 586 1924 hora

140 1957 219 2011 citius
237 1975 317 2030 qnam
339 1974 448 2012 necesse
470 1965 512 2012 est
528 1974 584 2013 ma·

138 2044 251 2116 gistratn
260 2041 366 2101 abieris.
379 2042 444 2102 Pm.
456 2044 494 2103 1.r
505 2062 584 2120 quam

140 2149 191 2184 neo
208 2144 243 2190 ÷
261 2131 415 2205 magistratu
433 2140 484 2188 cet.

87 2307 112 2365 4.
141 2286 275 2362 ,ςιιτίἐιεί
291 2314 344 2362 aut
356 2306 434 2362 diem
445 2313 500 2362 out
507 2322 585 2362 men·

138 2411 202 2447 sem
214 2412 358 2451 censurae
370 2393 505 2450 adicere.-
523 2390 585 2449 Pll:

137 2478 216 2547 „und
228 2484 326 2557 gendgt
338 2500 367 2536 es
379 2480 436 2536 ihm
446 2499 502 2535 nun
514 2488 584 2534 etwa

139 2568 218 2623 sinon
235 2566 291 2642 Tag
315 2567 381 2623 oder
398 2569 477 2623 einen
493 2564 586 2623 blonrt

140 2655 244 2709 seinem
261 2655 341 2709 Amte
358 2653 533 2727 zuzulegsn“.
550 2685 584 2695 -

138 2739 178 2796 Ill:
203 2738 307 2815 inquid.
330 2769 364 2780 -
392 2739 430 2795 tl:
457 2749 485 2794 et
510 2738 586 2795 solus

138 2845 236 2902 geram.
261 2825 314 2880 hoo
337 2823 447 2902 quidem
468 2825 523 2880 inm
543 2844 585 2880 ra·

138 2933 192 2989 gno
216 2911 304 2968 similo
327 2919 368 2967 est
389 2921 439 2970 cet.
472 2911 508 2968 P:
535 2920 586 2980 „et

142 2998 217 3056 solus
235 2998 288 3056 hor
305 2998 413 3076 quidem
431 3001 485 3056 ism
502 3018 585 3073 regno

138 3085 227 3143 similo
249 3096 291 3153 est
313 3107 347 3142 sn
371 3084 499 3163 collegam
522 3085 586 3143 snb·

139 3174 246 3249 rogabis
266 3179 317 3251 qno
332 3177 411 3252 gero
432 3194 467 3231 ne
488 3175 517 3231 in
539 3173 585 3229 de-

139 3264 240 3317 mortui
261 3260 370 3338 quidem
391 3265 442 3331 (m.
463 3265 500 3320 1.=
527 3263 585 3339 qui·

140 3347 201 3404 dam
211 3353 220 3415 )
232 3345 295 3404 locis
307 3349 446 3424 subrogari
459 3349 499 3405 las
512 3353 586 3409 sst“.

141 3432 185 3494 Ol.
197 3433 228 3494 T.
240 3432 302 3491 Livi
320 3434 338 3494 l.
350 3456 412 3492 xxx.
429 3455 457 3512 p.
466 3452 549 3495 mn.
558 3455 585 3495 r.

139 3552 174 3565 -
192 3520 236 3579 M:
254 3522 401 3596 subrogare
417 3522 458 3578 las
473 3532 523 3581 est.
541 3520 585 3583 cl.

138 3612 166 3678 5,
179 3611 236 3665 31.=
254 3606 310 3677 ‚‚C.
325 3607 408 3665 lolius
426 3627 523 3665 consor
540 3608 586 3666 ds·

55 3737 61 3743 -
140 3697 235 3754 cessit:
252 3698 282 3753 in
299 3697 356 3753 elus
371 3695 459 3753 lorum
471 3693 586 3756 licor»

140 3781 229 3840 nelias
257 3782 402 3853 suffectus,
438 3802 508 3861 quas
540 3802 587 3841 res

138 3879 234 3944 postas
256 3869 382 3946 religioni
401 3867 453 3926 luit
472 3870 587 3949 quinos

140 3954 227 4014 lustro
244 3957 331 4016 Roma
355 3965 398 4015 ut
419 3964 511 4035 uptus
535 3974 588 4015 noe

141 4042 240 4101 deindo
257 4064 383 4123 nmquam
399 4044 430 4101 in
452 4040 587 4103 dehortai

727 1605 783 1662 lioh
807 1605 891 1663 damit
908 1608 963 1664 bist
980 1606 1017 1664 dn
1035 1605 1110 1664 nicbt
1127 1626 1172 1663 su·

728 1692 846 1760 Prindea,
874 1692 937 1750 dass
965 1693 1001 1750 dn
1023 1697 1097 1767 jonas
1119 1692 1173 1751 alto
1285 1710 1288 1715 '

727 1778 864 1837 feiorlioba
873 1781 960 1859 Opfer
971 1780 1087 1839 Sllrren
1096 1780 1173 1837 tiber·

728 1877 831 1942 tragon,
842 1869 897 1924 und
911 1869 971 1925 dass
984 1872 1012 1926 in
1022 1865 1105 1942 Polgo
1115 1867 1172 1924 dio·

725 1974 770 2010 ser
792 1938 886 2012 deinsr
901 1955 1112 2030 Eioricbtungen
1129 1956 1174 2011 oin
1255 2010 1258 2015 .

726 2061 823 2117 ganzes
842 2040 1012 2110 Gescbleoht,
1039 2041 1088 2098 das
1107 2039 1175 2097 tltsr

693 2172 696 2181 .
726 2148 786 2184 war
808 2126 848 2185 als
872 2148 969 2185 unsere
990 2129 1083 2197 stadt,
1113 2122 1173 2186 sris·

725 2215 1174 2284 storbsnmussts‚wennduniobt

728 2303 797 2359 auch
816 2303 869 2363 deo
886 2324 986 2379 gornen
1000 2303 1076 2360 Strat
1087 2302 1181 2361 durch

728 2390 790 2446 dein
812 2387 968 2448 serraehtes
987 2391 1126 2467 Baginnan
1142 2393 1172 2447 in

726 2476 884 2535 Verderbon
908 2485 1055 2535 sttirzest“.
1078 2512 1112 2522 -
1136 2474 1173 2534 P:

727 2568 942 2642 antiquissimum
964 2565 1102 2625 sollemne.
1131 2563 1172 2622 tl:

726 2650 854 2711 solemne.
876 2684 912 2696 -
934 2653 955 2709 P
980 2652 1040 2711 cod.
1062 2651 1172 2711 Kloolr.:

728 2739 761 2793 ab
774 2741 834 2815 ipso
847 2741 894 2815 qui
906 2739 937 2794 fir
950 2741 1101 2796 institutum
1111 2738 1172 2799 deo.

727 2823 768 2880 M:
786 2825 819 2880 sb
837 2828 898 2900 ipso
918 2827 961 2882 oui
978 2826 1010 2881 iit
1021 2827 1173 2882 institutum

728 2911 804 2968 deso.
833 2911 877 2971 Cf.
897 2917 928 2981 1,
944 2915 971 2972 7.
996 2943 1030 2954 -
1052 2911 1102 2968 Plll
1124 2911 1172 2968 al:

729 2998 762 3056 ab
803 2998 979 3056 nobilissimis
1020 2999 1173 3057 antistibus.

727 3085 805 3144 Laid.
823 3106 853 3145 a:
877 3087 1033 3146 anteslibus.
1064 3118 1098 3128 -
1130 3083 1171 3142 ll:
1228 3146 1233 3157 ¹

727 3171 851 3251 hospicio
868 3174 977 3230 deorum
991 3171 1174 3230 inmortalium

727 3271 828 3316 sanctu.
849 3261 870 3316 P
884 3261 944 3319 cod.
956 3260 1065 3318 Klook.:
1084 3261 1173 3337 ruspi-

727 3350 771 3405 oio
790 3349 901 3405 deorum
913 3346 1095 3404 inmortalium
1112 3366 1173 3403 ssn·

728 3444 779 3494 eta.
804 3467 837 3478 -
866 3435 907 3492 ld:
931 3438 1111 3514 propterlao
1128 3441 1174 3491 tna

729 3541 877 3583 censuram.
912 3543 948 3581 m.
974 3525 1015 3581 4:
1044 3522 1174 3602 propter}

728 3608 779 3666 hir
797 3617 841 3666 tui
859 3628 1007 3668 censuram.
1019 3640 1054 3654 -
1070 3608 1107 3666 P:
1120 3610 1174 3665 nisi

728 3697 882 3754 uniuersam
904 3704 988 3778 remp.
1012 3717 1044 3754 eo
1071 3695 1174 3753 nefario

729 3782 915 3845 obstrinxeris.
938 3783 977 3842 ll:
995 3786 1049 3841 nisi
1067 3787 1174 3840 uoluer-

729 3886 789 3928 ssm
806 3877 890 3951 rems».
908 3890 941 3927 eo
959 3870 1062 3927 nefario
1076 3870 1175 3927 abstin-

683 3950 686 3955 ’
714 3958 811 4039 xoris.
826 3986 862 4001 ··-
876 3956 939 4013 PM:
959 3957 1033 4033 quod
1050 3957 1173 4016 ominari.

728 4070 766 4111 r-
783 4042 867 4103 Paulo
884 4053 948 4121 post
973 4043 1015 4101 mr
1033 4050 1068 4104 m
1086 4047 1174 4102 sorni·

140 4129 230 4191 locum
248 4150 345 4191 mmor
360 4114 526 4233 snffio'ltnffl.
568 4168 572 4173 -
622 4126 798 4327 ‘h
814 4129 1032 4207 andaginensem.
