2618 4590
83 264 94 283 ⁶
142 252 207 322 579
606 260 715 321 nmen
732 262 778 325 IX.

143 429 347 497 Aletrinatem
370 426 666 515 Ferentinatemque
696 437 729 494 et
752 428 948 496 Verulanum
979 452 1107 497 omnes
1130 429 1239 498 Heroiu'

143 534 279 602 nominis
302 531 423 622 populo
441 530 587 597 Romano
610 530 731 599 bellum
753 531 942 601 indixerunt

229 637 338 706 XLIII.
383 636 419 700 ln
441 635 570 702 Samnio
600 658 744 724 quoque,
778 637 852 727 quia
879 638 1075 723 decesserat
1101 640 1237 708 indole

142 745 222 828 bius,
243 741 318 809 novi
339 751 448 808 motus
471 741 588 807 exorti:
611 739 732 806 Calatia
755 749 788 806 et
809 741 890 808 Sora
912 744 1152 835 praesidiaque
1175 769 1237 837 quae

112 850 174 916 trin
196 849 245 916 his
266 847 411 914 Romana
434 855 524 912 erant
546 855 740 935 expugnata,
768 854 802 911 et
823 844 855 910 in
878 848 1093 936 captivorum
1123 873 1237 939 corpora

138 953 275 1022 militum
297 952 392 1018 foede
413 949 579 1016 saevitum.
616 949 723 1039 itaque
745 973 785 1016 eo
808 949 843 1017 P.
865 949 1039 1020 Cornelius
1067 978 1150 1022 eum
1172 978 1237 1022 exer·

140 1059 205 1128 citu
232 1056 364 1123 missus.
400 1053 521 1119 Illarcio
551 1053 626 1119 novi
653 1052 835 1119 hostes—
861 1053 925 1121 iarn
954 1056 1049 1123 enim
1080 1058 1237 1179 Anagninis

139 1162 348 1250 Hernicisque
370 1157 438 1223 aliis
460 1155 612 1221 bellum
603 1180 724 1222 russum
741 1168 866 1225 erat-
880 1160 1119 1230 decernuntur.
1154 1164 1237 1283 prino

29 1336 35 1343 ,
138 1268 181 1335 ita
204 1263 311 1335 omnia
334 1271 512 1352 opportuna
534 1260 607 1326 loca
627 1259 737 1328 hostes
764 1262 846 1330 inter
872 1248 1048 1333 consulum
1083 1278 1192 1336 eastra
1208 1268 1237 1333 in

93 1378 341 1460 interceperunt
361 1378 398 1433 ut
419 1365 593 1456 pervadere
615 1366 781 1455 expeditus
804 1371 932 1437 nuntius
959 1394 1029 1436 non
1053 1383 1190 1462 posset,
1216 1382 1238 1439 et

32 1558 37 1569 Ι
83 1483 86 1487 ’
137 1501 197 1569 per
217 1473 338 1564 aliquot
360 1471 426 1537 dies
448 1469 558 1536 incerti
579 1492 685 1537 rerum
708 1472 852 1539 omnium
866 1474 1090 1565 suspensique
1114 1477 1158 1544 de
1173 1487 1239 1543 stru

40 1610 52 1633 1
138 1581 266 1651 alterius
287 1588 422 1667 uterque
444 1573 557 1642 eonsul
580 1585 702 1665 ageret,
731 1576 933 1669 Romamque
955 1578 983 1645 is
1007 1591 1125 1648 metus
1149 1604 1237 1648 mana·

122 1766 139 1807 l
204 1772 239 1833 L.
248 1766 365 1829 Fabricii
378 1769 474 1826 lrrtres
485 1767 584 1844 gemirri
596 1765 652 1824 lne-

204 1870 268 1919 rnnt
280 1880 313 1916 ex
324 1857 470 1934 municipio
477 1854 650 1912 Aletrinati“.

205 1952 250 2018 20,
268 1949 326 2006 56.:
351 1944 418 2013 „hio
435 1954 492 2023 tnrn
510 1940 650 1999 Fabricius

202 2056 260 2094 non
276 2032 358 2091 modo
377 2029 411 2087 ad
429 2050 472 2086 me
489 2049 565 2086 meos
584 2030 648 2086 vici-

203 2143 255 2183 nos
273 2132 300 2179 et
308 2122 409 2177 amieos
418 2117 579 2176 Aletrinates
592 2135 647 2172 non

203 2209 339 2268 adduxit“
357 2216 407 2265 eet.
420 2238 453 2247 -
472 2204 504 2260 In
521 2225 575 2260 uno
588 2201 648 2260 Liv.

201 2294 349 2354 Loveliano
386 2302 480 2369 quarto
518 2292 648 2368 scripturn

203 2402 264 2438 esse
287 2380 386 2436 dicitnr
412 2376 646 2445 ‚,allatrinatem“.

202 2500 237 2511 -
255 2464 318 2523 Pul:
337 2483 429 2521 omnes
441 2463 544 2521 heroici
562 2466 647 2520 nomi·

202 2557 245 2613 nis
267 2560 295 2634 ᾗ.
317 2571 428 2610 romano
451 2547 549 2608 bellum
576 2550 645 2608 indi-

200 2649 305 2700 xerunt.

147 2750 173 2809 3.
201 2747 273 2824 quia
298 2744 469 2802 decesserat
494 2743 565 2800 inde
585 2742 642 2799 Fa-

84 2858 87 2862 ·
199 2835 281 2892 bina.-
299 2829 641 2892 PII-Vosnudaoui

198 2920 248 2981 al:
265 2920 434 2978 dlseesserat.

6 3027 11 3042 ⁸
97 3098 105 3103 .
145 3034 171 3092 l.
200 3050 278 3107 quae
296 3030 328 3086 in
339 3027 525 3085 hieromarur
541 3037 642 3084 erant:
709 3078 712 3083 .

196 3118 265 3191 ΡΜ]
281 3117 397 3194 quaein
414 3116 449 3171 iis
467 3122 518 3173 eet

143 3233 170 3290 7.
197 3228 326 3286 Manto:
344 3223 375 3285 P.
392 3226 501 3282 martio:
518 3223 600 3299 tt-
619 3227 641 3281 P

194 3338 231 3375 m.
245 3319 284 3375 1.:
302 3316 355 3371 iarn
367 3315 437 3370 enirn
450 3332 517 3388 anag
531 3321 536 3382 Ι
551 3314 640 3373 minis.

194 3424 231 3462 m.
249 3406 288 3462 Ἅι
314 3402 497 3475 anaglninie.
525 3399 564 3458 ll:
586 3402 640 3458 iarn

195 3493 266 3546 enim
284 3491 427 3564 inrgninie.
472 3480 477 3511 '¹

126 3602 168 3660 1⁰.
194 3608 224 3656 et
238 3619 294 3675 per
311 3601 429 3678 aliquot
448 3598 527 3655 dies:
548 3596 584 3656 Ill.
603 3631 637 3641 -

192 3685 229 3743 P:
258 3706 314 3742 non
344 3698 429 3761 possae
458 3705 507 3765 per
535 3684 638 3763 aliquot

174 3772 260 3834 dies.
279 3804 313 3814 -
336 3771 375 3827 Ill:
403 3774 427 3828 is
444 3782 531 3828 metus
548 3792 636 3828 mana·

178 3856 241 3921 'ret
254 3860 276 3922 P
287 3857 364 3919 Leid.
374 3879 392 3918 ι.
402 3858 480 3918 Voss.
491 3878 519 3918 ιι.
531 3856 597 3917 Lov.
610 3864 637 3918 4.

192 3947 239 4015 alo
257 3950 282 4004 is
300 3957 386 4004 metus
403 3956 529 4005 maneret.
549 3977 582 3988 -
604 3945 649 4003 ln·

191 4033 294 4093 eisdem
304 4032 384 4092 Voss.
398 4053 427 4092 ιι.
436 4033 503 4092 nov.
515 4032 540 4092 l.
555 4035 635 4090 etiam
646 4068 656 4079 <1

157 4130 159 4135 '
191 4122 257 4176 ium
274 4107 464 4196 interpositum
479 4129 534 4178 eet:
551 4136 635 4190 „carn

793 1769 827 1827 de
844 1772 933 1826 ntatn“
946 1776 999 1831 cet.
1019 1769 1041 1829 l.
1055 1769 1106 1831 Fr.
1120 1771 1239 1849 Grouir

792 1855 962 1915 Ilottendorl.
1003 1858 1108 1916 codice
1150 1859 1239 1916 invenit

791 1964 864 2023 „per
881 1943 984 2021 aliquot
1003 1943 1067 2000 dies
1085 1947 1189 2002 incerti
1206 1965 1238 1999 re

790 2051 849 2088 rum
869 2033 989 2088 omnium
1004 2062 1038 2074 -
1053 2041 1175 2109 uterque
1186 2051 1237 2089 eon·

789 2116 832 2174 sul
851 2137 940 2192 agere,
965 2136 1133 2198 romamque
1152 2123 1176 2176 is
1193 2138 1237 2176 me·
1265 2148 1267 2189 1

790 2214 833 2261 tus
845 2209 987 2260 manarat“
996 2214 1051 2264 eet.
1070 2227 1145 2287 qnae
1158 2208 1234 2262 eonie

790 2302 880 2349 etnme
897 2312 990 2349 ornnes
1002 2297 1104 2351 eornm
1121 2293 1233 2351 librario·

790 2400 849 2437 rum
866 2388 929 2436 snnt
946 2381 1064 2456 quinon
1076 2381 1199 2438 viderint
1209 2390 1235 2436 nt

789 2475 817 2523 et
834 2465 869 2522 ad
885 2477 991 2544 ageret
1001 2479 1145 2526 maneret
1160 2471 1231 2546 perti·

790 2571 861 2610 nere.
887 2552 963 2620 „Die
981 2551 1121 2613 Herniler
1139 2557 1231 2613 beretr-

787 2649 832 2696 ten
850 2593 960 2714 anlangs
972 2659 1004 2696 so
997 2634 1163 2718 sorglaltig
1177 2642 1230 2717 jede

786 2724 870 2785 Stello
894 2726 1032 2784 zwlseheu
1056 2729 1111 2786 den
1134 2730 1229 2806 [regern

787 2815 835 2872 der
852 2811 988 2884 Consum,
1008 2827 1057 2872 rra
1081 2820 1127 2874 eiu
1151 2805 1227 2876 llber-

785 2921 853 2978 gang
870 2900 985 2977 mdglielr
1002 2923 1072 2973 war,
1091 2903 1156 2962 dass
1173 2905 1226 2961 lein

783 2990 854 3046 Bote
884 3009 939 3046 von
969 2989 1029 3045 denr
1061 2993 1144 3048 einen
1174 3012 1225 3048 nnn

782 3076 900 3132 anderen
936 3075 1072 3133 lrindnrclr
1106 3077 1225 3136 Iommen

782 3162 896 3232 Ineunte,
919 3162 975 3219 und
998 3163 1062 3220 dass
1083 3164 1163 3238 jeder
1183 3165 1225 3222 der

781 3249 881 3306 beiden
891 3250 1014 3308 Consuln
1026 3251 1095 3307 liber
1104 3252 1151 3309 die
1159 3251 1224 3328 Lege

781 3337 830 3395 des
861 3339 971 3396 Andern
1006 3336 1131 3396 mehrere
1158 3340 1224 3415 Tage

780 3425 916 3483 liindnrelr
934 3428 963 3482 irr
974 3422 1061 3484 vollen·
1071 3425 1223 3503 Ungewiss·

779 3513 838 3570 heit
866 3512 922 3570 und
950 3513 1113 3589 Besorgniss
1148 3514 1222 3582 lrlielr,

779 3599 835 3656 und
851 3599 927 3656 dass
957 3601 1046 3657 dieser
1073 3596 1221 3659 Selreelen

780 3686 840 3744 sicli
862 3687 905 3744 bis
928 3686 995 3743 nacla
1012 3686 1085 3744 llom
1107 3690 1219 3747 verbrei·

731 3790 734 3795 ·
779 3783 843 3842 tete,
862 3774 970 3830 woraul
984 3774 1047 3831 dort
1059 3775 1113 3833 alle
1125 3777 1219 3844 dienst·

766 3859 884 3935 'liilrigen
906 3863 1004 3934 jnngen
1022 3860 1109 3920 Lente
1132 3882 1218 3938 ausge-

776 3947 867 4004 Iroben
886 3949 941 4005 und
959 3952 1027 4004 zwei
1044 3948 1218 4026 vollsttndige

719 4024 746 4068 '³
776 4034 863 4092 Ileere
891 4036 935 4092 ltir
963 4033 1043 4109 jeden
1070 4037 1217 4114 moglichen

775 4114 833 4180 l‘all
850 4120 969 4198 gebildet
985 4123 1130 4186 worden“.
