2618 4590
517 208 713 296 incarn
811 208 816 234 .
923 306 925 311 Υ
1099 198 1164 273 aa

64 376 238 445 nuttautur.
274 378 439 466 repentina
472 374 523 445 res
552 377 627 468 qnia
656 403 754 468 quam
787 401 916 446 causam
947 377 1069 446 uuHam
1097 387 1165 454 tam

62 506 105 549 ne
126 481 224 549 fidem
246 482 378 571 quidem
403 481 556 567 habebat,
576 483 687 573 'coacti
717 508 736 549 a
757 481 952 550 Samnitibus
981 495 1014 552 et
1035 481 1164 551 obsides

62 587 138 653 dare
162 597 195 653 et
215 586 371 676 praesidia
392 587 425 652 in
446 587 519 655 loca
541 588 662 654 munita
694 588 855 678 accipere:
888 588 976 655 caeci
996 586 1106 653 fraude
1128 596 1162 655 et

62 691 108 757 ira
130 690 208 756 nihil
230 702 424 758 recusarunt.
463 692 602 760 dilucere
618 692 731 759 deinde
750 693 839 761 brevi
854 693 941 760 fraus
962 691 1068 781 coepit
1087 701 1162 781 post

62 820 161 885 quam
183 796 351 862 criminum
372 794 526 863 falsorum
549 809 696 870 auctores
711 799 888 866 Tarentum
903 797 1189 887 commigraverat

60 903 120 968 sed
142 901 257 969 amissa
280 901 366 969 omni
389 901 487 968 dese
515 912 675 991 potestate
696 903 774 969 nibil
795 903 878 971 ultra
906 927 1004 994 quam
1030 913 1066 971 ut
1088 925 1161 993 pae-

59 1007 175 1073 niteret
196 1007 311 1072 frustra
332 1003 481 1072 restabat.

146 1106 293 1178 XXVIII.
336 1110 386 1177 Eo
410 1133 493 1176 anno
516 1109 623 1200 plebei
638 1110 802 1178 Romanae
824 1111 912 1178 velut
930 1111 1017 1178 aliud
1037 1110 1181 1177 initium'
1258 1118 1259 1122 ’

23 1246 26 1255 ·
56 1215 210 1282 libertatis
232 1215 353 1281 factum
376 1225 433 1298 est,
456 1215 545 1304 quod
567 1215 654 1301 necti,
673 1214 848 1282 desierunt:
870 1226 1029 1303 mutatum
1052 1226 1159 1282 autem

57 1320 107 1386 ius
130 1319 172 1386 ob
195 1319 289 1386 unius
310 1319 498 1396 feneratoris
520 1319 615 1386 simul
637 1319 801 1387 libidinem
822 1320 917 1388 simul
940 1321 1159 1389 crudelitatem
1172 1327 1226 1391 10.

56 1425 222 1515 insignem.
259 1424 296 1491 L.
320 1424 463 1519 Papirius
485 1424 512 1491 is
535 1424 609 1508 fuit,
638 1425 689 1492 cui
717 1449 792 1506 cum
821 1449 856 1493 se
880 1424 917 1494 C.
940 1425 1093 1504 Publilius
1115 1425 1158 1492 ob

73 1619 99 1676 1.
125 1619 279 1691 repentina
304 1636 354 1673 ree
383 1617 455 1691 quia
482 1635 572 1692 quam

101 1740 102 1745 =
125 1703 571 1778 cauramnullamtamuefidem

126 1791 248 1865 quidem
277 1790 418 1847 habebat:
448 1789 506 1851 Ptl.
536 1821 570 1832 -

125 1875 203 1935 Leid.
213 1897 232 1937 ι.
241 1875 320 1935 Voss.
331 1896 359 1936 ιι.
371 1874 418 1935 al.:
429 1896 481 1953 qua
490 1896 570 1933 causa

124 1963 233 2022 nuHam.
261 1963 335 2023 Harl.
355 1985 386 2042 r.:
403 1964 508 2021 habeat.
538 1962 570 2019 In

123 2050 192 2112 Lar.
201 2056 226 2111 t.
238 2050 271 2112 al.
284 2053 386 2109 excidit
398 2052 527 2128 quidem.
536 2082 566 2092 -

125 2139 195 2198 Cum
205 2140 268 2196 buic
280 2149 335 2196 tam
344 2140 500 2215 repentinae
510 2158 571 2194 con·
584 2166 587 2178 ·

122 2228 178 2285 ailii
202 2229 360 2295 mutationi,
386 2237 480 2303 utpote
503 2245 571 2303 quac

121 2336 176 2372 non
189 2315 314 2371 idoneam
327 2314 438 2371 baberet
455 2333 570 2384 causam,

122 2424 156 2458 ne
173 2402 242 2458 fides
261 2401 370 2478 quidem
382 2401 476 2457 baberi
488 2421 570 2477 posse

121 2488 268 2558 videretur,
285 2489 429 2558 Samnites,
440 2509 475 2546 ne
486 2491 516 2544 in
528 2490 569 2543 iu·

123 2578 207 2634 sidias
225 2580 441 2654 praecipitarent,
460 2574 570 2632 obsides

121 2669 180 2721 eius
206 2668 246 2720 roi
273 2675 457 2741 poposcerunt
483 2673 511 2719 et
540 2673 570 2721 ut

121 2752 257 2829 praesidia
274 2772 322 2807 sua
340 2753 370 2806 in
385 2749 447 2806 loca
462 2752 570 2807 'munita

122 2841 319 2916 acciperentur:
360 2835 446 2904 „weil
482 2836 570 2892 dieser

121 2923 266 3003 plttzlicbe
292 2923 453 2981 Entschluss
482 2922 570 2998 gleicb

121 3016 176 3070 wie
197 3033 227 3071 er
249 3032 316 3088 ganz
339 3010 411 3067 ohne
427 3009 569 3068 Veranlas·

121 3097 569 3174 sunggelrommenzuseiuschien‚

122 3208 154 3244 so
178 3188 246 3244 auch
269 3187 365 3243 Ieincn
383 3167 505 3243 Glaabdn
527 3204 568 3242 er·

120 3275 233 3333 weclen
246 3276 369 3331 lonnte“
387 3294 414 3335 u.
426 3294 448 3334 s.
460 3294 497 3334 rr.

67 3365 95 3424 3.
122 3365 204 3421 caeci
218 3362 338 3435 fraude
366 3370 395 3418 et
420 3363 468 3418 ira
492 3359 570 3416 nittt

122 3459 312 3508 recusarunt:
331 3449 353 3506 P
371 3469 406 3508 m.
430 3451 456 3507 2.
474 3447 509 3506 tt.
533 3476 567 3488 ··

121 3537 145 3594 P
162 3559 197 3598 m.
218 3542 256 3598 1.:
276 3546 455 3595 recussarnnt.

67 3628 96 3684 4.
122 3625 254 3682 dilucere
267 3626 375 3683 deinde
384 3625 469 3684 breui
471 3621 568 3695 fraus

122 3715 218 3786 coepit
232 3723 303 3789 post
321 3734 410 3788 quam
427 3702 492 3770 ceti:
510 3709 568 3768 PH.

123 3833 157 3842 —
170 3799 248 3858 Leid.
261 3821 278 3857 r.
291 3800 339 3860 al.:
352 3803 451 3863 breuis.
461 3829 495 3841 -
506 3796 568 3853 PII:

124 3889 195 3957 „sed
214 3891 311 3945 amissa
325 3893 413 3946 omnia
425 3887 484 3960 (tta
494 3888 568 3955 mira)

123 3976 158 4032 de
184 3997 215 4032 se
244 3982 408 4052 potestatc“.
444 3975 569 4032 Fortasse

68 4141 73 4146 ἱ
124 4067 254 4140 scriptum
282 4066 333 4123 tuit
355 4058 446 4122 manu'
461 4063 568 4139 antiqua

712 1618 809 1685 „omui
833 1620 866 1674 ἰᾶ
889 1618 923 1674 de
941 1639 971 1675 se
992 1625 1124 1697 potestate
1133 1620 1159 1674 “.

711 1701 866 1760 Amiserant
878 1704 981 1761 Lucani
998 1712 1159 1782 potestatem
1276 1743 1281 1764 .

711 1810 788 1847 suam
806 1795 920 1870 receptis
939 1794 967 1848 in
985 1791 1045 1848 loca
1057 1789 1159 1848 munita

712 1877 874 1938 Samnitium
891 1878 1043 1956 praesidiis.

660 1967 686 2023 8.
708 1967 808 2040 plebei
832 1988 989 2024 romanae:
1016 1964 1051 2024 llI.
1076 1994 1110 2006 -
1136 1961 1158 2018 P

708 2053 785 2114 'reH.:
804 2052 885 2130 plebi.
922 2053 965 2113 CI.
984 2056 1011 2121 3,
1030 2053 1087 2111 bd:
1111 2070 1157 2128 pa·

712 2142 779 2197 riter
804 2143 925 2220 patribus
947 2141 1090 2218 plebeique
1114 2157 1157 2193 ac-

712 2238 805 2306 ceptus
827 2230 984 2304 magistratu
1007 2228 1075 2284 abiit
1093 2223 1158 2296 (PII

711 2312 784 2374 Harl.
802 2335 820 2374 ι.
838 2315 969 2386 Leid.1.).
988 2315 1022 2376 al.

659 2405 684 2461 9.
713 2403 797 2477 quod
817 2396 897 2459 niati
919 2398 1087 2460 desierunt.-
1108 2397 1159 2456 PH

711 2488 785 2549 Harl.
797 2509 815 2549 ι.
832 2489 910 2549 Leid.
927 2490 1033 2550 1.'Lov.
1051 2493 1076 2549 4.
1096 2487 1158 2548 cod.

711 2577 810 2637 Kloclr.'
830 2609 864 2620 -—
893 2575 965 2636 cot.
990 2577 1060 2653 Siga
1084 2575 1158 2653 quod
1263 2599 1268 2610 ·

711 2662 789 2740 ligari
817 2668 880 2722 nexi
910 2666 1056 2724 desierunt.
1090 2661 1157 2720 Pall.

712 2750 792 2809 Voss.
802 2771 829 2810 ιι.
842 2751 971 2828 multique
980 2773 1050 2810 recc.
1064 2751 1157 2809 rodda

711 2836 1157 2914 quodligurinectiqnedcsierunt.

658 2952 693 2967 ·-
711 2934 856 2980 mutatum
865 2935 963 2982 autem
974 2926 1156 2982 iusabunius

704 3011 893 3084 feneratoris
905 3015 997 3069 simul
1006 3011 1158 3069 libidinem

710 3101 803 3157 simul
840 3101 1046 3158 crudelitatem
1087 3098 1156 3154 iusi·

708 3206 813 3267 gnem:
838 3187 868 3248 P.
892 3218 926 3232 -
948 3187 1027 3247 Leid.
1043 3208 1076 3246 r.:
1100 3207 1156 3243 mu·

709 3285 794 3331 tatum
807 3285 894 3332 autem
907 3278 949 3332 ius
962 3288 1012 3336 est.
1023 3309 1057 3318 —
1067 3274 1108 3331 M:
1121 3273 1156 3330 ab

710 3365 790 3420 unius
808 3363 982 3418 faeneratoris
997 3359 1077 3419 simul
1094 3360 1155 3418 libi·

690 3449 801 3531 'dinem
818 3450 899 3506 simul
912 3449 1097 3508 crudelitatem
1114 3453 1155 3506 in·

687 3539 794 3611 aigne,
818 3535 886 3596 Lov.
904 3541 942 3596 t:
960 3535 1101 3595 libidinem
1118 3539 1155 3594 si·

709 3622 765 3680 mul
783 3622 863 3679 simul
881 3623 1073 3684 crudelitatem.

640 3713 683 3771 11.
709 3712 744 3770 L.
762 3711 906 3785 Papirius
929 3715 956 3770 ir
971 3710 1053 3787 fuit:
1071 3713 1100 3784 P.
1119 3743 1151 3755 -
1200 3735 1201 3739 ¹

708 3797 739 3854 In
757 3797 784 3854 tt
802 3797 875 3859 Harl.
889 3819 907 3859 1.
920 3798 997 3859 Leid.
1007 3820 1025 3859 r.
1037 3798 1115 3858 Voss.
1125 3818 1154 3858 u.

709 3885 744 3944 al.
772 3887 871 3943 excidit
895 3889 929 3946 L.
957 3920 991 3929 —
1019 3887 1067 3943 Ptl
1093 3886 1154 3947 cod.

710 3973 769 4034 Gel.
788 3974 860 4034 Harl.
878 3995 896 4032 ι.
915 3974 992 4032 Leid.
1007 3995 1024 4033 r.
1042 3972 1110 4034 Lov.
1128 3974 1154 4033 4.

710 4063 770 4122 cod.
788 4061 883 4122 Kloclr.
903 4061 949 4120 al:
968 4065 1034 4131 „cui
1052 4080 1113 4120 oum
1125 4082 1155 4118 se
