2618 4590
154 243 220 311 ets
333 344 336 351 ¹
614 250 723 311 umus
740 212 798 310 iu.

91 392 95 404 ,
156 442 220 510 qne
241 420 347 502 vestri,
367 440 433 486 uon
455 416 500 483 illi
522 416 577 506 qui
598 415 631 482 in
645 413 780 482 Sacrum
795 422 939 479 montem
956 420 1169 492 secesserunt,
1191 432 1258 479 nou

155 523 188 590 bi
211 523 266 614 qui
285 533 399 614 postea
420 517 614 589 Aventinum
634 519 833 587 insederunt:
866 526 1035 605 expectate
1064 515 1144 581 dum
1166 515 1258 583 vobis

156 627 285 719 singulis
306 638 344 696 ut
364 626 442 696 oiim
458 625 630 693 Coriolano
652 635 771 691 matres
793 621 1010 710 coniugesque
1027 619 1167 688 crinibus
1188 644 1258 711 pes

156 732 204 803 sis·
227 731 340 800 obviae
370 732 412 799 ab
446 731 526 799 urbe
553 729 697 799 veniant:
717 764 764 781 -ν
792 739 862 795 turn
884 724 1079 793 Vulscorum
1105 724 1258 814 legiones,

126 836 230 928 tquia
252 837 436 910 Romanum
455 836 619 907 habebant
638 834 764 918 ducem,
786 832 991 924 quievenmt:
1013 824 1129 898 vos-
1143 829 1258 899 Rome

172 1038 201 1096 3.
226 1037 357 1096 crinibus
371 1037 491 1112 passis.-
507 1035 530 1091 P
547 1056 583 1095 m.
600 1037 627 1094 9.
644 1033 672 1092 Μ
812 1032 884 1099 beri,
902 1030 1024 1108 quemvis
1041 1029 1110 1085 haee
1125 1028 1260 1105 scripture

226 1143 262 1183 m.
285 1125 312 1184 2.
335 1155 371 1168 -—
398 1123 419 1179 P
442 1144 477 1183 m.
501 1128 540 1183 1.:
561 1124 672 1201 passim.

226 1208 253 1266 Μ
271 1230 306 1270 m.
322 1212 359 1269 l.:
378 1212 542 1272 criminibus.
555 1242 589 1253 -
605 1207 671 1270 Pell.

228 1295 307 1356 Voss.
317 1315 345 1356 u.
358 1296 487 1374 multique
499 1318 568 1358 rece.
578 1296 671 1357 cedda

227 1386 346 1440 crinibus
369 1386 479 1461 sparsis.
509 1384 553 1444 Cf.
579 1387 610 1454 1,
630 1388 673 1448 13.

228 1470 277 1528 ubi
301 1472 395 1529 invitis
416 1471 572 1531 melioribus
595 1473 674 1529 libris

226 1556 299 1615 idem
325 1559 354 1615 in
382 1562 536 1620 recentibus
562 1562 673 1639 quibus-

228 1644 290 1701 dam
311 1646 390 1707 codd.
413 1650 544 1725 seriptum
565 1657 615 1708 est.
637 1678 672 1691 ·-

226 1730 305 1792 Leid.
321 1753 356 1794 n:
374 1735 497 1794 ueniunt.
597 1740 601 1748 '

174 1819 200 1879 4.
230 1828 293 1878 tum
329 1822 499 1883 vulscorum
538 1823 673 1900 legiones

227 1909 299 1985 quia
334 1929 491 1967 romanum
525 1908 674 1968 habebant

226 1994 332 2052 ducem
351 1998 540 2073 quieverunt:
557 1995 616 2056 ΡΜ.
637 2027 672 2040 -

226 2080 304 2145 Leid.
321 2101 353 2145 n:
370 2084 523 2161 quiueruot.

173 2170 201 2229 5.
225 2189 282 2228 uos
303 2191 444 2230 romanos
466 2173 615 2232 excretus
635 2191 673 2229 ns

227 2256 401 2315 destiteritis
428 2259 508 2335 inpio
537 2260 630 2317 bello:
652 2259 675 2315 P

122 2352 128 2361 “
228 2362 264 2402 m.
284 2344 308 2402 1.
326 2342 400 2405 tlm.
414 2346 456 2419 1.]
475 2365 524 2403 ros
537 2344 675 2406 Romanus

229 2431 361 2486 exereitus
383 2441 433 2493 cet.
458 2463 494 2476 -
523 2432 544 2489 P
571 2454 608 2505 m,
633 2435 674 2492 2:

229 2536 363 2580 romanos.
394 2519 473 2579 nm.
494 2521 533 2578 Μ..
560 2523 675 2580 romani.

229 2635 263 2646 -
281 2604 312 2662 In
325 2603 400 2666 Leid.
411 2625 428 2665 1.
448 2615 475 2665 et
492 2609 521 2664 in
533 2602 602 2667 reeess
615 2608 673 2686 qui-

228 2691 341 2751 busdam
369 2692 447 2752 codd.
474 2697 606 2773 seriptum
632 2705 675 2753 est
699 2721 705 2737 ·

228 2800 288 2841 non
314 2780 488 2839 destiteritis
514 2824 531 2851 ‚‚
539 2783 594 2841 und
621 2783 673 2852 ihr,

227 2870 272 2924 ein
290 2866 450 2929 libmiscbes
467 2867 552 2936 Heer,
569 2870 676 2926 werdet

226 2956 302 3012 nieht
330 2956 459 3013 sbstebeu
489 2956 591 3013 wellen
619 2979 675 3014 von

227 3041 329 3098 diesem
354 3042 514 3099 verruchten
536 3043 674 3118 Kriege?‘⁴

227 3128 277 3183 sed
299 3147 459 3204 quamquam
481 3129 561 3183 etism
579 3132 608 3184 in
626 3129 675 3187 ΡΜ

228 3212 365 3272 interdum
385 3226 406 3272 n
423 3235 474 3293 pro
499 3235 560 3272 non
585 3219 629 3285 (8,
646 3218 674 3278 4.

229 3300 279 3370 al.)
291 3304 421 3380 seriptum
433 3302 538 3378 legitur,
550 3322 601 3359 nes
613 3322 673 3382 raro

207 3387 271 3445 .ch
289 3391 318 3445 in
336 3393 445 3470 optimis
468 3390 546 3448 libris
569 3412 629 3451 non
647 3400 675 3447 et

167 3492 170 3505 ¹
228 3497 266 3535 rte
284 3478 354 3534 inter
369 3479 522 3538 esconium
535 3481 674 3548 sunt(21‚

229 3565 272 3622 44.
290 3564 356 3636 ab),
384 3576 414 3624 ut
437 3569 518 3624 etiem
541 3565 673 3624 hocloco

230 3649 342 3708 alterum
363 3675 414 3730 pro
437 3654 520 3711 altero
543 3657 675 3733 seriptum

229 3757 290 3794 esse
307 3743 407 3817 possit,
424 3751 513 3798 tumen
530 3743 598 3799 mibi
614 3763 675 3821 per«

228 3826 343 3883 sundere
360 3847 415 3884 non
430 3850 551 3907 possum,
569 3851 606 3886 ne
625 3830 674 3886 de·

229 3915 374 3982 orientis,
387 3918 461 3992 quod
474 3919 502 3973 in
515 3916 674 3976 putitatis.

229 4001 375 4079 multisque
392 4004 453 4065 eliis
474 4004 553 4066 codd.
571 4005 672 4062 inveni·

230 4097 287 4155 tur,
314 4092 465 4149 errantibus
486 4089 604 4152 librariis
628 4090 673 4150 do·

812 1116 893 1199 paulo
915 1115 1053 1181 difficilior
1073 1117 1118 1173 sit.
1149 1136 1212 1175 nam
1235 1117 1260 1175 si

812 1226 851 1265 ne
868 1204 1042 1263 destiteritis
1059 1204 1194 1279 integrum
1212 1210 1260 1271 est,

812 1293 867 1350 boe
895 1290 991 1349 eodem
1018 1310 1100 1347 sensu
1129 1291 1259 1367 seriptum

815 1389 941 1459 oportet,
971 1398 1025 1455 qno
1054 1380 1103 1446 21,
1129 1379 1175 1437 ts.
1205 1397 1260 1446 „us

815 1469 953 1526 transieris
971 1465 1116 1533 Hiberum,
1142 1463 1260 1541 nequid

814 1558 855 1615 rei
872 1557 922 1613 tibi
928 1557 978 1640 (sit
996 1575 1058 1611 cum
1074 1552 1229 1628 Saguntinis
1235 1556 1261 1620 ⁶⁶,

814 1643 890 1720 quod
903 1641 1101 1701 vehementiore
1113 1641 1141 1698 vi
1160 1639 1260 1697 dictum

814 1730 902 1789 videri
918 1732 1008 1810 possit
1031 1749 1112 1806 quem
1133 1728 1260 1806 quaein·

814 1819 923 1890 genium
945 1816 1059 1885 Valerii,
1087 1816 1134 1895 qui
1156 1814 1261 1873 lenibus

815 1904 935 1963 consiliis
958 1904 1058 1963 milites
1075 1904 1110 1962 sb
1131 1903 1261 1979 improbis

813 1993 912 2052 studiis
927 1994 1062 2053 abducere
1072 1991 1199 2060 voluerit,
1217 1991 1260 2047 de·

815 2090 882 2140 cest.
900 2102 993 2139 verum
1011 2080 1075 2139 licet
1092 2081 1122 2137 id
1136 2100 1192 2136 uon
1204 2080 1262 2135 siue

815 2189 895 2225 esoss
914 2166 969 2225 diei
981 2189 1063 2242 posse
1075 2167 1206 2235 rideatur,
1224 2175 1262 2221 ta·
1276 2158 1282 2172 ⁴

760 2286 764 2293 ·
816 2276 879 2316 men
897 2256 995 2320 fortius
1007 2260 1060 2314 ism
1072 2255 1210 2316 Valerium
1223 2253 1262 2310 di·

817 2364 878 2403 sere
902 2348 1026 2421 coepisse
1043 2365 1075 2401 ea
1093 2363 1163 2421 quse
1183 2340 1262 2420 paulo

815 2440 877 2489 ente
892 2429 965 2493 bunc
976 2431 1066 2490 locum
1078 2430 1203 2507 leguntur
1215 2429 1262 2485 do·

816 2519 937 2575 euerint:
967 2540 1022 2575 non
1045 2522 1118 2575 enim
1139 2517 1263 2575 Valerius

814 2605 921 2663 dixerut
944 2626 1033 2680 „ergo
1059 2626 1110 2664 vos
1136 2608 1213 2682 prius
1233 2605 1264 2659 in

816 2714 860 2755 me
876 2696 1038 2751 strinxeritis
1060 2693 1162 2751 forrum
1183 2711 1264 2768 quam

816 2781 844 2837 in
862 2801 912 2838 ros
931 2800 979 2856 ego
993 2812 1027 2828 -ι-
1039 2783 1065 2836 si
1082 2780 1264 2838 dimicandum

816 2876 872 2936 est,
895 2869 924 2925 si
941 2868 1080 2925 indueritis
1097 2871 1126 2925 in
1143 2869 1265 2923 animum

816 2954 891 3032 quod
909 2974 964 3012 nou
988 2955 1149 3015 induxerunt
1169 2964 1265 3030 putres

748 3072 751 3077 ·
816 3044 914 3122 avique
926 3044 1040 3110 vestri‘⁶‚
1052 3053 1098 3103 sut
1108 3061 1169 3111 „ne
1181 3040 1265 3099 indu·

814 3131 869 3186 cite
883 3132 912 3186 in
926 3132 1072 3199 unimum“‚
1085 3150 1147 3188 eum
1160 3138 1264 3186 utrum·
1284 3172 1287 3177 -

768 3250 770 3255 .
815 3238 869 3295 que
887 3219 1025 3292 aptissime
1044 3218 1104 3276 diei-
1121 3219 1264 3293 potuisset,

815 3304 866 3365 set
892 3305 1036 3374 „inducite
1065 3307 1094 3362 in
1120 3306 1263 3361 snimum“

815 3398 1017 3469 ‚‚expectste“r
1051 3391 1155 3448 eisdem
1183 3393 1265 3468 igitur

815 3479 1263 3557 bisgravioribusverbisisruper·

770 3596 776 3604 ·
816 3570 856 3642 git
879 3588 936 3635 „ne
958 3568 1155 3636 destiteritis‘⁴,
1183 3576 1214 3624 ut
1238 3567 1264 3622 si

815 3653 911 3711 leniter
923 3655 1026 3730 agendo
1038 3655 1107 3712 nibil
1125 3656 1265 3712 videretur

817 3742 955 3811 effecisse,
977 3745 1028 3799 hac
1046 3753 1120 3803 certe
1142 3745 1265 3799 oratione

816 3829 930 3887 militnm
949 3833 1054 3886 animos
1071 3837 1264 3889 commoveret.

817 3949 851 3961 -
869 3917 932 3976 Pius
950 3927 969 3977 t.
988 3920 1075 3994 quinti
1092 3937 1264 3993 quocumque

815 4006 877 4062 istie
895 4006 956 4063 loeo
975 4015 1026 4066 cet.
1038 4036 1073 4049 -
1090 4005 1171 4064 Leid.
1183 4025 1202 4063 1.
1215 4002 1262 4062 nl.:

757 4126 760 4132 -
814 4101 969 4170 tergumque
986 4095 1030 4150 eui
1047 4092 1164 4151 dederis.
1187 4085 1191 4093 ’
