2780 4720
584 292 695 358 unna
710 297 747 358 r.
1053 235 1056 242 ¹
1143 285 1207 354 on

110 485 146 530 se
167 462 223 544 ire,
245 459 329 543 „aio'
351 458 504 528 tandem“
525 456 627 548 inquit
650 483 753 544 „num
776 470 879 528 eastra
894 461 1011 530 vallata
1032 484 1099 531 non
1113 460 1209 530 habe-

109 566 194 634 tis?“
222 563 262 630 ad
284 563 348 631 hoc
370 587 444 632 cum
466 562 697 632 succlamatum
719 575 805 634 esset
827 564 944 654 duplici
972 565 1101 655 quidem
1122 553 1209 634 vallo

33 699 39 706 ·
112 681 146 737 et
167 670 269 750 fossa,
297 679 405 736 tamen
426 667 459 734 in
480 667 600 758 ingenti
621 679 711 736 metu
733 691 819 739 esse:
851 668 998 752 „habetis
1020 669 1136 759 igitur“
1164 671 1217 760 ing
1310 722 1321 734 .

108 773 178 864 quit
199 763 355 856 „adfatiin
376 772 549 862 lignorum,
576 772 676 842 redite
700 784 733 840 et
754 773 861 842 vellite
883 773 1037 842 vallum“.
1075 765 1214 843 redemi
1281 841 1286 852 „

108 880 142 944 in
164 889 266 946 castra
288 888 507 967 terroremque
529 875 572 943 ibi
594 877 749 944 vellentes
771 877 891 947 vallum
913 877 1003 945 otiis
1030 877 1139 967 quiin
1160 895 1257 950 aaa=

106 983 180 1050 stris
201 993 418 1050 remanserant
440 980 592 1051 militibus
614 991 647 1048 et
667 981 728 1070 ipsi
748 981 854 1072 Appio
876 982 1034 1048 iecerunt:
1057 992 1127 1056 tum
1149 1005 1208 1071 pro

107 1110 143 1155 se
166 1086 301 1177 quisquc
324 1086 376 1156 alii
398 1085 466 1154 aliis
489 1085 594 1154 dicere
609 1085 749 1154 consulis
770 1109 806 1154 se
823 1085 864 1172 Q.
882 1085 970 1154 Fabii
986 1085 1090 1154 lacere
1109 1084 1208 1154 iussu.

107 1202 237 1281 postero
259 1191 334 1258 inde
357 1191 407 1259 die
429 1201 532 1258 eastra
553 1199 642 1256 mota
664 1201 697 1257 et
710 1188 834 1279 Appius
856 1199 985 1278 praetor
1006 1189 1143 1259 Romam
1165 1190 1210 1256 di·

108 1295 234 1362 missus.
256 1294 330 1362 inde
352 1317 511 1383 nusquam
532 1293 646 1362 stativa
667 1292 819 1362 Romanis
841 1292 944 1361 lucre:
973 1293 1110 1383 negabat
1131 1293 1208 1362 utile

107 1423 178 1467 esse
199 1421 264 1469 uno
286 1397 360 1466 loco
383 1397 495 1466 sedere
518 1397 702 1481 exercitum,
724 1397 887 1481 itineribus
910 1396 1138 1466 aemulatione
1161 1398 1206 1464 lo
1220 1413 1255 1470 10

105 1527 217 1572 corum
238 1503 434 1584 mobiliorem
462 1524 501 1570 ae
528 1501 738 1572 salubriorem
765 1524 847 1572 esse.
887 1501 1007 1572 fiebant
1032 1513 1140 1570 autern
1162 1502 1223 1570 iti·¹

124 1705 149 1760 1.
176 1698 367 1758 ain'tandem
380 1700 475 1774 inquit
492 1719 621 1756 numen·
762 1698 1089 1779 percucurrissem.
1108 1702 1148 1760 2:
1167 1700 1207 1758 di·

175 1797 241 1844 atro
271 1787 387 1846 uallata
416 1805 475 1842 non
506 1790 559 1854 (m
584 1791 621 1847 1.:
761 1788 869 1845 missus.

176 1875 278 1942 abetis)
297 1873 429 1930 habetis:
447 1869 483 1932 Μ.
514 1871 558 1933 (Μ’.
577 1878 620 1941 10,
692 1875 734 1932 11.
761 1873 935 1930 nobiliorem
947 1892 984 1928 ac
994 1874 1206 1932 salubriorem:

760 1956 809 2015 ΡΜ
827 1957 903 2031 rell]
922 1958 1089 2018 mobiliorem
1116 1979 1148 2016 ae
1165 1964 1207 2018 'sa-

760 2045 908 2103 lubriorem
933 2051 982 2116 (ex
1001 2048 1072 2106 coni.
1089 2045 1207 2117 Kloelrii‚

762 2131 864 2191 Clerici
882 2132 941 2202 al).
971 2133 1032 2202 „Er
1055 2136 1155 2192 meinte
1177 2156 1207 2192 es

761 2219 1206 2296 geroicbedcmlleerezumllacb·

761 2307 843 2366 tbeile
861 2328 895 2365 an
913 2308 988 2364 einer
1005 2307 1090 2366 Stella
1104 2309 1155 2366 fest
1173 2329 1207 2370 zu

760 2397 861 2452 aitzen:
883 2385 977 2462 'durch
1003 2395 1125 2456 baracha
1151 2397 1207 2454 und

176 1964 232 2020 18.:
256 1959 337 2016 satin'
353 1958 433 2020 salve.
462 1990 497 2002 -
527 1959 561 2018 P:
586 1981 620 2018 an

175 2046 329 2104 intendem
347 2048 434 2123 inquit
452 2055 501 2106 cel.

121 2181 148 2238 3.
174 2189 273 2236 tamen
285 2179 316 2234 in
326 2179 441 2257 ingenti
447 2187 526 2234 melu
538 2179 620 2250 esee]

175 2275 203 2322 et
224 2275 313 2322 tamen
336 2267 363 2342 in
387 2266 488 2340 ingenti
507 2274 557 2324 cet.
584 2296 619 2310 -

172 2351 210 2410 Με
230 2351 265 2410 ad
283 2353 336 2408 boe
354 2371 415 2410 com
428 2351 619 2410 succlamatum

174 2450 245 2497 esset
264 2439 365 2516 duplici
379 2438 487 2515 quidem
506 2438 576 2495 uallo
590 2448 618 2494 et

173 2527 245 2584 fossa
271 2537 326 2584 tam
352 2533 400 2583 eni
425 2527 526 2600 ingenti
542 2529 547 2594 Ι
563 2545 617 2582 mc·

133 2663 135 2670 ,
174 2623 229 2670 tum
249 2607 400 2672 ee,P:ad
418 2614 469 2670 boc
482 2612 618 2670 comsub-

172 2698 311 2754 clamatum
338 2709 408 2754 esset
430 2699 532 2778 duplici
559 2701 618 2776 qui·

59 2825 62 2843 .
173 2783 234 2839 dem
254 2783 324 2840 uallo
344 2784 415 2840 fossa
436 2795 463 2840 et
482 2787 618 2840 tamenin

171 2871 272 2946 ingenti
286 2879 357 2928 metir
367 2891 435 2932 esse.
445 2870 515 2930 Cod.
523 2869 619 2932 Kloelr.

172 2957 219 3016 al.:
229 2957 261 3013 ad
273 2957 337 3014 baec
347 2978 415 3014 cunr.
433 2956 499 3016 Pall.
513 2977 617 3014 omnes-

171 3065 223 3122 que
250 3065 334 3124 prope
357 3043 439 3101 Dralt.
468 3043 562 3106 codd:
591 3052 619 3100 et

170 3141 259 3190 tamen
276 3132 377 3206 ingenti
394 3141 468 3189 metu
485 3151 554 3194 esse.

116 3263 143 3319 5.
171 3262 212 3318 ibi
229 3263 372 3320 uellentes
390 3262 518 3320 uallum:
535 3261 566 3319 P.
582 3292 616 3304 -

168 3347 211 3404 tt:
229 3349 267 3404 ibi
285 3347 414 3404 bellentes
433 3348 531 3406 uallum
546 3358 577 3404 ct
594 3350 615 3404 ii

166 3431 225 3510 'qni
243 3433 269 3490 Μ
287 3455 322 3494 m.
341 3437 368 3496 b.
379 3435 414 3490 P:
433 3445 460 3491 ct
477 3438 511 3492 iis
524 3439 571 3512 qui
586 3437 615 3494 in

170 3525 266 3578 eastris
281 3532 465 3580 remanserant
476 3521 616 3584 militibus.

168 3638 202 3650 ·-
221 3606 256 3664 P:
275 3616 345 3668 cosi.
364 3629 394 3668 se
406 3616 432 3688 q.
446 3609 510 3667 labii
528 3609 616 3666 lacere

166 3698 252 3757 iussu.
281 3687 309 3752 Μ
331 3717 366 3756 m.
386 3701 423 3757 ta
446 3699 518 3756 coss.
541 3715 570 3752 se
589 3703 615 3774 d.

166 3783 231 3841 labli
247 3789 252 3854 Ι
268 3782 356 3841 lacere
366 3784 547 3844 iuesulaccrc.
564 3803 614 3862 po·

167 3879 238 3927 cterb
257 3870 322 3927 inde
341 3869 393 3932 dic.
416 3891 451 3932 ω.
470 3873 513 3930 2:
530 3879 559 3948 q.
577 3870 614 3927 la·

165 3956 204 4013 bii
220 3961 225 4028 Ι
240 3960 316 4015 iussu
327 3957 422 4018 lacere.
432 3967 541 4032 postero
550 3955 614 4014 inde

167 4032 613 4123 ffi-wmmmffim

166 4149 238 4190 mam
255 4129 392 4192 dimissus.
419 4133 454 4194 Pa
473 4144 500 4190 et
517 4134 613 4212 appius

758 2481 878 2557 bluliges
892 2481 1039 2539 Wcobseln
1052 2483 1100 2540 des
1109 2473 1205 2541 scind-
1221 2484 1225 2492 ’

759 2580 831 2626 ortes
844 2570 937 2626 werde
950 2571 1025 2627 nicbt
1038 2591 1089 2628 nur
1105 2571 1150 2629 liir
1161 2570 1206 2628 dia

759 2655 928 2729 Genuudbeit
950 2659 999 2714 dcc
1016 2657 1145 2736 'l'ruppen
1163 2677 1206 2733 ge·
1224 2713 1229 2720 ,

759 2753 834 2817 sorgt
861 2743 979 2800 sondern
1006 2745 1047 2799 rie
1077 2752 1205 2818 nwtngen

759 2827 845 2886 durclr
858 2829 903 2885 die
921 2829 1041 2886 dadureb
1053 2829 1205 2888 berrortre-

760 2915 1205 2976 tendeUnersebroelrenbeitdem

758 2999 860 3062 Feinde
889 3003 957 3060 auclr
985 3003 1110 3079 Acbtung
1139 3005 1204 3065 ab“.

760 3088 862 3147 Contra
872 3111 902 3146 ca
911 3093 1041 3168 seriptum
1054 3093 1097 3158 10,
1109 3093 1151 3150 ΜΟ.
1164 3079 1205 3148 est

759 3179 900 3253 „ignobile
923 3183 1049 3253 agmen“‚
1067 3199 1122 3255 quo
1142 3178 1204 3235 loco
1278 3220 1282 3228 -

758 3284 814 3320 non
829 3269 912 3340 magia
927 3266 1051 3323 codicum
1064 3269 1206 3344 suscripto-

756 3369 816 3407 rum
827 3355 971 3412 auctoritas
990 3373 1068 3428 quam
1088 3374 1130 3412 rea
1146 3357 1204 3426 ipsa

757 3439 933 3505 ‚‚iunobtte“
966 3439 1143 3502 desiderabat.
1169 3473 1206 3488 ···

757 3523 794 3582 P:
813 3530 1010 3585 aemulatione
1028 3527 1155 3590 lotorem.
1169 3559 1205 3573 ·-

756 3611 799 3669 bl:
817 3624 916 3689 quauta
933 3615 993 3672 lieri
1004 3617 1108 3674 sinebat
1126 3618 1204 3693 steps

759 3709 810 3758 eet.
828 3700 863 3756 P:
881 3701 982 3760 fiebant
1000 3713 1089 3764 antem
1107 3707 1204 3760 itinera
1250 3732 1255 3742 r

757 3785 897 3864 quanberi
906 3790 1114 3851 sinebatbieura.
1132 3789 1203 3850 Cod.

755 3872 865 3936 Kloeta
896 3897 974 3954 quam
1001 3878 1061 3935 lieri
1090 3881 1202 3940 sinebat.

756 3992 791 4004 ·-
804 3961 891 4019 Verba
910 3965 1046 4040 „fiebant
1057 3976 1155 4025 autam
1167 3996 1202 4008 -

756 4060 864 4107 exacto
871 4058 888 4086 ‘⁵
899 4052 1055 4110 exciderunt
1063 4056 1092 4110 in
1101 4053 1200 4114 beidi.

756 4133 835 4235 Voss.
855 4158 883 4200 ιι.
902 4136 969 4200 [ιον.
985 4142 1011 4200 d.
1028 4140 1062 4201 al.
