2618 4590
166 246 233 317 150
495 266 498 273 ’
627 254 735 317 umus
750 252 812 317 vlt

166 422 285 493 rendae
307 444 345 488 ac
365 442 432 488 non
453 419 626 487 solvendae
647 417 808 509 religionis
831 396 930 509 grstia
945 424 1071 481 creatus
1086 425 1183 497 essct,
1206 415 1270 483 bel-

169 527 239 595 lum
253 524 427 594 Hernicum
449 523 612 594 adfectans
635 522 754 593 dilectu
776 520 892 591 acerbo
912 512 1112 597 iuventutem
1133 518 1271 609 agitavit,

164 630 361 721 tandemque
390 628 537 705 omnibns
563 628 598 697 in
625 653 701 697 eum
727 627 860 707 tribunis
887 623 990 716 plebis
1018 623 1136 692 coortis
1158 646 1219 692 seu
1240 626 1272 693 vi

170 758 228 803 seu
249 734 440 804 verecundia
462 734 564 803 vicum
587 733 740 802 dictatura
763 733 848 801 abiit.

133 855 152 910 5
256 839 312 908 IV.
357 837 475 930 Neque
496 863 536 907 eo
551 838 657 906 minus
673 836 833 928 principio¹
842 833 1039 924 insequentis
1054 831 1129 899 anni
1144 833 1185 920 Q.
1200 832 1273 901 Ser-

29 1002 32 1009 ,
112 1012 116 1019 ,
168 942 244 1011 vilio
267 942 370 1011 Ahala
392 943 430 1012 L.
454 942 598 1011 Genucio
621 941 806 1019 consulibus
830 939 896 1006 dies
910 938 1032 1006 Manlio
1056 936 1167 1004 dicitur
1190 937 1271 1004 aM.

168 1047 349 1143 Pomponio
377 1047 505 1115 tribuno
533 1046 646 1137 plebis.
684 1045 838 1119 acerbitas
864 1044 899 1111 in
926 1041 1044 1111 dilectu
1064 1065 1131 1109 non
1152 1041 1271 1110 damno

239 1213 384 1280 diceretur,
395 1211 499 1271 nullum
510 1215 621 1272 omniuo
631 1213 686 1272 dis·

239 1301 342 1359 crimen
362 1300 393 1359 in
416 1299 471 1359 illis
493 1301 584 1359 verbis
606 1313 686 1370 esset,

238 1387 264 1443 si
290 1385 320 1442 id
345 1383 420 1464 quod
446 1385 574 1446 Gelenius
600 1387 687 1449 voluit

238 1472 411 1536 scriberetur.
440 1477 524 1533 totius
544 1496 609 1535 vero
632 1475 687 1535 lael

238 1560 308 1619 ratio
326 1570 418 1638 aperte
433 1563 561 1641 ostendit,
577 1562 687 1639 Livium

237 1647 328 1706 verbis
351 1650 398 1707 rei
417 1651 572 1728 gerendae
593 1669 687 1709 cause

240 1737 289 1805 (7,
307 1739 334 1795 7.
351 1737 401 1806 ³6,
419 1738 479 1808 41.)
501 1737 575 1795 idem
596 1737 688 1795 dicere

238 1821 357 1880 voluisse
369 1822 444 1894 quod
455 1824 546 1883 verbis
556 1826 629 1883 beili
634 1843 686 1904 ge·

238 1910 329 1968 rendi
344 1912 387 1982 (8,
404 1913 450 1973 40.
468 1909 528 1982 sl).
556 1910 687 1969 aeneid

238 1997 348 2074 quidem
366 1997 422 2055 dici
440 2018 495 2055 uon
513 2008 617 2076 potest,
635 1997 687 2055 hac

237 2083 369 2161 religione
386 2094 417 2143 ut
437 2083 529 2144 clarus
552 2086 687 2164 figeretur,

237 2191 295 2231 non
328 2171 460 2251 populum
495 2172 688 2251 ensolvendum

94 2309 115 2336 Ν
237 2257 331 2325 luisse,
355 2261 457 2336 quippe
479 2279 547 2335 quae
572 2279 616 2316 res
633 2280 687 2316 una

237 2346 440 2419 magistratuum
452 2345 623 2422 quorundam
632 2344 686 2403 cul·

239 2449 275 2509 pa
290 2424 446 2489 ⁴intermissa
460 2441 540 2501 esset,
558 2432 607 2488 sed
625 2453 686 2491 eum

210 2570 216 2579 ,
238 2520 320 2575 etiam
345 2516 411 2574 alias
433 2518 587 2596 pestilentia
609 2518 685 2576 clavo

237 2625 254 2661 a
279 2603 410 2663 dictatore
427 2604 483 2663 fixo
503 2605 595 2663 sedata
613 2606 685 2664 dice-

238 2700 327 2760 retur,
353 2701 477 2752 senatum
499 2695 528 2751 in
551 2693 599 2752 illo
618 2704 685 2752 tem·

238 2799 307 2860 pore
325 2788 352 2836 et
364 2779 560 2852 adhererem,
578 2786 604 2841 si
616 2782 686 2840 sorte

234 2869 267 2923 in
285 2887 316 2927 ea
333 2867 474 2944 placamen
490 2872 547 2928 irae
562 2869 686 2929 caelestis

234 2953 353 3014 inveniri
370 2967 473 3034 posset,
490 2958 601 3033 fugisse.
620 2958 684 3032 Quo

237 3042 327 3098 minus
362 3063 427 3099 vero
463 3045 492 3100 in
528 3043 685 3100 melioribus

236 3129 374 3202 mseriptis
402 3129 529 3185 omnibus
554 3128 584 3185 id
611 3130 685 3207 quod

237 3215 317 3269 unice
339 3215 473 3291 integrum
489 3213 598 3273 videtur
618 3218 684 3273 scri·

235 3310 312 3379 ptum
329 3304 506 3380 reperiretur,
525 3301 625 3361 laetum
642 3312 684 3359 est

233 3408 319 3466 prauo
337 3388 510 3451 librariorum
522 3388 683 3448 emendandi

234 3475 682 3556 studioquamquamenimllsrlu.

235 3570 264 3617 et
280 3561 358 3624 Leid.
375 3584 395 3624 1.
414 3585 521 3643 semper
537 3564 594 3621 lere
612 3567 683 3621 inter

234 3667 266 3705 se
284 3655 436 3710 consentire
452 3653 590 3721 videmus,
608 3660 635 3710 et
652 3653 682 3710 in

235 3744 351 3813 utroque
377 3738 447 3796 libro
474 3761 511 3798 ae
536 3761 598 3798 aare
622 3740 682 3798 sol·

234 3825 354 3882 uendae
362 3828 517 3906 religionis
527 3822 629 3907 gratia
639 3847 681 3882 re·

198 3902 202 3909 ’
236 3921 279 3967 cte
295 3914 427 3992 seriptum
445 3923 494 3982 est,
513 3924 603 3971 tamen
614 3913 681 3971 Har-

235 3996 316 4056 leiani
335 4019 352 4058 1.
371 3999 496 4061 librarius
508 4022 563 4059 non
576 4004 622 4060 rei
631 4000 681 4058 sed

235 4087 413 4164 reipublicae
421 4087 680 4171 scripsissedioitur,

825 1231 877 1271 nee
894 1209 929 1269 ob
952 1207 1031 1267 eliam
1054 1207 1189 1285 mandam
1210 1229 1272 1266 esu·

826 1319 885 1367 scm
908 1317 989 1377 quam
1011 1292 1086 1372 quod
1104 1295 1207 1353 homini
1225 1296 1273 1351 do·

827 1396 871 1445 cto
894 1387 940 1443 rei
962 1386 1099 1460 publicae
1124 1382 1188 1440 huic
1209 1381 1272 1438 loeo

826 1472 1027 1532 accomodatius
1045 1470 1103 1527 lore
1123 1467 1274 1539 ridebatur,

826 1581 907 1641 quem
944 1558 979 1617 ed
1014 1557 1124 1617 modum
1158 1556 1274 1614 eundem

826 1646 909 1706 multa
919 1646 1080 1725 aliaprosua
1092 1646 1273 1703 rationeeom·

826 1732 1190 1810 mutasscdeprebendimus.
1211 1755 1274 1791 nem

826 1823 856 1881 iu
873 1819 924 1877 ΡΜ
942 1818 1012 1879 nibil
1034 1822 1203 1898 repperimus
1220 1824 1273 1878 nisi

827 1907 963 1987 „perinde
992 1928 1024 1965 ae
1054 1910 1094 1964 rei
1124 1908 1274 1984 gerende“.

827 1995 926 2055 deinde
937 2015 1002 2053 vero
1016 1997 1045 2052 in
1057 1994 1079 2052 P
1092 1998 1221 2072 seriptum
1234 2001 1275 2053 est

827 2104 883 2153 „aa
901 2104 957 2141 uon
973 2082 1103 2157 solueude
1120 2082 1275 2160 relegiones

827 2173 948 2246 gratia“‚
979 2191 1040 2231 curu
1071 2192 1105 2230 ee
1135 2181 1164 2229 ut
1194 2192 1274 2251 spepe

827 2257 894 2315 alias
911 2259 941 2314 in
957 2257 1012 2315 fine
1035 2259 1174 2317 nominum
1192 2280 1273 2334 pone·

827 2352 900 2401 rebar
917 2365 968 2423 pro
986 2347 1022 2405 is.
1045 2346 1074 2402 id
1092 2347 1182 2425 ipsum
1200 2368 1272 2424 repo,

826 2430 928 2500 sisela
952 2433 1142 2510 inscriptorum
1159 2437 1273 2491 auctori·

826 2528 882 2575 tate
899 2518 926 2577 h.
945 2517 964 2577 l.
987 2520 1066 2577 uobis
1089 2521 1215 2579 eundum
1232 2543 1272 2578 es·

826 2615 877 2674 set,
885 2625 977 2663 veram
986 2609 1144 2687 scripturam
1154 2612 1273 2688 reiigio-

826 2693 875 2751 uis
901 2712 961 2749 esse
982 2696 1145 2772 persuadere
1169 2708 1271 2774 posset.

825 2778 890 2837 bine
920 2772 1000 2839 etiam
1030 2783 1129 2843 lactum
1157 2783 1272 2853 ridetur,

784 2922 789 2934 ,
825 2887 887 2926 aum
916 2871 1072 2942 religiones
1103 2871 1273 2948 probandum

824 2973 880 3011 non
898 2966 979 3024 esset,
998 2967 1026 3015 ut
1044 2960 1073 3014 in
1090 2956 1118 3015 Μ
1135 2968 1162 3013 et
1175 2957 1272 3016 Gelani

825 3040 920 3097 codice
938 3045 1082 3123 reiigione
1095 3045 1271 3106 scriberetur.

772 3124 800 3189 2.
827 3129 939 3185 dilectu
964 3133 1088 3190 acerba:
1109 3131 1138 3194 Μ
1164 3152 1200 3193 m.
1227 3135 1270 3205 3.]

826 3213 1000 3278 delectaret.
1024 3251 1058 3262 -
1088 3219 1118 3279 Μ
1134 3243 1169 3281 rn.
1189 3222 1214 3280 1.
1232 3219 1272 3276 P:

824 3301 924 3360 dilectu
933 3325 1040 3367 aceruo.
1053 3307 1154 3367 -ΡΜι
1167 3310 1270 3378 „omni-

823 3390 875 3448 bus
893 3393 922 3448 in
943 3413 1004 3450 eam
1021 3403 1058 3457 rr.
1073 3396 1116 3471 pl.
1139 3397 1270 3453 coortis“.

822 3475 863 3534 ill:
882 3478 1012 3540 cadomis.

769 3565 797 3626 s.
825 3565 860 3642 a.
878 3552 1010 3627 Seruilio
1033 3569 1135 3629 Aaou
1158 3570 1198 3641 a.
1215 3570 1270 3627 aa·

822 3655 908 3713 auria
932 3659 1119 3716 consulibus:
1136 3657 1167 3715 Μ
1186 3677 1222 3716 m.
1244 3659 1269 3715 2

822 3741 854 3802 P.
873 3773 904 3786 -
931 3742 959 3800 Μ
976 3747 1069 3804 m.1.:
1089 3744 1270 3824 queseruilio

823 3838 875 3891 cet.
911 3828 955 3890 Cf.
972 3834 999 3899 6,
1017 3834 1056 3890 6.:
1080 3844 1131 3901 „te
1153 3832 1188 3906 Q.
1207 3832 1270 3887 Ser·

821 3917 905 3978 uili“.
922 3947 958 3962 -·
981 3918 1044 3975 Plil:
1063 3941 1087 3980 a.
1103 3925 1138 3980 ιῐι.
1156 3939 1270 3997 pompo-

821 4006 877 4065 nio.
894 4015 928 4064 tr.
947 4004 983 4081 pl.

768 4092 795 4153 7.
822 4093 968 4153 acerbitas
981 4095 1011 4151 ia
1024 4093 1151 4154 dilectu:
1163 4092 1219 4153 ΡΜ.
1233 4124 1266 4134 -
