2618 4590
129 198 296 335 ,Νι

152 399 286 475 librarii
311 396 356 472 ab
382 391 582 469 duodecimi
607 390 689 466 inde
715 391 826 468 seculi
850 393 919 466 buc
944 392 981 465 in
1006 388 1249 465 describendis

118 544 122 573 ¹
156 519 312 622 antiquis
337 515 594 616 exemplaribus
611 516 744 623 versati
767 514 849 603 sint,
874 539 1046 587 summam
1064 511 1121 585 rel
1138 536 1250 612 prope

156 624 262 717 uriam
286 641 399 741 legem
424 663 506 713 esse
521 637 683 711 codicum
701 635 1035 736 manuscriptorum
1061 633 1144 707 illud
1163 643 1252 706 tcm-

158 789 226 867 pns
249 760 585 864 transgredientium
609 783 823 832 consensum
852 758 1169 856 auctoritatemque
1192 753 1250 828 rix

160 887 348 987 quisquam
377 893 500 958 nostra
533 890 665 968 aetate,
695 906 800 980 quam
824 881 981 954 criticam
1012 903 1098 979 prae
1123 873 1252 950 ceteris

157 1005 311 1084 habitam
335 1005 456 1094 velint,
480 1001 670 1103 negaverit

254 1126 378 1204 Altera
401 1135 520 1199 tamen
545 1133 582 1197 et
606 1123 786 1222 aliquanto
812 1123 950 1225 gravior
979 1119 1141 1222 quaestio
1166 1115 1254 1190 haec

159 1259 228 1338 est,
250 1272 336 1322 num
360 1246 398 1320 in
422 1244 601 1320 codicibus
626 1243 824 1346 deligendis
841 1271 915 1318 non
942 1253 1014 1318 tam
1039 1242 1086 1316 de
1104 1239 1255 1338 antiqui·

160 1379 235 1444 tate
268 1392 390 1443 eornm
425 1394 530 1468 quam
554 1368 616 1468 qui
644 1367 739 1442 iuter
765 1369 930 1467 antiquos
961 1366 1072 1442 libros
1102 1362 1173 1438 lide
1205 1359 1257 1433 di-

93 1529 99 1539 *
161 1491 304 1594 gniores
330 1499 470 1580 esseut,
500 1490 537 1563 iu
568 1514 688 1563 errore
710 1488 867 1590 quodam
897 1487 1031 1566 versati
1060 1488 1189 1573 simus,
1218 1491 1259 1555 ut

160 1639 330 1723 perversa
361 1612 527 1714 opinione
559 1639 578 1686 a
606 1637 693 1689 vero
722 1613 927 1687 aberrantes
958 1611 1169 1711 integriores
1200 1602 1260 1677 ali-

162 1760 255 1835 quos
280 1734 389 1813 libros
415 1734 561 1810 minoris
587 1761 693 1834 quam
717 1733 851 1810 iustum
876 1743 975 1808 esset
998 1731 1105 1833 pretii
1128 1726 1260 1803 iudica-

161 1874 298 1933 remus:
324 1855 453 1931 deinde
474 1858 583 1932 'etiam
608 1883 703 1947 num,
728 1857 760 1933 si
777 1856 823 1931 dc
840 1855 1097 1956 antiquissimis
1117 1851 1261 1950 fideque

110 1977 112 1981 ’
162 1975 379 2078 dignissimis
403 1977 503 2055 libris
529 1978 810 2055 dissentiendum
834 1999 908 2055 nou
933 1986 1041 2066 esset,
1063 1998 1206 2058 numne,
1231 1972 1264 2044 si

163 2125 232 2198 qna
256 2099 589 2201 ‘diversascriptura
615 2102 649 2173 iu
668 2101 725 2175 his
744 2102 834 2203 ipsis
853 2096 1263 2178 codicibus'traderetur,

51 2306 56 2311 ‚
164 2221 292 2320 quovis
322 2221 402 2295 loco
433 2222 468 2295 id
501 2223 812 2323 exquisiverimus‚
843 2218 943 2323 quod
975 2246 1018 2293 ex
1048 2218 1168 2292 multis
1193 2215 1264 2289 illis

163 2344 374 2442 praeceptis,
402 2345 529 2443 quibus
544 2345 705 2420 homines
730 2344 828 2419 docti
851 2346 889 2417 iu
908 2343 1039 2417 criticis
1056 2340 1163 2415 rebus
1181 2362 1264 2412 vera

58 2509 61 2513 =
164 2476 184 2539 a
208 2460 306 2538 falsis
332 2462 535 2540 discernere
560 2478 674 2568 atque·
691 2465 914 2568 ¹distinguere
933 2454 1099 2553 solerdnt,
1123 2456 1266 2537 verissi-

83 2654 97 2663 ..
163 2608 260 2656 mum
285 2594 352 2681 ant.
363 2587 440 2661 veri
456 2582 671 2662 simillimum
689 2588 813 2662 haberi
829 2599 1022 2690 oporteret.
1053 2582 1162 2660 multa
1179 2603 1266 2655 sane

165 2708 249 2781 sunt
272 2728 365 2806 qnae
390 2698 436 2781 de
449 2708 518 2789 ¹his
543 2711 651 2785 rebus
677 2706 714 2784 in
729 2719 1074 2815 utramquepartem
1090 2701 1160 2781 dici
1183 2727 1266 2804 pos-

164 2823 247 2917 sint,
265 2849 332 2902 nec
345 2824 469 2904 dubito
483 2831 582 2932 quim
600 2830 697 2934 quod
710 2832 755 2907 ad
769 2832 914 2907 alteram
927 2858 1003 2907 rem
1015 2827 1152 2919 attinet,
1171 2822 1266 2898 haud

50 3006 57 3031 ,
164 2940 269 3046 pauci
282 2943 354 3023 loci
367 2943 407 3022 in
418 2951 474 3025 bis
492 2949 592 3028 libris
603 2955 839 3045 inveniantur,
865 2956 996 3056 quibus
1013 2952 1072 3029 alii
1084 2951 1168 3025 alias
1182 2947 1268 3022 scri-

164 3077 289 3165 pturas
315 3067 491 3169 praelatas
516 3073 714 3165 maluerint
740 3102 820 3152 cum
835 3078 933 3151 euim
947 3102 992 3150 ue
1009 3074 1048 3149 id
1062 3071 1206 3174 quidem
1219 3068 1269 3140 sa-

94 3188 97 3194 ’
166 3185 233 3261 cile
258 3188 322 3279 sit,
354 3190 392 3264 in
423 3195 504 3270 suis.
530 3223 711 3298 quemque
739 3199 847 3276 rebus
877 3224 984 3272 unam
1015 3218 1157 3293 semper
1187 3213 1268 3262 ean-

166 3306 321 3413 demque
345 3314 519 3390 ratiouem
545 3325 665 3420 sequi,
691 3332 826 3422 qnanto
851 3317 1028 3393 difficilius
1054 3322 1196 3415 oportet
1219 3310 1270 3383 ri·

167 3427 310 3522 deatur,
342 3434 381 3507 iu
412 3434 600 3515 interiores
632 3441 780 3518 aliorum
813 3443 1027 3543 scriptorum
1057 3434 1270 3533 abditosque

48 3607 54 3617 .
166 3574 296 3626 seusus
321 3553 598 3658 itapenctrare,
629 3573 671 3638 ut
693 3562 781 3639 nibil
805 3565 949 3639 omnino
975 3585 1019 3636 ex
1049 3583 1171 3633 eorum
1197 3564 1271 3628 stu-

166 3669 397 3751 ditsanimos
423 3664 566 3757 nostros
591 3683 714 3786 fugere
725 3684 893 3788 potuisse
909 3706 1119 3784 persuasum
1144 3677 1271 3750 habea·-

166 3800 492 3896 mus‚'praesertim
509 3831 589 3879 eum
606 3813 665 3882 tot
688 3806 823 3909 ubique
847 3832 906 3882 res
931 3803 1168 3890 inveniantur,
1193 3797 1269 3897 qui·

166 3910 235 3989 bus
259 3917 320 3994 rix
342 3920 406 3996 liat
430 3933 470 3998 ut
493 3951 565 4000 non
592 3924 686 4003 aliud
712 3929 791 4005 aliis
807 3956 872 4030 pro
892 3953 1018 4028 magua
1035 3922 1094 3998 illa
1111 3918 1268 4021 ingenio-

165 4054 244 4110 lum
269 4038 557 4133 dissimilitudine
582 4049 806 4152 probandum
829 4053 1001 4131 rideatur.
1037 4035 1265 4140 nequeenim

1045 4248 1053 4285 ‚
1131 4253 1137 4261 ,
