2618 4590
510 272 525 288 ⁹
539 276 647 337 trouu
662 277 709 339 vt
1122 267 1168 337 53

68 451 201 531 tamque
223 441 381 510 vestibulo
397 437 531 507 carceris
545 450 701 508 maestam
713 438 849 508 turbam.
887 438 1165 529 dictatordeVul-

66 546 134 613 seis
154 546 363 636 triumphavit
383 543 580 633 invidiaeque
602 545 702 635 magis
723 543 902 636 triumphus
929 547 1166 640 quamgloriae

65 648 144 717 luit:
183 650 301 740 quippe
325 648 411 716 domi
431 672 497 715 non
517 648 645 715 militiae
667 659 794 738 parturn
817 673 907 733 eum,
932 664 1100 743 actumque
1123 651 1164 717 de

65 754 146 821 civo
162 778 229 821 non
251 755 290 822 de
311 754 403 822 hoste
424 752 616 835 fremebant:
638 776 740 819 unum
754 754 892 825 defuisse
912 765 1036 825 tantum
1057 778 1164 846 super·

64 859 156 942 biae,
185 860 272 949 quod
298 882 363 926 non
384 857 430 925 Μ.
451 857 589 924 Manlius
617 868 690 924 ante
711 882 839 925 currunt
861 859 903 927 sit
930 860 1054 925 duetus,
1089 858 1200 925 iam-5

66 988 135 1052 que
157 963 241 1029 haud
262 963 374 1053 procul
396 962 551 1029 seditione
571 984 623 1028 res
646 974 727 1030 erat:
762 958 852 1033 errius
878 962 1046 1033 leniendae
1073 984 1170 1029 causa

61 1068 248 1157 postulante
270 1067 359 1134 nullo
388 1066 518 1156 largitor
538 1066 734 1134 voluntarius
756 1077 887 1157 repente
912 1058 1043 1137 senatis
1066 1065 1170 1133 lactus

63 1170 226 1237 Satricum
254 1171 413 1239 coloniam
440 1173 505 1238 duo
537 1170 625 1238 milia
659 1171 776 1241 civium
802 1172 1022 1245 Romanonun
1055 1166 1171 1237 deduci

62 1274 166 1342 iussit.
203 1275 277 1341 bina
304 1276 413 1365 iugera
441 1286 475 1343 et
501 1275 649 1342 semisses
677 1276 743 1366 agri
770 1277 932 1367 adsignati.
968 1277 1058 1366 quod
1091 1297 1168 1340 cunr

63 1389 100 1444 et
120 1402 257 1469 parvum
279 1391 312 1447 et
332 1380 443 1471 paucis
465 1379 574 1446 datum
596 1391 630 1447 et
650 1381 833 1448 mercedem
854 1406 925 1449 esse
947 1378 1103 1470 prodendi
1117 1376 1163 1443 Μ.
1178 1388 1214 1443 to

60 1480 166 1554 Manli
185 1484 473 1577 interpretarentur,
495 1485 636 1554 remedio
652 1484 796 1553 inritatur
809 1486 937 1554 seditio:
961 1497 994 1553 et
1014 1486 1078 1551 iarn
1100 1507 1165 1549 rna-

60 1587 262 1678 gisinsignis
283 1599 316 1655 et
337 1587 483 1654 sordibus
505 1599 538 1654 et
559 1587 639 1655 faeie
654 1614 784 1658 reorum
806 1591 896 1658 turba
911 1589 1071 1656 Manliana
1087 1600 1165 1671 erat,

61 1702 257 1781 amotusque
278 1702 354 1781 post
373 1690 569 1780 triumphum
592 1692 790 1763 abdicatione
812 1696 984 1763 <neutrae
1009 1705 1110 1761 terror
1132 1704 1165 1759 et

26 1842 39 1893 '.
60 1796 208 1889 linguam
229 1806 263 1862 et
284 1794 406 1861 arrimos
427 1794 616 1865 liberaverat
637 1797 820 1877 hommum„

137 2034 223 2075 vera:
236 2056 254 2084 ‚‚
263 2015 483 2093 obuersatamque
495 2016 526 2072 r¹n
537 2034 584 2074 ue-

134 2102 236 2166 stibulo
254 2105 399 2165 carceris“.
415 2100 476 2161 Hoc
492 2112 583 2161 tumen
601 2090 612 2107 ⁸

134 2188 196 2244 loco
220 2188 442 2269 inprobandum
466 2210 521 2250 non
542 2194 581 2250 vi·

114 2274 224 2339 detur:
246 2297 309 2333 nam
326 2280 377 2346 33,
396 2280 439 2337 47.
458 2279 579 2348 „obver-

133 2372 208 2419 satus
230 2383 262 2419 eo
286 2365 331 2422 die
352 2367 381 2423 iu
404 2365 487 2422 loro“
505 2366 579 2423 aliis·

87 2497 90 2500 .
133 2470 185 2527 que
196 2449 266 2527 logis
277 2451 446 2517 homiuibus
457 2453 579 2531 suppleri

132 2537 221 2605 debet,

80 2622 106 2684 1.
131 2624 260 2683 dictator
276 2628 315 2688 de
333 2627 456 2689 Volscio
476 2629 578 2686 trium-

129 2710 252 2787 phauit:
270 2712 297 2768 Μ
314 2735 350 2773 m.
369 2717 395 2773 2.
412 2714 443 2775 P.
455 2748 490 2757 -
501 2715 530 2773 Μ
540 2737 578 2776 ιιι.

132 2799 172 2859 1-z.
190 2799 223 2856 de
241 2799 335 2858 uulsis.
346 2832 381 2841 —
398 2800 580 2877 Invidiaeque

131 2887 255 2954 „alrer“:
278 2886 312 2945 cl.
330 2888 421 2963 6,d.:
443 2887 579 2965 laborque

131 2976 284 3036 continuus.

80 3058 107 3120 1.
133 3081 224 3118 uuum
242 3061 379 3139 defuisse
396 3069 512 3120 tautum
527 3079 577 3118 ou-

127 3149 262 3223 perbr'ae:
271 3148 327 3208 Ptt.
341 3183 375 3193 -
387 3147 468 3207 Rece.
482 3146 575 3207 codd:

130 3254 215 3291 unum
231 3246 335 3295 tantum
346 3236 465 3294 defuisse
478 3244 529 3296 eet.
540 3266 576 3276 -

129 3318 173 3376 lll:
192 3328 226 3379 ιῖι.
244 3323 358 3386 mallius.

75 3405 102 3467 6.
130 3406 249 3480 iamque
272 3409 356 3467 haud
374 3411 482 3486 procul
497 3410 576 3466 oedi-

129 3494 211 3551 tioue
222 3512 272 3550 reo
284 3507 362 3553 erat:
380 3497 437 3557 ΡΜ.
447 3530 481 3540 -
493 3495 578 3562 Reae«

130 3578 227 3639 codd:
248 3599 268 3634 α
284 3582 425 3641 seditione.
505 3624 512 3633 -

75 3670 103 3730 8.
129 3666 281 3726 Satricum
293 3670 439 3726 coloniam
449 3673 509 3728 duo
523 3672 576 3727 mi«

127 3756 172 3816 liu
185 3757 301 3816 ciuium.
312 3775 337 3815 r.
350 3757 459 3814 deduci
469 3760 573 3814 iussit.-

128 3842 186 3902 ΡΜ.
209 3873 244 3883 -—
266 3843 293 3899 Μ
311 3864 346 3903 m.
370 3847 410 3904 3.:
435 3844 573 3903 sutricum.

128 3928 210 3989 Rece.
222 3930 315 3990 codd:
326 3930 469 3990 Sutrium.
486 3931 522 3987 Et
531 3933 573 3988 sie

127 4015 197 4075 Vetl.
208 4017 312 4077 Patere.
330 4021 356 4088 2,
370 4021 413 4076 tt.
425 4020 450 4079 2.
461 4051 495 4067 η-
507 4017 556 4075 ΡΜ
563 4038 572 4079 :

80 4143 83 4149 ·
128 4105 574 4189 tiaaugaauaaumagu

724 2022 886 2103 adsignati.
903 2019 983 2090 Cl.6,
994 2020 1036 2076 2:
1054 2032 1166 2095 praepo·

723 2110 806 2168 situs.

652 2195 695 2254 10.
719 2195 873 2270 prodendi
887 2193 929 2254 M.
949 2191 1059 2250 Manli:
1082 2186 1110 2244 Μ
1130 2206 1167 2246 m.
1237 2244 1242 2251 ,
1294 2192 1302 2203 ’

721 2284 746 2342 1.
765 2280 796 2341 Ρ.
815 2313 849 2324 -
866 2280 895 2338 Μ
911 2303 947 2339 m.
965 2282 1004 2339 2:
1021 2273 1123 2335 dlunlii.

650 2370 693 2429 11.
719 2378 751 2426 et
775 2371 836 2425 ium
861 2369 960 2447 magis
984 2364 1114 2445 insignio
1135 2371 1167 2419 et

718 2457 860 2515 sordibus
883 2456 916 2512 cl
931 2452 1019 2527 facie
1045 2468 1166 2507 reorum

718 2546 821 2601 turdo:
835 2542 867 2602 P.
878 2573 915 2586 -
925 2540 967 2599 ll:
978 2540 1092 2614 insignis
1104 2535 1164 2609 sor}

718 2630 808 2690 dibus.
829 2660 864 2670 -
885 2628 909 2685 P
927 2649 962 2687 m.
981 2630 1006 2686 1.
1022 2626 1050 2684 Μ
1067 2627 1165 2683 m.1.:

718 2717 797 2772 turba
814 2716 929 2775 maliana
946 2725 1012 2773 erat.
1029 2712 1053 2769 P
1069 2731 1105 2770 m.
1124 2713 1166 2768 2:

718 2800 860 2861 Manliana.
885 2832 920 2844 -
941 2800 1165 2865 Leid.1.:‚‚tur·

719 2888 782 2944 bam
800 2887 884 2945 aliena
900 2892 988 2943 erat“.
1007 2895 1035 2939 ot
1047 2885 1087 2938 sio
1099 2883 1164 2939 scri·

719 2984 796 3052 ptum
814 2981 856 3029 est
872 2992 908 3030 m.
926 2974 951 3028 ⁸2.
969 2972 1001 3026 io
1016 2967 1091 3031 Harl.
1102 2988 1164 3028 1.-

718 3063 752 3120 P:
770 3070 921 3138 motusque·

648 3153 692 3212 13.
718 3159 748 3208 ot
764 3151 903 3229 linguam
917 3155 947 3205 ct
959 3147 1077 3203 animos
1093 3144 1162 3202 lite-

716 3247 842 3296 rauerut
863 3237 1028 3292 hordeum:
1047 3231 1104 3290 ΡΜ.
1127 3263 1162 3274 -

715 3322 794 3383 Laid.
806 3341 840 3380 1.:
859 3330 911 3390 „et
927 3320 1044 3393 linguam
1062 3327 1089 3372 et
1106 3319 1162 3381 ani-

715 3430 776 3468 mos
793 3411 895 3485 itaque
904 3408 1066 3462 liberauerat
1076 3404 1162 3461 homi·

652 3564 654 3568 ¹
715 3500 817 3558 nnm“.
830 3495 861 3551 Io
873 3493 1010 3571 plerisque
1018 3511 1088 3557 rece,
1100 3494 1160 3555 ἰνᾱ-

717 3605 775 3663 que
798 3584 878 3641 etiam
903 3601 953 3658 pro
975 3583 1076 3658 itaque
1093 3582 1160 3636 seri·

715 3683 802 3748 ptum,
814 3669 864 3725 sed
876 3670 904 3726 in
916 3668 959 3725 lais
969 3669 1094 3727 omnibus
1105 3669 1160 3722 itu-

651 3808 654 3813 .
716 3778 783 3835 que,
801 3757 874 3833 quod
888 3756 1160 3834 postoudieboutur

714 3846 793 3923 sequi
811 3844 938 3913 debebat,
963 3847 1091 3901 omissum
1108 3851 1158 3900 est.

714 3964 749 3975 -
767 3932 816 3988 ΡΜ
832 3930 905 3991 Harl.
917 3951 937 3992 1..
947 3930 1024 3991 Leid.
1037 3951 1069 3988 1.:
1089 3948 1158 3985 sem·

712 4040 763 4101 per
795 4021 824 4077 in
853 4020 1029 4097 praecipitem
1057 4016 1157 4074 locum.

712 4107 749 4167 P:
765 4108 937 4186 prucipitem„
949 4105 1030 4165 Rrec.
1047 4102 1157 4181 quidam
