2618 4590
152 238 220 312 340
268 246 274 271 ⁸
605 248 715 313 umus
731 248 803 314 vm

59 432 63 439 '
154 439 214 511 per
236 417 383 511 quurmm
405 415 537 488 demum
557 415 749 505 interregem
763 411 810 482 Μ.
825 411 989 484 Valerium
1002 409 1149 480 corvum
1164 411 1261 478 creati

155 523 306 591 consules
327 522 366 590 A.
390 518 558 587 Cornelius
578 519 695 586 iterum
723 528 756 586 et
784 517 843 585 Cn.
871 517 1044 584 Domitius.
1080 515 1260 606 tranquillis

156 626 253 695 rebus
274 626 358 692 fama
382 623 496 691 Gallici
515 623 594 691 belli
621 643 681 714 pro
708 623 849 691 tumultu
875 623 976 690 valuit
1004 633 1042 689 ut
1069 633 1103 689 et
1131 621 1261 688 dictato

131 755 226 806 rem
248 729 309 796 dici
336 728 493 820 placeret.
530 729 633 795 dictus
655 726 701 794 Μ.
723 728 866 819 Papirius
889 727 1023 795 Crassus
1053 738 1086 794 et
1111 722 1262 816 magister

104 823 360 926 tequitumP.
383 832 530 904 Valerius
551 831 732 913 Publicola.
770 833 926 924 aquibus
954 856 1029 899 cum
1057 829 1229 897 dilectus
1220 853 1262 894 ιιι·

115 939 275 1031 tentius
298 962 397 1029 quam
419 939 572 1006 adversus
600 937 732 1004 finitima
758 936 845 1005 bella
872 936 1055 1019 haberetur,
1082 935 1263 1025 explorato

158 1062 210 1112 res
237 1042 328 1110 missi
354 1042 530 1110 attulerunt
556 1043 663 1132 quieta
691 1036 797 1111 omriia
826 1041 911 1130 apud
938 1039 1047 1107 Gallos
1080 1060 1164 1106 esse.
1211 1037 1265 1103 Sa-

90 1192 97 1199 ·
158 1147 283 1215 mnium
303 1166 437 1237 quoque
458 1147 523 1214 iam
549 1147 687 1225 alterum
709 1170 829 1213 annum
855 1145 974 1213 turbari
1004 1143 1096 1212 novis
1117 1142 1263 1211 eonsiliis

159 1263 346 1342 suspectum
367 1261 444 1334 erat,
468 1275 508 1319 eo
528 1276 571 1319 ex
593 1276 668 1343 agro
684 1251 824 1318 Sidicino
841 1249 998 1318 exercitus
1012 1249 1180 1318 Romanus
1199 1270 1264 1314 non

112 1366 150 1424 10
162 1357 329 1423 deductus.
367 1365 510 1423 cetemm
531 1357 692 1424 Samnites
715 1356 837 1423 bellum
859 1353 1031 1423 Alexandri
1047 1351 1211 1443 Epirensis
1233 1352 1265 1417 in

143 1459 310 1528 -Lucanos
331 1461 436 1545 traxit,
459 1460 514 1553 qui
535 1463 601 1529 duo
623 1460 736 1552 populi
751 1461 904 1530 adversus
918 1483 1027 1550 regem
1044 1456 1268 1525 escensionem

196 1670 199 1677 ·
234 1645 303 1703 inito
333 1664 384 1724 per
413 1645 535 1724 quintum
572 1645 680 1704 demum

149 1786 169 1809 A
223 1751 341 1807 ,erogem
359 1739 393 1790 ria
416 1733 546 1792 ualerium
567 1753 680 1807 coruum

184 1896 192 1909 x
233 1827 283 1879 cet.
313 1835 349 1878 m.
368 1819 408 1878 Ἅι
426 1840 476 1898 per
494 1823 616 1899 quintum
634 1820 680 1877 de-

231 1924 306 1962 mam
325 1908 493 1981 interregem.

183 1993 207 2047 1.
235 1994 329 2048 creati
345 1994 403 2052 cia.
417 1994 611 2052 incarnaliter
630 1994 680 2051 ite·

233 2098 301 2136 rum
319 2087 349 2135 et
365 2089 410 2139 cri.
423 2081 582 2139 damietam:
600 2082 635 2141 nl.
646 2113 680 2122 -

234 2163 258 2223 P
280 2165 357 2225 Laid.
375 2186 408 2225 a:
432 2170 515 2226 creati
536 2171 599 2228 cori.
623 2187 681 2224 cor·

201 2320 204 2325 Ι
234 2250 322 2308 aelius
341 2255 438 2310 iturum
450 2264 478 2309 et
490 2266 531 2314 cn.
545 2256 683 2315 domitius.

235 2367 271 2382 -
300 2339 336 2393 Et
361 2342 391 2396 iu
413 2338 528 2400 Harl-1.
555 2340 635 2400 Voss.
654 2361 682 2401 11.

235 2423 382 2500 multisque
404 2424 465 2482 aliis
488 2429 618 2504 scriptum
641 2439 683 2485 est

238 2511 275 2567 Α.
288 2511 455 2572 Cornelius.
467 2546 501 2556 -
511 2513 627 2575 Diodor.
639 2519 683 2586 17,

237 2598 295 2655 (12.3
312 2595 398 2664 Γάϊος
415 2591 545 2671 naalma
561 2600 615 2662 real
625 2589 684 2662 AG·

238 2693 289 2750 λιος
305 2685 469 2760 Κορνήλιος.
498 2689 570 2747 idem
589 2691 683 2748 Gaius

175 2813 177 2818 .
239 2770 268 2826 iu
286 2771 378 2830 multis
393 2793 463 2833 rece.
475 2775 553 2835 libris
564 2780 624 2836 aine
636 2779 683 2836 du·

237 2858 284 2915 bio
320 2880 354 2918 ox
393 2863 581 2922 emendatione
619 2857 683 2924 scri·

237 2953 313 3020 ptum
331 2957 380 3007 est.

117 3011 121 3025 x
185 3030 212 3087 3.
239 3039 273 3086 ut
294 3040 324 3088 et
346 3035 519 3092 dictatorem
542 3039 603 3094 dict
618 3042 684 3112 plo·

239 3126 333 3172 cerat.-
350 3118 377 3172 Μ
394 3117 462 3177 Lov.
481 3125 523 3192 4.]
546 3133 576 3177 ut
599 3124 684 3181 dicta-

238 3211 326 3259 torem
343 3201 399 3258 dici
415 3203 542 3282 placeret.
561 3236 595 3247 -—
614 3207 685 3266 Cum

240 3290 330 3345 omnia
355 3291 499 3368 tranquilla
522 3293 686 3363 viderentur,

240 3373 310 3431 lama
320 3370 385 3433 belli
395 3377 491 3435 Gallici
501 3389 575 3437 tanto
583 3368 685 3458 pavore

241 3463 345 3518 mimos
372 3468 500 3522 exterruit
525 3477 573 3537 ut,
608 3467 686 3544 quasi
720 3464 727 3470 ”

240 3545 332 3604 hostes
350 3549 384 3604 ad
397 3555 613 3622 moeniaessent,
630 3554 684 3610 nisi

241 3629 374 3691 dictatore
385 3637 459 3696 dicto
471 3644 533 3700 sisti
541 3660 596 3699 uon
604 3659 686 3719 possa

241 3716 389 3781 crederent.

189 3802 216 3865 4.
241 3803 339 3863 dictus
365 3809 406 3869 M
430 3812 572 3890 Papirius
598 3815 685 3870 Celsa·

241 3912 295 3951 sus
308 3902 339 3950 et
348 3900 428 3986 maig.
440 3904 570 3975 equitem
579 3899 613 3957 P.
623 3899 658 3959 V
653 3919 685 3954 a·

200 3990 203 3995 ·
241 3979 336 4038 leriae
351 3981 521 4044 Publicola:
537 3986 572 4046 ll.
591 4018 625 4031 ·-
647 3983 683 4040 P:

241 4061 330 4124 dictus
353 4067 389 4127 Μ.
412 4071 544 4149 Papyrias
569 4071 684 4128 Crassus

821 1656 872 1706 eet
896 1677 930 1688 -
955 1642 1018 1702 PM:
1045 1644 1183 1722 aquibus
1206 1658 1267 1701 cum

821 1733 936 1793 dilectus
960 1733 1090 1790 intentius
1117 1752 1198 1808 quam
1222 1729 1267 1785 atl-

821 1840 916 1879 uersus
933 1819 1046 1876 finitima
1063 1815 1134 1875 bella
1157 1817 1267 1874 habere·

820 1911 866 1964 tur
883 1918 934 1966 cet.
953 1939 987 1949 -
1006 1905 1048 1963 Μι
1069 1907 1161 1983 quieta
1179 1904 1268 1962 omnia

822 1994 895 2073 apud
913 1992 1025 2069 gallolos
1041 1999 1082 2053 ὃὸ.

767 2086 796 2143 9.
824 2103 885 2138 nore
903 2083 1064 2140 deductus:
1087 2078 1137 2136 ΡΜ
1154 2077 1230 2136 Harl.
1249 2098 1266 2136 ι.

766 2212 770 2223 ,
823 2168 900 2225 Laid.
921 2189 939 2229 1.
962 2167 1012 2240 al}
1040 2186 1095 2222 non
1120 2175 1163 2223 eat
1186 2165 1269 2222 sledu-

822 2266 890 2314 ctus.
913 2286 949 2298 -·
971 2255 1011 2311 lli:
1035 2264 1153 2311 ceterum
1170 2255 1269 2310 samni-

822 2352 865 2400 oea
877 2342 977 2400 bellum
988 2341 1124 2398 alexandri
1137 2344 1270 2420 papirem·

823 2432 863 2487 ais
880 2433 910 2487 in
927 2428 1037 2486 lucanos
1055 2431 1145 2488 traxit

756 2519 798 2577 11.
825 2518 1039 2588 escensionem]
1058 2517 1288 2573 ascensionem.-

824 2634 860 2649 -·
877 2603 912 2660 P:
932 2604 1060 2660 aduersus
1078 2622 1167 2680 regem
1180 2624 1268 2660 escen·

824 2693 902 2748 sione
911 2713 925 2747 a
935 2700 1013 2769 posto
1023 2691 1172 2750 facientem.
1185 2713 1219 2748 m.
1230 2693 1268 2749 ‘la

826 2773 971 2857 <‚-‚ii'‚pesta“
980 2777 1268 2836 cumscribondu'mes·

770 2899 772 2903 ·
822 2869 1054 2924 setes'eensione.
1034 2863 1105 2921 ἰΜ
1098 2863 1271 2920 ·eacansiona

764 2950 770 2959 ’
824 2950 1223 3032 apresto(2710.)t⁴aeientem
1233 2951 1273 3006 Ee

825 3042 854 3096 in
869 3035 942 3099 Harl.
955 2994 1060 3098 rh'eid.
1068 3057 1086 3096 1.
1097 3039 1273 3093 escensione

825 3144 886 3181 esse
899 3126 1004 3186 dieitur.
1013 3159 1048 3171 -
1059 3124 1273 3182 Eseense'onem

824 3229 847 3267 ‘a
855 3207 965 3272 Paesto
968 3214 1133 3285 facientem
1145 3211 1272 3269 breviore

828 3299 936 3373 quidem
959 3316 1014 3358 non
1038 3292 1128 3358 autem
1154 3299 1271 3355 obscuro

828 3382 936 3443 dicendi
954 3407 1051 3462 genere
1069 3389 1201 3463 scriptum
1219 3397 1270 3442 est:

827 3476 1010 3530 escensionem
1022 3478 1094 3532 enim
1102 3493 1151 3530 rex
1161 3475 1197 3531 ad
1209 3475 1272 3530 Pae·

825 3570 897 3616 stum
915 3562 1015 3619 lecerat
1032 3572 1059 3618 et
1083 3583 1098 3617 ι
1116 3561 1215 3618 Paesto
1233 3564 1271 3618 in-

825 3644 978 3708 cursionem
1001 3649 1066 3704 lecit
1088 3651 1119 3704 in
1139 3647 1272 3706 Lucanos.

824 3730 895 3792 Hinc
907 3735 1006 3792 factum
1018 3744 1060 3791 est
1072 3745 1101 3792 ut
1114 3738 1143 3792 in
1152 3735 1233 3793 Voss.
1245 3755 1272 3793 ιι.

824 3819 970 3899 multisque
987 3843 1057 3882 recc.
1077 3822 1157 3882 codd.
1173 3823 1272 3878 scribe-

824 3918 899 3964 retur
925 3910 1076 3977 „aduersus
1103 3918 1196 3984 regern
1223 3930 1273 3967 ex-

823 3997 990 4052 cursionem
1013 3997 1144 4055 aPaesto
1172 3997 1272 4061 lacien-

823 4086 909 4138 tem“.
932 4114 965 4126 ··-
994 4081 1038 4142 Cf.
1055 4087 1100 4152 28,
1119 4087 1159 4143 Θ.ι
1179 4104 1271 4140 escen·
