2618 4590
155 243 222 314 tos
552 222 559 233 '
620 245 825 316 numm*
920 340 930 355 ,

159 446 268 491 curam
291 423 367 490 belli
388 423 592 506 remisissent,
613 420 686 512 quia
710 430 764 485 aut
786 442 899 509 pacem
921 440 997 485 vere
1016 416 1202 507 cupiebant
1217 427 1261 482 aut

160 528 349 619 expediebat
371 527 520 594 simulare
542 539 578 592 ut
591 524 780 591 Tarentinos
802 525 862 590 sibi
882 523 1100 604 conciliarent,
1124 545 1207 588 cum
1227 521 1261 585 iu

161 643 299 700 structos
320 642 451 722 repente
474 630 513 696 ad
536 654 675 720 pugnam
696 627 860 697 Romanos
886 628 1150 718 conspexissent,
1188 625 1262 692 voci·

161 737 253 805 rmri
282 759 317 802 se
346 737 379 802 in
407 735 593 802 auctoritate
615 733 860 800 Tarentinomm
888 757 1017 799 manere
1044 755 1112 798 nec
1140 731 1263 798 descen

130 843 237 910 tuere
259 843 291 908 in
314 842 416 909 aciem
438 864 499 906 nec
526 851 616 905 extra
638 839 758 905 vallum
787 862 874 905 anua
902 839 999 919 ferre,
1026 837 1196 926 deceptos
1219 859 1265 925 po

161 946 225 1015 lius
252 947 480 1037 quodcumque
507 967 600 1010 casus
629 944 710 1010 ferat
736 967 887 1033 passuros
914 967 1011 1034 quam
1038 950 1079 1007 ut
1109 941 1264 1030 sprevisse

162 1050 251 1142 pacis
274 1061 420 1116 auctores
433 1049 631 1115 Tarentinos·
643 1048 817 1115 videantur.
857 1048 1001 1136 accipere
1024 1069 1061 1110 se
1080 1070 1188 1112 omen
1203 1069 1265 1112 con

163 1155 251 1222 eules
274 1153 362 1219 aiunt
384 1164 417 1219 et
438 1176 511 1218 eam
532 1154 653 1242 precari
675 1165 816 1221 mentem
843 1153 987 1219 hostibus
1015 1162 1052 1218 ut
1082 1174 1127 1216 ne
1152 1150 1266 1216 vallum

107 1292 114 1319 s
165 1259 296 1351 quidem
312 1256 492 1323 defendant.
528 1256 588 1346 ipsi
610 1257 690 1324 inter
712 1282 746 1324 se
768 1258 888 1347 partitis
903 1257 1001 1346 copiis
1016 1253 1206 1322 succedunt
1220 1252 1268 1318 ho

119 1359 503 1443 10stipm3munimentis‚
530 1373 563 1428 et
584 1362 677 1427 simul
700 1362 840 1450 undique
863 1360 979 1442 adorti,
1009 1384 1089 1426 cum
1111 1383 1192 1450 pars
1213 1358 1266 1424 fos

165 1488 217 1532 sas
239 1465 406 1556 explerent
427 1489 500 1555 pars
523 1466 677 1533 vellerent
696 1465 816 1532 vallum
838 1477 934 1555 atquc
955 1464 988 1530 in
1011 1465 1120 1530 [ossas
1143 1485 1266 1554 prorue·

164 1581 318 1638 rentnec
339 1571 437 1637 virtus
459 1570 557 1638 modo
580 1571 671 1638 insita
693 1570 751 1636 sed
772 1570 818 1636 ira
840 1571 936 1637 etiam
955 1569 1164 1637 exulceratos
1187 1568 1265 1658 igno
1301 1558 1303 1569 ’

163 1672 260 1741 ninia
282 1672 459 1742 stimularet
481 1673 613 1758 animos,
636 1678 737 1741 castra
759 1675 912 1758 invasere,
935 1686 968 1741 et
989 1697 1047 1764 pro
1071 1697 1110 1740 se
1133 1673 1265 1764 quisque

169 1786 243 1862 non]
257 1766 339 1846 baec
362 1779 499 1846 furculas
521 1801 581 1845 nec
604 1779 761 1845 Caudium
782 1802 843 1846 nec
865 1779 964 1847 saltus
989 1779 1095 1847 invios
1122 1801 1197 1845 esse
1218 1774 1266 1842 ubi

121 1891 155 1947 15
167 1906 309 1963 errorem
329 1883 414 1949 fraus
429 1883 565 1973 superbe
581 1882 717 1966 vicisset,
739 1885 796 1952 sed
810 1885 989 1951 Romanam
1003 1883 1159 1961 virtutem
1174 1903 1267 1971 quam

167 2008 228 2052 nec
250 1986 371 2052 vallum
392 2011 452 2054 nec
475 1989 580 2055 fossae
602 2001 761 2071 arcerent,
789 2000 1005 2057 memorantes
1028 1989 1170 2056 caedunt
1191 1984 1264 2077 pari·

167 2099 215 2156 tar
237 2089 419 2158 resistentes
442 2092 595 2184 fusosque
617 2093 757 2161 inermes
781 2104 878 2184 atque
901 2102 1041 2160 armatos
1057 2113 1172 2159 servos
1195 2090 1263 2155 libe·

165 2211 219 2261 ros
248 2194 385 2283 puberes
413 2195 549 2286 inpubes
577 2198 723 2266 homines
752 2198 973 2289 iumentaque:
1005 2219 1067 2263 nec
1091 2197 1199 2262 ullum
1220 2217 1264 2259 su-

170 2380 173 2385 ·
235 2352 326 2424 potius
344 2351 592 2429 quodcumquecet.
610 2353 679 2414 Pm.
750 2357 794 2416 14.
820 2377 881 2413 non
892 2352 1264 2427 boecfureuleaneceau»

188 2456 209 2470 ·-
236 2437 261 2491 1.
287 2433 363 2493 Leid.
379 2455 399 2493 r.
422 2436 469 2494 al:
493 2440 680 2518 quodcumque
820 2445 905 2501 dium
939 2462 993 2499 neo
1032 2442 1134 2498 salicas
1169 2439 1264 2496 inuios

236 2539 314 2576 casus
325 2521 417 2580 luerat.
427 2551 461 2568 -
471 2523 537 2585 Lor.
547 2532 587 2585 l:
600 2549 680 2604 quam

236 2615 266 2661 at
292 2611 426 2683 spreuisse
453 2614 528 2688 pacis
557 2625 680 2671 auctores

235 2697 383 2752 tarentinos
400 2697 564 2761 uiderentur.

186 2780 213 2837 7.
232 2782 681 2855 σοιίρσνιειοηιεηιοᾶέ.αὶιιηέι

236 2863 266 2926 P.
280 2898 314 2909 ·-
324 2867 362 2926 ll:
376 2876 551 2950 „acciperent
562 2895 591 2930 aa
601 2897 679 2933 omen

236 2959 309 3025 caii.
332 2958 407 3013 aiunt
429 2971 456 3016 et
478 2981 536 3016 eam
559 2967 679 3039 praecari

237 3048 354 3098 mentem
390 3043 544 3104 bostibus“.
589 3059 617 3104 et
649 3053 678 3106 iu

236 3121 313 3186 Leid.
324 3146 342 3182 r.
355 3128 388 3187 al.
404 3135 601 3210 „acciperent“
613 3138 678 3191 acri·

235 3221 311 3286 ptum
341 3224 390 3274 est.
418 3245 451 3258 -—
478 3221 617 3294 Accipere
647 3245 681 3280 ae

233 3318 319 3357 omen
344 3304 418 3359 aiunt
441 3303 497 3375 illi,
520 3310 595 3384 quasi
619 3309 680 3367 fieri

236 3403 292 3442 non
309 3398 402 3464 posset
419 3393 485 3467 quin
507 3393 578 3449 aliud
596 3415 612 3452 a
630 3396 679 3452 Sa·

233 3474 363 3531 mnitibus
374 3476 507 3535 diceretur
524 3484 555 3537 aa*
566 3483 678 3538 sentire·

234 3565 287 3616 tur.
316 3581 396 3636 quem
413 3565 484 3620 enim
500 3567 534 3622 ab
553 3567 631 3627 hoste
647 3591 678 3627 se

233 3662 288 3700 nou
307 3646 495 3707 defensurum?

166 3727 208 3785 10.
235 3749 302 3787 eum
316 3753 391 3807 pera
401 3736 512 3807 fossos
524 3744 678 3816 explerent

231 3835 305 3890 para
329 3822 473 3880 uellerent
494 3829 607 3884 uallum
634 3839 677 3885 at·

231 3923 289 3978 que
306 3908 337 3963 ia
347 3912 460 3979 scaeua
483 3926 676 3986 proruerent:

229 3985 290 4047 Pu:
309 3995 363 4051 nial
380 3997 454 4072 quod
465 4001 494 4056 iu
506 3999 533 4058 ll
544 4003 675 4078 seriptum

227 4079 474 4148 annuamus
538 4147 541 4154 ¹
592 4125 595 4132 ,
717 4092 720 4099 “

821 2551 903 2588 erae:
928 2528 987 2588 ΡΜ.
1014 2557 1050 2572 -
1077 2526 1150 2587 cod.
1172 2522 1264 2582 Klocl.

820 2617 900 2677 Voss.
915 2637 942 2676 u.
962 2615 1011 2674 al.:
1032 2635 1089 2671 non
1114 2615 1163 2671 bie
1180 2613 1263 2670 surcu-

820 2704 861 2761 las
879 2715 930 2763 cet.
966 2702 1009 2763 Cf.
1028 2704 1062 2771 2,
1081 2704 1141 2762 38..
1169 2700 1263 2757 siluae

821 2791 952 2866 profectio
985 2799 1012 2846 et
1040 2810 1096 2847 non
1126 2788 1189 2865 luga
1218 2795 1263 2843 est.

821 2882 848 2946 3,
859 2881 903 2937 33.
921 2878 955 2962 3¹¹·
968 2877 1037 2933 -P
1054 2897 1090 2936 m.
1110 2880 1148 2935 l.:
1166 2875 1215 2932 ubi
1226 2894 1264 2930 er·

820 2984 909 3021 rorem
927 2965 999 3022 lraus
1010 2963 1133 3042 snperbia
1146 2964 1265 3022 uicisseb

820 3049 843 3106 P
861 3070 897 3109 m.
914 3055 941 3109 ἢ.
959 3051 998 3108 M:
1016 3049 1140 3128 superbe.

751 3140 794 3197 tu
817 3139 1092 3214 pubereaiupuber:
1110 3135 1187 3196 Μαι.
1198 3134 1262 3206 1.Ρ]

803 3276 806 3282 ⁴
820 3225 936 3301 puberes
953 3228 1114 3302 impuberes.
1131 3257 1168 3267 -
1185 3223 1214 3282 ll
1230 3244 1263 3280 m.

820 3315 859 3372 ‘la
878 3315 1001 3390 inpubes.
1019 3313 1062 3373 Cl.
1081 3316 1107 3383 2,
1127 3315 1184 3371 13.=
1202 3332 1263 3391 pro·

820 3400 910 3457 ductis
928 3404 1051 3458 omnibus
1063 3401 1177 3475 elegisse
1187 3402 1263 3475 inpu-

820 3487 869 3544 bes
887 3487 995 3544 dicitur.
1008 3519 1041 3530 -
1059 3487 1087 3544 ll
1103 3507 1141 3544 m.
1160 3491 1198 3547 1.:
1216 3507 1264 3543 neo

819 3573 902 3631 ullum
936 3576 1113 3654 superfuisset
1148 3577 1264 3634 animani

818 3663 942 3720 eonsules
960 3665 1078 3741 receptui
1092 3665 1200 3739 siguum
1218 3664 1260 3719 de·

819 3749 929 3808 dissent.
947 3770 982 3809 m.
1000 3753 1041 3809 Ἅι
1059 3752 1215 3811 animal.‘-
1228 3751 1260 3807 P:

817 3837 965 3914 auidosque
992 3838 1066 3894 cedia
1092 3839 1201 3898 milites.
1228 3869 1261 3880 -

816 3908 918 3979 Plllr‘e
936 3927 1039 3984 castris.
1070 3925 1150 3986 Voss.
1166 3947 1193 3986 u.
1211 3926 1259 3985 al:

816 4013 944 4069 acastris.
958 4012 1033 4073 Laid.
1043 4033 1060 4074 1.
1070 4024 1185 4093 utraque
1196 4017 1260 4070 acri-

776 4180 779 4185 Ι
815 4105 893 4171 ptura
915 4101 1069 4159 coniuncta:
1097 4123 1129 4159 ea
1156 4105 1260 4160 castris.
