2618 4590
130 242 198 315 tot
603 252 765 316 tucax.

134 422 222 501 iacto
245 440 328 511 opus
349 430 416 489 cst:
437 440 552 488 omnes
573 418 740 486 adfirmant
761 440 797 486 se
819 414 957 509 quidem
974 415 1097 484 omnia
1119 416 1223 483 factus

132 526 191 595 sed
212 524 348 593 militurn
370 524 475 593 iacere
497 523 636 606 animos,
664 534 732 591 tote
755 534 850 590 nocte
873 521 962 588 inter
984 521 1132 588 vulnera
1154 532 1223 612 etp

132 629 229 697 mitus
250 629 454 697 morientium
474 629 638 720 vigilatum
660 651 747 695 esse:
783 627 810 692 si
833 636 907 692 ante
937 625 1063 693 lucem
1094 624 1138 693 ad
1159 638 1223 692 castr

133 744 269 801 ventum
291 734 389 817 foret,
417 744 543 801 tantum
564 732 690 824 pavoris
713 732 809 799 inisse
836 739 874 795 ut
901 729 1061 797 relicturi
1085 730 1223 822 signabo

38 834 41 843 ¹
103 839 213 909 brint:
235 861 321 906 nune
342 840 467 929 pudore
489 863 508 904 a
530 837 605 928 iuga
628 835 797 917 contineri,
819 834 942 925 aiioqni
966 859 1037 926 pro
1064 837 1160 904 victis
1179 859 1223 903 ess

133 966 219 1035 qnae
247 943 304 1009 ubi
331 942 445 1010 consui
468 943 604 1032 accepit,
643 940 770 1008 sibimet
796 938 857 1029 ipsi
886 938 1157 1009 circumeundos
1178 941 1223 1007 adit

135 1047 348 1138 quandosque
370 1046 486 1113 milites
507 1059 604 1131 ratus,
625 1057 662 1112 ut
683 1047 725 1112 ad
739 1067 886 1136 quosque
900 1056 1052 1111 venerat
1076 1056 1223 1112 cunctante

133 1174 220 1217 arma
243 1175 367 1241 capere,
390 1150 582 1241 increpabat,
605 1148 682 1241 quid
705 1160 866 1218 cessarent
885 1148 1223 1240 tergiversarenturqu

133 1253 262 1323 bostem
283 1256 317 1323 in
339 1267 443 1323 castra
464 1266 634 1323 venturum
656 1255 716 1322 nisi
738 1254 783 1321 illi
804 1265 895 1321 extra
914 1265 1033 1320 castra
1054 1255 1223 1338 exissente

84 1374 122 1432 10
132 1383 192 1450 pro
214 1359 358 1426 tentoriis
381 1359 448 1427 suis
469 1370 665 1451 pugnaturos
688 1360 714 1426 si
736 1382 796 1451 pro
818 1358 905 1424 vallo
941 1358 1102 1426 nollentr
1138 1358 1223 1426 annii

29 1470 32 1475 '
131 1488 171 1531 ac
199 1463 422 1535 dimicantibus
449 1463 580 1531 dubiam
609 1463 775 1532 victoriam
804 1486 890 1547 esse,
927 1462 990 1553 qui
1023 1464 1144 1530 nudus
1167 1474 1222 1552 atqu

129 1566 260 1637 inermis
283 1567 414 1638 bostem
435 1579 564 1636 maneat
591 1568 621 1636 ei
648 1580 705 1637 aut
734 1580 872 1638 mortem
894 1579 956 1634 aut
985 1566 1222 1657 servitutemp

175 1868 180 1891 ι
203 1782 296 1846 lictori
318 1784 418 1845 inerint
439 1788 464 1845 si
483 1796 593 1845 ventum
610 1786 651 1845 io⁴

147 1962 174 2020 t.
202 1885 333 2037 bibilus
351 1960 379 2018 Μ
396 1982 433 2019 m.
454 1964 478 2022 i.
494 1956 517 2018 1¹
531 1958 652 2034 belin]

202 2046 331 2124 alioquin.
343 2083 377 2093 —
391 2048 418 2107 bl
431 2068 466 2107 m.
484 2051 528 2108 3.:
547 2046 653 2125 alioqui

202 2137 244 2205 (7,
264 2138 323 2206 19.)
341 2148 391 2212 pro
411 2139 489 2193 uictis
508 2154 576 2193 esse.
607 2133 651 2190 Cs.

201 2224 228 2289 8,
247 2222 272 2280 9.
291 2225 335 2292 30,
354 2227 397 2284 29.
416 2222 450 2283 al.
469 2255 503 2265 —
531 2222 567 2280 P:
585 2219 651 2278 aiio·

201 2312 292 2459 quip
314 2312 378 2366 uicti
402 2315 442 2368 set
466 2340 498 2351 -
523 2308 650 2368 Leid.1.r

202 2422 260 2479 „pu
283 2422 329 2458 ore
347 2422 384 2457 oc
401 2402 485 2477 iuga“
498 2425 534 2455 =
547 2404 599 2460 abt

148 2490 176 2546 6.
203 2509 282 2565 quae
300 2492 350 2546 ubi
367 2496 443 2546 cosi.
459 2493 571 2565 accepit
583 2491 651 2547 sits

202 2585 262 2633 met
280 2576 339 2651 ipsi
352 2579 579 2634 circumeundos
597 2577 651 2634 ada

202 2664 431 2742 loquendoque
459 2653 568 2722 milites
603 2682 651 2721 ναι

201 2758 266 2809 tus:
295 2750 352 2835 t’tl.
379 2781 413 2794 ·-
442 2749 513 2808 Cot.
543 2750 651 2812 Gtrtner

203 2837 389 2897 circueufiios.
411 2870 447 2882 -
473 2839 508 2895 P:
536 2840 589 2909 nisi
611 2838 651 2894 illi

202 2935 277 2983 extra
297 2935 383 2981 castro
397 2928 525 2984 exissent
542 2925 579 2982 bit
598 2923 652 2981 uisi

201 3006 243 3069 illi
256 3022 329 3068 extra
343 3022 427 3068 castra
442 3014 566 3069 existent.
585 3012 650 3071 Pali.

202 3100 227 3154 1.
240 3102 267 3156 3.
285 3096 364 3156 Voss.
374 3118 402 3158 ιι.
412 3098 459 3157 ab:
472 3100 500 3154 ni
511 3098 558 3158 ilii.
577 3087 650 3160 corb

202 3184 273 3260 sign
299 3188 353 3242 nisi
376 3188 442 3262 ipsi.
470 3184 579 3265 Portug.
598 3186 649 3247 ab:

200 3274 229 3329 ni
248 3274 310 3348 ipsis
419 3274 423 3281 '

130 3360 172 3418 10.
200 3360 325 3416 armatis
335 3375 371 3414 uc
380 3358 587 3417 dimicantibus
596 3360 648 3417 du³

198 3447 278 3502 biam
303 3448 459 3503 uictoriam
487 3466 568 3504 esse:
598 3445 648 3501 Pil

197 3532 376 3608 melioresque
396 3537 423 3588 ei
440 3531 506 3592 Poll.
524 3543 551 3588 et
563 3531 646 3592 Dr’aio

197 3619 277 3678 codd.
303 3623 357 3674 nisi
381 3620 455 3694 quod
478 3622 506 3675 in
529 3618 596 3679 Path
620 3629 647 3676 et

196 3704 275 3764 Voss.
293 3717 321 3764 11.
341 3706 442 3763 excidit
459 3720 503 3765 ac.
529 3705 647 3774 „Wenu

195 3792 236 3847 sie
255 3791 374 3860 sbcbtem
392 3813 424 3866 so
443 3795 483 3849 sei
500 3812 530 3848 es
543 3795 646 3868 wenig·

194 3888 269 3937 utens
283 3879 447 3937 zweifelbast
457 3881 491 3936 ob
502 3879 549 3936 der
559 3879 646 3937 Feind

193 3967 286 4041 siegen
303 3966 397 4024 werde
415 3974 464 4036 (so
483 3964 571 4021 bliebe
587 3981 645 4021 we*

193 4053 317 4127 nigstens
332 4052 378 4110 die
390 4051 564 4129 bioglicbiteit
581 4052 645 4108 dass

794 1786 863 1845 such
895 1788 938 1844 sie
972 1790 1081 1863 siegen
1121 1786 1220 1844 itinuten

792 1872 1222 1944 watrendder,welcherotnt

792 1958 903 2018 Waiien
914 1965 1112 2037 zu'ergreifen
1124 1961 1222 2020 denisii

794 2059 919 2117 erwarte,
945 2050 1108 2108 entweder
1123 2051 1182 2108 Tot
1196 2049 1220 2105 oi

792 2134 998 2193 Knecbtscbait
1015 2136 1131 2195 dulderr
1148 2144 1220 2195 misse

792 2212 856 2281 Non
865 2225 951 2298 tnagis
963 2221 1000 2282 C.
1013 2221 1157 2301 Sigonius
1166 2225 1183 2284 l.
1191 2223 1220 2280 Gt

793 2309 893 2365 bardus
907 2330 1008 2367 verum
1029 2312 1123 2370 buius
1141 2313 1220 2370 iocise

792 2413 852 2475 sum
879 2413 1097 2476 perspexerunt
1123 2420 1222 2479 quami

793 2486 910 2540 centium
924 2485 1064 2544 codicum
1081 2488 1196 2556 librarii,
1208 2508 1220 2563 q

776 2570 943 2657 ¹seriberent
961 2564 1090 2641 ‚4in
1102 2570 1222 2634 dubiaur

794 2659 905 2714 storiam
925 2667 1027 2721 esse“.
1049 2661 1145 2740 Magis
1159 2665 1221 2741 piace

792 2755 887 2821 posset
913 2747 994 2823 quod
1019 2751 1120 2827 paulo
1150 2762 1206 2828 post

792 2823 859 2890 Paib
879 2833 903 2887 1.
922 2835 949 2891 3.
969 2839 1122 2914 scriptum
1136 2849 1179 2895 cst
1193 2857 1220 2904 „n

793 2919 844 2976 dos
863 2928 944 2995 atque
969 2923 1063 2982 iners
1071 2930 1106 2995 “‚
1131 2935 1163 2983 ut
1180 2928 1222 2982 inte

793 3015 868 3085 prete
885 3005 908 3065 l.
922 3006 944 3062 F
946 3027 969 3066 r.
984 3007 1144 3071 Gronovio
1163 3011 1222 3069 nudi

791 3095 853 3152 voci
864 3096 1003 3164 armatis,
1024 3099 1119 3158 iners
1134 3101 1195 3157 vo'ci
1210 3097 1221 3152 i

790 3181 967 3238 micantibus
987 3188 1192 3261 responderet:
1207 3206 1221 3240 s

791 3287 950 3345 quamquam
963 3270 1103 3330 inermis
1119 3275 1192 3331 idem
1202 3273 1221 3328 ie

791 3355 864 3433 quod
887 3355 991 3412 nudus
1015 3357 1045 3418 bi
1068 3360 1090 3420 b
1117 3364 1221 3439 exprim

789 3452 879 3498 tamen
898 3441 1007 3500 duobus
1034 3448 1184 3506 similibus
1199 3468 1221 3504 vr

790 3527 876 3587 bisin
895 3549 960 3586 usus
978 3530 1112 3606 videtur,
1134 3547 1164 3593 ut
1182 3537 1207 3592 in

790 3625 889 3694 quanta
916 3618 1038 3675 maxima
1065 3624 1115 3680 vis
1146 3641 1221 3701 ponet

787 3713 847 3771 tur,
870 3719 1005 3760 summurn
1026 3694 1192 3784 pericirlum
1208 3714 1221 3766 ir

789 3791 892 3846 minere
920 3792 1035 3868 eisqui
1067 3813 1133 3854 non
1163 3820 1221 3855 arm:

788 3886 892 3933 essent:
912 3882 1064 3937 nonenim
1087 3885 1213 3943 futurum

787 3967 882 4021 armati
907 3963 1035 4023 hostibus
1064 3971 1219 4051 impugnes

787 4051 838 4110 bus
856 4054 981 4111 resistere
1000 4054 1127 4120 nollent
