2618 4590
71 129 138 200 760

474 140 736 235 ¹rrrnuuuurn
786 140 790 145 ·

16 360 21 369 .
72 303 210 374 licinius
231 304 324 376 Stolo
344 305 418 400 lege
439 304 481 377 ab
507 305 579 397 ipso
604 305 669 376 lata
696 304 884 391 drumanes
916 309 995 419 est..
1020 298 1134 416 qnodp
1218 312 1224 367 t

32 482 36 489 ,
74 409 254 502 quingentis
280 410 441 503 iugeribus
469 413 535 504 agri
562 411 749 503 possideret.
784 407 835 476 Μ.
870 404 1037 474 Valerius
1063 401 1156 470 urbm
1222 439 1224 461 r

73 513 211 582 militum
233 514 378 601 Gallum,
411 543 430 586 a
459 538 528 609 quq
552 525 745 608 provocatus
774 523 867 595 erat,
898 507 1070 576 insidente
1094 507 1158 597 gdea

72 642 174 688 corvo
197 631 230 688 et
252 623 409 712 unguibus
432 633 601 712 rostroque
627 618 755 687 hostem
785 610 981 684 infestante
1016 611 1132 694 occidit,
1147 622 1193 733 αι’

43 736 117 794 sex
138 746 179 792 eo
194 723 323 793 Corvini
337 750 456 819 nomen
473 724 605 817 accepit,
627 722 806 812 consulque
821 719 996 812 proximo
1013 741 1106 801 anno,
1123 736 1171 839 tuq

74 829 307 920 annosviginti
328 842 393 900 tres
415 830 564 915 haberet,
592 828 634 897 ob
655 825 808 895 virtutem
830 835 980 893 creatus
1004 833 1067 889 est
1101 844 1176 905 anu:

72 932 117 1001 tia
139 957 214 1002 cum
236 933 547 1027 Carthaginiensibus
568 934 674 1003 iuncta
702 941 760 999 est
799 927 979 1020 Campani
1010 951 1089 995 curu
1107 912 1173 996 alal

73 1037 224 1106 mnitibus
246 1036 333 1108 bello
355 1051 542 1133 urgerentur
563 1034 680 1106 auxilio
701 1035 859 1104 adversus
881 1056 950 1102 eos
973 1057 996 1099 n
1013 1042 1166 1124 senatups

73 1141 146 1227 tito,
180 1143 308 1211 numid
329 1168 395 1212 non
421 1144 642 1234 impetrarent,
672 1139 786 1207 urbem
815 1149 927 1229 atque
952 1162 1057 1229 agros
1084 1138 1166 1229 popula

28 1257 64 1315 10
74 1244 222 1316 Romano
246 1248 448 1317 dediderunt:
478 1246 521 1315 ob
545 1270 643 1337 quam
664 1258 794 1314 cansam
817 1267 859 1311 ea
884 1267 981 1334 quae
1007 1243 1168 1335 populls

74 1350 264 1420 manifecte
287 1364 403 1436 essent,
425 1351 552 1420 defendi
575 1350 661 1419 bello
684 1349 838 1417 adversus
861 1348 1047 1421 samnites
1076 1349 1181 1439 plectit·

75 1477 151 1522 cum
180 1455 220 1524 ab
249 1455 289 1526 A.
312 1457 462 1526 Cornelio
491 1454 623 1524 consule
651 1453 809 1525 exercitus
837 1452 873 1521 in
902 1453 1071 1546 iniquum
1096 1426 1185 1535 1οωῖ

75 1556 231 1629 deductus
252 1560 286 1628 in
307 1586 424 1655 magno
448 1559 626 1629 discrimine
648 1569 744 1644 esset,
764 1557 801 1626 P.
823 1556 928 1630 Decii
954 1556 1068 1631 Muris
1089 1559 1185 1631 triburi²

77 1662 216 1734 militum
238 1689 336 1756 opera
358 1677 502 1738 servatus
525 1674 583 1749 ost,
605 1664 664 1757 qui
685 1672 844 1753 occupato
867 1661 966 1730 colle
981 1686 1090 1763 super
1107 1664 1193 1730 idir-

29 1777 65 1835 15
77 1788 154 1856 gum
182 1768 215 1835 in
244 1793 310 1861 quo
333 1772 493 1841 Samnites
515 1771 740 1850 consederant,
772 1765 995 1836 occasionem
1025 1769 1196 1865 consulib·

78 1870 265 1962 aequiorem
287 1874 397 1944 locum
419 1874 573 1943 evadendi
597 1871 698 1954 dedit,
726 1869 796 1962 ipse
816 1870 860 1941 ab
882 1869 1053 1942 hostibus
1077 1874 1199 1981 cnemq

78 1997 188 2045 sessus
211 1978 325 2069 erupit.
363 2003 438 2068 cum
459 1979 575 2047 milites
596 1972 748 2058 Romani,
775 1973 831 2065 qui
852 1972 1002 2069 Capuae
1035 1977 1071 2045 in
1092 1977 1204 2081 praesitss

79 2078 133 2147 dio
156 2093 247 2150 erant
264 2082 393 2167 relicti,
420 2083 460 2150 de
489 2106 527 2151 ea
550 2079 737 2171 occupanda
763 2077 842 2145 urbe
873 2081 1142 2170 conspirassent,
1160 2092 1201 2161 ett

79 2183 206 2253 detecto
234 2186 367 2254 consilio
396 2196 485 2255 metu
511 2184 658 2275 supplicii
685 2181 854 2274 a'populo
877 2182 1046 2256 Romano
1074 2186 1207 2275 defedsl

28 2297 165 2370 aorem,
192 2312 251 2378 per
273 2289 319 2356 Μ.
345 2288 508 2357 Valerium
530 2287 705 2357 Corvinum
732 2288 941 2371 dictatorem,
976 2291 1041 2380 qui
1070 2292 1182 2361 constit

76 2411 136 2463 suo
160 2414 217 2459 eos
240 2416 258 2459 a
274 2392 381 2461 furore
396 2403 613 2479 revocaverat,
633 2390 753 2483 patriae
767 2391 907 2469 restituti
919 2404 1020 2470 sunt.
1032 2390 1101 2466 'res
1115 2421 1184 2490 prae

95 2582 121 2641 1.
147 2583 221 2662 qnod
239 2583 300 2664 plns
322 2587 501 2664 quingentord
520 2587 593 2662 iuge·

145 2689 206 2727 rum
224 2675 281 2747 agri
297 2675 459 2752 possideret.

94 2755 121 2818 3.
149 2754 228 2813 Galla
241 2760 274 2815 eb
285 2780 339 2837 qno
351 2771 514 2836 prouocatus
523 2770 593 2818 erata

102 2830 109 2845 ⁸
147 2842 264 2901 insidere
286 2846 359 2921 galea
381 2868 478 2907 coruos
505 2859 526 2902 tt
545 2867 594 2904 un·

110 2982 120 3003 ,
147 2928 244 3002 guibns
261 2943 379 3010 rostroq;
390 2934 535 2993 infestante
545 2933 593 2991 ho·
621 2982 624 2987 .

147 3023 229 3072 stem:
243 3017 388 3080 interemitr
407 3033 428 3076 tt
438 3039 471 3077 ex
483 3040 514 3076 eo
526 3019 595 3078 Cor·

147 3101 205 3163 ulai
217 3121 314 3160 nomen
331 3107 443 3184 accepit.
462 3106 595 3184 Consulq;

151 3189 275 3263 proximo
294 3211 364 3248 anno
383 3201 488 3256 creatus
505 3203 547 3250 est
558 3194 595 3250 ob

149 3274 289 3335 uirtutemr
301 3273 362 3334 cum
372 3281 529 3341 uicesimum
540 3291 594 3343 let·-

149 3362 216 3418 llum
234 3361 346 3420 haberet
362 3385 468 3430 annum.

94 3444 122 3503 6.
147 3443 272 3505 Amicitla
291 3457 324 3508 c'u
336 3449 592 3526 Carthaginensibus

147 3532 247 3597 iuncta.
271 3537 405 3614 Campani
427 3558 488 3596 cum
515 3560 592 3613 urge·

107 3640 111 3667 ι
145 3630 239 3678 rentur
268 3644 284 3679 a
310 3623 477 3686 Samnitibus
504 3624 594 3684 bellot

14 3708 34 3747 θ
147 3705 246 3769 auxilio
264 3720 316 3770 cet.

93 3792 119 3851 9.
146 3801 179 3857 οῦ
201 3795 232 3853 id
254 3818 308 3855 uon
331 3800 515 3876 impetrarent:
546 3819 590 3857 ur»

35 3896 39 3900 ⁴
144 3879 206 3941 bem
229 3894 285 3968 atq3
307 3907 385 3962 agros
402 3886 515 3969 Populo.
538 3886 590 3945 lto.

43 3981 53 3987 ·
143 3965 358 4043 dediderunk‘
479 4032 482 4037 .

664 2589 709 2647 10.
736 2585 782 2646 Ob
800 2589 852 2662 qni
870 2604 991 2646 causam
1011 2606 1064 2648 ea:
1084 2608 1138 2673 que
1151 2587 1186 2652 Pe»

734 2670 862 2750 puli-Ro.
879 2670 955 2730 facta
977 2685 1090 2738 essent.

666 2776 709 2839 12
735 2776 764 2832 in
781 2777 876 2853 iniqu’u
893 2771 971 2839 locfi.
1029 2802 1035 2808 ’

664 2864 710 2923 1³.
727 2861 815 2922 esset.
833 2861 869 2920 D.
885 2859 1010 2920 limene
1021 2863 1143 2947 Tribuni
1152 2864 1189 2926 di·

734 2949 813 3013 litum
832 2967 923 3028 opera.
1098 2952 1104 2967 '

666 3042 710 3114 15.
736 3050 872 3111 Samnites
887 3050 1035 3117 sederant.
1056 3050 1193 3122 occasioni

667 3124 671 3130 ⁸
735 3136 851 3202 Consuli
867 3140 896 3200 in
914 3140 1039 3218 equiori
1058 3144 1160 3207 locum

665 3243 710 3307 16.
736 3241 901 3301 circusessn
909 3246 1019 3322 erupit.
1034 3247 1142 3309 Milites
1149 3249 1193 3307 lto.

734 3331 783 3409 qul
800 3327 894 3408 Capue
915 3331 947 3386 in
964 3337 1109 3408 ‘presidio
1127 3346 1195 3398 erent

733 3415 839 3477 mlicd:
857 3422 890 3474 cu
907 3416 944 3475 de
963 3438 998 3476 ea
1018 3432 1081 3486 cot.

664 3521 709 3580 18.
733 3520 934 3596 respirassent..
1032 3579 1036 3585 .

662 3609 707 3668 19.
732 3629 749 3664 a
766 3606 815 3667 Po.
833 3607 885 3666 lto.
905 3605 1095 3681 defecissent,
1178 3692 1182 3697 ι

662 3695 707 3757 20.
732 3713 790 3772 per.
819 3693 856 3756 ll.
874 3692 1001 3777 'Valeria
1040 3701 1197 3764 Comitium

731 3771 909 3842 Dictatorem.
976 3815 978 3819 ⁴

655 3887 705 3946 -21,
731 3887 820 3967 patrie
836 3887 962 3945 restitute
980 3900 1063 3965 nunt.

615 4059 619 4063 Ι
661 4000 695 4014 -
731 3983 862 4050 praterea.
904 4000 908 4010 ·
