2618 4590
25 257 257 334 ..aar
373 211 376 218 ¹
441 354 443 360 Ι
542 267 808 362 ⁴urrann.

108 457 121 470 “
152 436 204 504 sul
228 436 298 527 ipse
318 433 483 504 inclinavit
508 432 631 509 animos
653 432 827 501 identidem
849 432 889 500 ad
911 430 1070 524 principes
1093 430 1263 499 sententia·

135 524 228 608 ¹ru'm
250 542 436 609 consulares
458 539 505 606 uti
528 539 670 608 exaudiri
692 549 804 629 posset
826 564 844 605 a
866 538 1009 629 pluribus
1033 537 1180 620 dicendo,
1208 560 1264 604 eos

156 646 287 721 demum
312 645 367 736 qui
389 644 468 711 nihil
491 657 618 736 praeter
640 669 739 736 quam
761 644 802 711 de
825 644 970 740 libertate
987 643 1128 734 cogitent
1152 641 1264 732 dignos

80 779 83 786 ’
157 773 228 818 esse
257 751 312 840 qui
341 750 478 818 Romani
507 750 594 817 fiant.
631 749 740 839 itaque
762 759 801 816 et
828 749 862 815 in
890 761 1003 817 senatu
1033 771 1165 815 causam
1187 747 1265 816 obti-

64 916 70 923 .
129 861 259 922 iuuere
282 867 316 922 et
339 880 380 923 ex
403 857 589 923 auctoritate
620 866 748 944 patrum
774 854 875 921 latum
905 856 945 921 ad
973 854 1131 946 populum
1161 863 1266 920 estut

10 1044 14 1047 ι
156 959 391 1028 Privernatibus
421 960 531 1035 civitas
561 957 698 1026 daretur.
736 960 852 1026 eodem
880 983 964 1026 anno
993 958 1106 1024 Anxur
1133 955 1266 1025 trecenti

31 1085 33 1091 ’
156 1062 189 1129 in
215 1064 376 1132 coloniam
398 1064 592 1146 missisunt,
615 1062 689 1130 bina
712 1050 820 1154 iugera
843 1066 908 1154 agri
931 1075 1134 1153 acceperunt.

141 1161 147 1190 ³
245 1167 349 1235 XXll.
394 1169 533 1237 Secutus
563 1178 612 1235 est
641 1192 742 1237 annus
769 1170 857 1236 nulla
873 1194 920 1261 ⁴re
942 1168 1017 1235 belli
1047 1168 1178 1235 domive
1193 1154 1269 1232 insi-

159 1273 229 1362 gnis
251 1310 295 1320 -
322 1274 359 1340 P.
387 1273 513 1341 Plautio
542 1274 680 1341 Proculo
710 1276 746 1342 P.
776 1276 927 1354 Cornelio
961 1274 1099 1363 Scapula
1134 1269 1269 1359 consuli·

113 1381 148 1437 1⁰
160 1377 222 1445 bus
245 1418 289 1429 -
312 1389 536 1469 praeterquam
560 1378 648 1468 quod
664 1379 825 1470 Fregellas
847 1421 889 1432 -
904 1380 1117 1447 Hemicorom
1136 1376 1165 1442 is
1188 1398 1269 1464 ager,

232 1505 326 1573 6‚39.:
344 1504 375 1563 P.
388 1504 502 1561 lllaulius
522 1485 620 1562 ddude
640 1504 681 1560 di·

164 1586 166 1597 ’
233 1600 320 1648 ctator
336 1590 393 1648 'rem
410 1594 441 1648 lu
465 1612 572 1649 causam
594 1591 683 1666 plebis

232 1677 372 1736 inclinarit
395 1677 426 1736 C.
448 1676 554 1737 Licinio
574 1711 608 1722 -
626 1700 683 1735 ma·
706 1691 709 1698 ’

233 1765 318 1840 gistro
332 1767 449 1840 equitum
463 1766 497 1822 de
509 1766 588 1843 plebe
600 1765 683 1826 dicto.
737 1770 744 1785 '

823 1507 863 1564 tt:
888 1516 997 1563 secutus
1021 1516 1062 1561 est
1077 1506 1082 1575 Ι
1098 1521 1185 1559 annus
1205 1499 1270 1558 belli

784 1617 786 1625 *
824 1594 934 1651 domiue
948 1594 1070 1667 insignis.
1089 1589 1196 1669 plancio
1209 1608 1271 1666 pro·

776 1684 781 1701 ¹
828 1680 888 1739 culo
908 1691 958 1739 cet.
977 1713 1012 1726 —
1029 1678 1106 1737 Leid.
1120 1698 1138 1735 1.
1157 1677 1237 1736 Voss.
1246 1695 1271 1734 11.

825 1769 874 1829 al.:
893 1766 1010 1848 Capnla.
1025 1800 1060 1811 -
1083 1764 1144 1823 PM:
1163 1762 1272 1842 scapula

234 1850 344 1938 -Pllz
363 1844 511 1909 identidem
529 1855 562 1910 ad
583 1856 684 1929 princi·
826 1864 897 1915 cosi.
1193 1870 1197 1879 '

234 1957 283 2020 pes
307 1941 500 1999 sententiarum
528 1940 684 1996 consulares

197 2044 200 2050 ’
234 2027 275 2082 uti
298 2026 419 2083 exaudiri
443 2036 536 2103 posset
558 2049 574 2084 a
600 2026 684 2103 pluri·

235 2113 287 2169 bus
306 2112 438 2169 dicendo:
458 2114 571 2182 „iudem
584 2135 613 2171 er
625 2113 683 2171 sich

755 1985 799 2048 10.
824 1996 1036 2064 praeterquam
1055 1985 1139 2061 quod
1153 1982 1275 2061 Fregel·

827 2079 893 2134 las:
911 2073 946 2134 lll.
966 2105 1000 2117 -
1018 2074 1054 2130 P:
1073 2082 1182 2148 praeter
1200 2069 1273 2146 quod

236 2200 375 2257 mehrlach
395 2220 427 2255 an
447 2200 491 2258 die
505 2192 684 2272 Consularen,

235 2305 290 2343 von
301 2287 388 2342 denen
396 2286 545 2343 besonders
554 2290 614 2360 jenc
624 2309 684 2345 vcr-

235 2371 466 2447 schiedenartigen
483 2373 605 2430 Urtheile
625 2395 684 2430 aus·

237 2477 372 2533 gegangen
382 2480 483 2527 waren,
497 2492 530 2500 -
543 2481 573 2516 ιο
587 2461 685 2535 jedoch

228 2542 301 2599 dass
319 2565 349 2600 er
367 2546 434 2602 auch
448 2567 501 2603 rou
521 2547 569 2604 der
580 2557 685 2623 grdssc·

236 2649 285 2686 reu
314 2631 408 2711 lllenge
443 2633 539 2708 gehdrt
574 2635 685 2692 werden

236 2717 337 2775 konnte
360 2723 467 2783 emit
494 2720 547 2778 den
569 2720 687 2780 Worten

237 2805 378 2868 waudte“.
414 2840 448 2849 —
473 2807 535 2876 ,PM
570 2809 645 2869 llarl.
669 2831 686 2870 1.

192 2904 194 2909 '
237 2892 315 2952 Leid.
329 2916 346 2954 1.
370 2893 451 2964 Voss.
474 2917 514 2957 ru:
542 2903 590 2974 qui
617 2897 686 2955 nihil

236 2991 344 3057 praeter
363 3001 441 3057 quam
458 2984 492 3039 de
504 2983 628 3041 libertate
641 3006 686 3042 co·

240 3067 334 3139 gitcut.
352 3065 434 3127 Rene.
447 3070 541 3127 codd:
560 3075 686 3146 cogitant.

184 3150 213 3232 fi.
241 3152 342 3227 linque
355 3156 426 3209 etin
441 3148 551 3212 senatu
565 3179 687 3216 caueam

241 3238 393 3297 obtinuere
415 3252 444 3298 et
462 3250 526 3303 cet:
548 3242 572 3300 P
593 3245 626 3304 al.
651 3278 687 3291 -

240 3322 268 3380 ll
297 3322 365 3386 Lov.
395 3330 437 3388 ln:
467 3332 557 3408 itaque
587 3335 617 3390 iu
646 3354 687 3391 se·

241 3420 306 3467 natu
325 3423 376 3474 cet.

182 3496 213 3552 o.
240 3498 343 3555 eodem
356 3521 435 3560 anno
445 3506 555 3564 Anxur
566 3511 690 3565 trecenti

241 3583 271 3636 in
284 3588 430 3646 coloniam
439 3595 526 3649 missi
536 3603 619 3651 sunt:
628 3594 686 3654 ΡΜ.

241 3697 275 3708 -
298 3669 374 3733 Leid.
392 3696 410 3735 1.
435 3677 514 3740 Voss.
533 3700 561 3740 u.
586 3682 631 3740 al:
657 3685 686 3738 in

239 3754 345 3814 colonia
368 3765 454 3824 missi.
481 3797 516 3808 —
543 3766 565 3823 P
587 3791 622 3828 m.
647 3773 683 3829 1.:

240 3846 452 3922 ,‚acoiperuut“:
471 3844 520 3910 sed
539 3854 630 3912 eadem
649 3876 685 3915 m.

171 4000 174 4004 λ
240 3931 265 3989 1.
282 3936 434 3994 restitutum
452 3950 493 3996 cst
505 3953 684 4017 receperunt.

185 4014 213 4068 8.
238 4029 357 4078 ceantur
375 4034 423 4081 est
438 4027 537 4084 annus
549 4032 635 4087 nulla
650 4052 684 4088 re

238 4102 311 4160 betti
321 4107 439 4169 domiue
453 4115 596 4192 insignis:
608 4116 637 4175 P.
648 4149 682 4165 -

826 2162 957 2238 fregellas.
985 2160 1066 2218 Voss.
1080 2180 1108 2218 11.
1128 2157 1177 2218 ul:
1198 2177 1274 2234 prae-

826 2261 868 2306 ter
886 2270 965 2326 quam
984 2249 1115 2323 fregellas.

773 2410 809 2423 -
825 2382 1021 2440 Hernicorum
1041 2381 1067 2436 is
1079 2399 1154 2459 ager
1167 2377 1276 2434 deinde

827 2469 862 2529 V
859 2472 1008 2527 uiscerum
1011 2467 1134 2539 fuerat.-
1154 2487 1188 2523 cx
1206 2466 1275 2523 coni.

827 2558 879 2628 m]
899 2555 1084 2611 Sidicinorum
1102 2557 1126 2611 is
1145 2574 1207 2630 ager
1224 2562 1275 2611 cet.

829 2676 863 2685 —
883 2642 948 2699 lnP
965 2645 1054 2722 primo
1073 2642 1125 2701 luit
1136 2642 1275 2714 fuerant,

828 2731 878 2787 sed
899 2753 919 2786 n
945 2730 1086 2787 inductum
1111 2739 1168 2785 cst..
1191 2761 1223 2770 -
1254 2726 1276 2782 P

827 2817 905 2877 Leid.
918 2838 950 2878 c:
969 2820 1149 2893 segniuorum.
1168 2815 1243 2875 Harl.
1259 2834 1277 2873 1.

829 2905 891 2966 cod.
909 2905 1017 2964 Klocl.:
1035 2907 1197 2978 segniorum.
1223 2902 1276 2958 lla·

828 3013 915 3050 veru:
961 2980 1139 3070 seguinormn.
1192 2989 1277 3049 Recc.

828 3080 921 3139 codd:
940 3082 1113 3157 signinorum.
1132 3107 1167 3119 -
1195 3077 1277 3151 Sigo-

828 3169 891 3223 nius
914 3171 997 3224 rcribi
1019 3164 1105 3226 voluit
1129 3163 1276 3224 Sidicino·

829 3274 904 3323 rum,
923 3255 996 3332 quod
1009 3254 1117 3334 Signia
1135 3251 1243 3338 longios
1261 3273 1275 3306 a

829 3342 979 3422 Fregellis
1006 3342 1117 3398 aluisset
1145 3360 1225 3418 quam
1247 3348 1277 3395 ut

829 3428 859 3484 id
882 3431 955 3506 quod
979 3432 1007 3486 in
1033 3429 1114 3488 codd.
1142 3429 1276 3502 mseriptis

831 3516 920 3573 inesse
929 3517 1076 3586 videretur,
1090 3517 1201 3594 probari
1213 3535 1274 3594 pos·

828 3612 878 3663 set.
908 3625 972 3660 num
996 3624 1061 3661 vero
1083 3603 1199 3660 Sidicini
1221 3611 1276 3659 tatu

829 3688 883 3745 late
905 3690 1052 3768 polluerint
1077 3694 1183 3748 nescio:
1208 3689 1275 3746 Tea·

827 3797 892 3833 num
915 3777 1098 3835 Sidicinorum
1127 3778 1237 3857 quidem
1260 3800 1274 3833 a

825 3862 953 3938 Fregellis
976 3887 1030 3922 nun
1058 3871 1173 3944 propius
1200 3866 1275 3922 abest

825 3971 906 4028 qnam
925 3951 1025 4030 Signia.
1054 3975 1102 4011 cur
1120 3974 1186 4012 vero
1199 3952 1274 4029 Sigo-

768 4061 777 4070 ·
824 4040 905 4095 niana
934 4044 1086 4098 coniectura
1121 4041 1189 4098 milri
1219 4061 1275 4107 nou

824 4123 970 4201 placuerit,
994 4128 1061 4184 haec
1085 4128 1169 4185 altera
1194 4122 1274 4186 cuasa
