<?xml version="1.0" encoding="UTF-8"?>
<!DOCTYPE html PUBLIC "-//W3C//DTD XHTML 1.0 Transitional//EN"
    "http://www.w3.org/TR/xhtml1/DTD/xhtml1-transitional.dtd">
<html xmlns="http://www.w3.org/1999/xhtml" xml:lang="en" lang="en">
 <head>
  <title>
</title>
<meta http-equiv="Content-Type" content="text/html;charset=utf-8" />
  <meta name='ocr-system' content='tesseract 3.04.00' />
  <meta name='ocr-capabilities' content='ocr_page ocr_carea ocr_par ocr_line ocrx_word'/>
</head>
<body>
  <div class='ocr_page' id='page_1' title='image "./titilivirerumro01alscgoog_0280.png"; bbox 0 0 2618 4590; ppageno 0'>
   <div class='ocr_carea' id='block_1_1' title="bbox 350 243 1196 323">
    <p class='ocr_par' dir='ltr' id='par_1_1' title="bbox 350 243 1196 323">
     <span class='ocr_line' id='line_1_1' title="bbox 350 243 1196 323; baseline 0.004 -13"><span class='ocrx_word' id='word_1_1' title='bbox 350 264 352 270; x_wconf 81' lang='grc'><em>’</em></span> <span class='ocrx_word' id='word_1_2' title='bbox 446 256 459 285; x_wconf 75' lang='grc'><strong><em>’</em></strong></span> <span class='ocrx_word' id='word_1_3' title='bbox 558 251 667 312; x_wconf 72' lang='lat' dir='ltr'><strong>tinen</strong></span> <span class='ocrx_word' id='word_1_4' title='bbox 684 253 799 323; x_wconf 76' lang='lat' dir='ltr'><strong>vn.-</strong></span> <span class='ocrx_word' id='word_1_5' title='bbox 1132 243 1196 313; x_wconf 72' lang='lat'><strong>261</strong></span> 
     </span>
    </p>
   </div>
   <div class='ocr_carea' id='block_1_2' title="bbox 94 391 1229 927">
    <p class='ocr_par' dir='ltr' id='par_1_2' title="bbox 94 391 1229 927">
     <span class='ocr_line' id='line_1_2' title="bbox 101 391 1214 505; baseline 0.01 -26"><span class='ocrx_word' id='word_1_6' title='bbox 101 412 137 481; x_wconf 89' lang='lat' dir='ltr'><strong>P.</strong></span> <span class='ocrx_word' id='word_1_7' title='bbox 151 411 253 482; x_wconf 47' lang='lat' dir='ltr'><strong>‘Decii</strong></span> <span class='ocrx_word' id='word_1_8' title='bbox 275 438 341 483; x_wconf 93' lang='lat' dir='ltr'><strong>non</strong></span> <span class='ocrx_word' id='word_1_9' title='bbox 363 425 494 505; x_wconf 85' lang='lat' dir='ltr'><strong>coeptus</strong></span> <span class='ocrx_word' id='word_1_10' title='bbox 517 410 625 481; x_wconf 80' lang='lat' dir='ltr'><strong>solum</strong></span> <span class='ocrx_word' id='word_1_11' title='bbox 652 425 725 483; x_wconf 87' lang='lat' dir='ltr'><strong>ante</strong></span> <span class='ocrx_word' id='word_1_12' title='bbox 753 415 811 482; x_wconf 86' lang='lat' dir='ltr'><strong>sed</strong></span> <span class='ocrx_word' id='word_1_13' title='bbox 832 419 1007 487; x_wconf 75' lang='lat' dir='ltr'><strong>cumulatos</strong></span> <span class='ocrx_word' id='word_1_14' title='bbox 1032 443 1117 489; x_wconf 81' lang='lat' dir='ltr'><strong>nove</strong></span> <span class='ocrx_word' id='word_1_15' title='bbox 1138 391 1214 490; x_wconf 39' lang='lat' dir='ltr'><strong>vir-l</strong></span> 
     </span>
     <span class='ocr_line' id='line_1_3' title="bbox 99 519 1197 610; baseline 0.008 -26"><span class='ocrx_word' id='word_1_16' title='bbox 99 527 170 585; x_wconf 86' lang='lat' dir='ltr'><strong>tute</strong></span> <span class='ocrx_word' id='word_1_17' title='bbox 192 519 304 586; x_wconf 82' lang='lat' dir='ltr'><strong>laudes</strong></span> <span class='ocrx_word' id='word_1_18' title='bbox 326 519 457 610; x_wconf 83' lang='lat' dir='ltr'>peragit,</span> <span class='ocrx_word' id='word_1_19' title='bbox 481 529 514 588; x_wconf 89' lang='lat' dir='ltr'><strong>et</strong></span> <span class='ocrx_word' id='word_1_20' title='bbox 534 524 661 610; x_wconf 82' lang='lat' dir='ltr'><strong>praeter</strong></span> <span class='ocrx_word' id='word_1_21' title='bbox 682 519 826 588; x_wconf 75' lang='lat' dir='ltr'><strong>militarie</strong></span> <span class='ocrx_word' id='word_1_22' title='bbox 847 521 907 588; x_wconf 81' lang='lat' dir='ltr'><strong>alia</strong></span> <span class='ocrx_word' id='word_1_23' title='bbox 928 523 1012 589; x_wconf 84' lang='lat' dir='ltr'><strong>dona</strong></span> <span class='ocrx_word' id='word_1_24' title='bbox 1028 548 1123 592; x_wconf 81' lang='lat' dir='ltr'><strong>auree</strong></span> <span class='ocrx_word' id='word_1_25' title='bbox 1144 538 1197 592; x_wconf 78' lang='lat' dir='ltr'><strong>eo·</strong></span> 
     </span>
     <span class='ocr_line' id='line_1_4' title="bbox 94 614 1211 718; baseline 0.007 -31"><span class='ocrx_word' id='word_1_26' title='bbox 94 645 174 688; x_wconf 86' lang='lat' dir='ltr'><strong>rona</strong></span> <span class='ocrx_word' id='word_1_27' title='bbox 198 647 274 691; x_wconf 88' lang='lat' dir='ltr'><strong>eum</strong></span> <span class='ocrx_word' id='word_1_28' title='bbox 297 635 330 690; x_wconf 85' lang='lat' dir='ltr'><strong>et</strong></span> <span class='ocrx_word' id='word_1_29' title='bbox 352 635 481 691; x_wconf 84' lang='lat' dir='ltr'><strong>centum</strong></span> <span class='ocrx_word' id='word_1_30' title='bbox 503 624 607 691; x_wconf 89' lang='lat' dir='ltr'><strong>bubus</strong></span> <span class='ocrx_word' id='word_1_31' title='bbox 630 614 812 716; x_wconf 78' lang='lat' dir='ltr'><strong>eirimioque</strong></span> <span class='ocrx_word' id='word_1_32' title='bbox 834 648 899 692; x_wconf 88' lang='lat' dir='ltr'><strong>uno</strong></span> <span class='ocrx_word' id='word_1_33' title='bbox 923 624 996 693; x_wconf 81' lang='lat' dir='ltr'><strong>elbo</strong></span> <span class='ocrx_word' id='word_1_34' title='bbox 1011 627 1120 718; x_wconf 91' lang='lat' dir='ltr'><strong>opimo</strong></span> <span class='ocrx_word' id='word_1_35' title='bbox 1142 650 1211 695; x_wconf 80' lang='lat' dir='ltr'><strong>au·</strong></span> 
     </span>
     <span class='ocr_line' id='line_1_5' title="bbox 95 726 1193 821; baseline 0.005 -29"><span class='ocrx_word' id='word_1_36' title='bbox 95 727 171 793; x_wconf 81' lang='lat' dir='ltr'><strong>ratis</strong></span> <span class='ocrx_word' id='word_1_37' title='bbox 195 726 353 795; x_wconf 84' lang='lat' dir='ltr'><strong>cornibus‘</strong></span> <span class='ocrx_word' id='word_1_38' title='bbox 368 730 481 796; x_wconf 77' lang='lat' dir='ltr'><strong>donatr·</strong></span> <span class='ocrx_word' id='word_1_39' title='bbox 501 729 617 796; x_wconf 81' lang='lat' dir='ltr'>milites</span> <span class='ocrx_word' id='word_1_40' title='bbox 641 729 696 821; x_wconf 89' lang='lat' dir='ltr'><strong>qui</strong></span> <span class='ocrx_word' id='word_1_41' title='bbox 717 730 751 796; x_wconf 92' lang='lat' dir='ltr'><strong>in</strong></span> <span class='ocrx_word' id='word_1_42' title='bbox 771 729 928 819; x_wconf 76' lang='lat' dir='ltr'><strong>praesidio</strong></span> <span class='ocrx_word' id='word_1_43' title='bbox 951 729 1045 796; x_wconf 86' lang='lat' dir='ltr'><strong>simul</strong></span> <span class='ocrx_word' id='word_1_44' title='bbox 1060 731 1193 815; x_wconf 81' lang='lat' dir='ltr'><strong>inerant,</strong></span> 
     </span>
     <span class='ocr_line' id='line_1_6' title="bbox 96 830 1229 927; baseline 0.011 -32"><span class='ocrx_word' id='word_1_45' title='bbox 96 830 216 921; x_wconf 80' lang='lat' dir='ltr'><strong>duplici</strong></span> <span class='ocrx_word' id='word_1_46' title='bbox 236 831 395 902; x_wconf 86' lang='lat' dir='ltr'><strong>frumento</strong></span> <span class='ocrx_word' id='word_1_47' title='bbox 417 833 450 900; x_wconf 89' lang='lat' dir='ltr'><strong>in</strong></span> <span class='ocrx_word' id='word_1_48' title='bbox 464 845 665 926; x_wconf 89' lang='lat' dir='ltr'><strong>perpetuum,</strong></span> <span class='ocrx_word' id='word_1_49' title='bbox 688 835 723 902; x_wconf 91' lang='lat' dir='ltr'><strong>in</strong></span> <span class='ocrx_word' id='word_1_50' title='bbox 741 833 920 927; x_wconf 82' lang='lat' dir='ltr'><strong>praesentia</strong></span> <span class='ocrx_word' id='word_1_51' title='bbox 937 833 1067 926; x_wconf 81' lang='lat' dir='ltr'><strong>singulis</strong></span> <span class='ocrx_word' id='word_1_52' title='bbox 1088 833 1194 903; x_wconf 87' lang='lat' dir='ltr'><strong>bubus</strong></span> <span class='ocrx_word' id='word_1_53' title='bbox 1211 853 1229 908; x_wconf 80' lang='lat'><strong>5</strong></span> 
     </span>
    </p>
   </div>
   <div class='ocr_carea' id='block_1_3' title="bbox 96 1026 1199 1113">
    <p class='ocr_par' dir='ltr' id='par_1_3' title="bbox 96 1026 1199 1113">
     <span class='ocr_line' id='line_1_7' title="bbox 96 1026 1199 1113; baseline 0.005 -28"><span class='ocrx_word' id='word_1_54' title='bbox 96 1026 138 1088; x_wconf 71' lang='grc'><strong>’5.</strong></span> <span class='ocrx_word' id='word_1_55' title='bbox 165 1026 387 1106; x_wconf 76' lang='lat' dir='ltr'><strong>inpraesentia</strong></span> <span class='ocrx_word' id='word_1_56' title='bbox 409 1035 539 1113; x_wconf 74' lang='lat' dir='ltr'><strong>singuiis</strong></span> <span class='ocrx_word' id='word_1_57' title='bbox 559 1036 613 1093; x_wconf 59' lang='lat' dir='ltr'><strong>bru.</strong></span> <span class='ocrx_word' id='word_1_58' title='bbox 661 1044 665 1058; x_wconf 85' lang='grc'><strong>·“</strong></span> <span class='ocrx_word' id='word_1_59' title='bbox 752 1037 803 1104; x_wconf 80' lang='lat' dir='ltr'><strong>rit,</strong></span> <span class='ocrx_word' id='word_1_60' title='bbox 824 1037 991 1113; x_wconf 66' lang='lat' dir='ltr'><strong>posteriores</strong></span> <span class='ocrx_word' id='word_1_61' title='bbox 1006 1033 1110 1093; x_wconf 76' lang='lat' dir='ltr'><strong>librarii</strong></span> <span class='ocrx_word' id='word_1_62' title='bbox 1127 1035 1199 1093; x_wconf 76' lang='lat' dir='ltr'><strong>bono</strong></span> 
     </span>
    </p>
   </div>
   <div class='ocr_carea' id='block_1_4' title="bbox 82 1119 611 2511">
    <p class='ocr_par' dir='ltr' id='par_1_4' title="bbox 82 1119 611 1981">
     <span class='ocr_line' id='line_1_8' title="bbox 95 1119 611 1196; baseline 0.012 -23"><span class='ocrx_word' id='word_1_63' title='bbox 95 1180 97 1186; x_wconf 19' lang='lat' dir='ltr'>y</span> <span class='ocrx_word' id='word_1_64' title='bbox 164 1119 220 1174; x_wconf 83' lang='lat' dir='ltr'><strong>bus</strong></span> <span class='ocrx_word' id='word_1_65' title='bbox 227 1121 383 1196; x_wconf 80' lang='lat' dir='ltr'><strong>priuioque</strong></span> <span class='ocrx_word' id='word_1_66' title='bbox 391 1122 499 1185; x_wconf 73' lang='lat' dir='ltr'><strong>tunicis</strong></span> <span class='ocrx_word' id='word_1_67' title='bbox 513 1126 524 1192; x_wconf 90' lang='lat'>(</span> <span class='ocrx_word' id='word_1_68' title='bbox 531 1122 611 1189; x_wconf 89' lang='lat' dir='ltr'><strong>„und</strong></span> 
     </span>
     <span class='ocr_line' id='line_1_9' title="bbox 162 1204 608 1278; baseline 0.013 -19"><span class='ocrx_word' id='word_1_69' title='bbox 162 1204 239 1276; x_wconf 85' lang='lat' dir='ltr'><strong>jeder</strong></span> <span class='ocrx_word' id='word_1_70' title='bbox 248 1209 300 1262; x_wconf 84' lang='lat' dir='ltr'><strong>tuit</strong></span> <span class='ocrx_word' id='word_1_71' title='bbox 314 1209 389 1269; x_wconf 85' lang='lat' dir='ltr'><strong>einer</strong></span> <span class='ocrx_word' id='word_1_72' title='bbox 400 1206 544 1278; x_wconf 56' lang='lat' dir='ltr'><strong>Turrem)</strong></span> <span class='ocrx_word' id='word_1_73' title='bbox 557 1209 608 1266; x_wconf 87' lang='lat' dir='ltr'><strong>do·</strong></span> 
     </span>
     <span class='ocr_line' id='line_1_10' title="bbox 161 1295 608 1372; baseline 0.013 -26"><span class='ocrx_word' id='word_1_74' title='bbox 161 1295 228 1347; x_wconf 81' lang='lat' dir='ltr'><strong>nati</strong></span> <span class='ocrx_word' id='word_1_75' title='bbox 238 1296 327 1366; x_wconf 78' lang='lat' dir='ltr'><strong>runt]</strong></span> <span class='ocrx_word' id='word_1_76' title='bbox 345 1297 536 1372; x_wconf 79' lang='lat' dir='ltr'><strong>inpraesentia</strong></span> <span class='ocrx_word' id='word_1_77' title='bbox 553 1298 608 1352; x_wconf 85' lang='lat' dir='ltr'><strong>sin·</strong></span> 
     </span>
     <span class='ocr_line' id='line_1_11' title="bbox 159 1376 608 1462; baseline 0.016 -29"><span class='ocrx_word' id='word_1_78' title='bbox 159 1376 230 1453; x_wconf 86' lang='lat' dir='ltr'><strong>gulis</strong></span> <span class='ocrx_word' id='word_1_79' title='bbox 257 1380 346 1438; x_wconf 86' lang='lat' dir='ltr'>bubus</span> <span class='ocrx_word' id='word_1_80' title='bbox 372 1383 496 1460; x_wconf 84' lang='lat' dir='ltr'><strong>binisque</strong></span> <span class='ocrx_word' id='word_1_81' title='bbox 522 1384 608 1462; x_wconf 84' lang='lat' dir='ltr'><strong>privis</strong></span> 
     </span>
     <span class='ocr_line' id='line_1_12' title="bbox 158 1467 608 1539; baseline 0.016 -19"><span class='ocrx_word' id='word_1_82' title='bbox 158 1468 258 1523; x_wconf 85' lang='lat' dir='ltr'><strong>tunicis</strong></span> <span class='ocrx_word' id='word_1_83' title='bbox 277 1468 379 1527; x_wconf 79' lang='lat' dir='ltr'><strong>donati.</strong></span> <span class='ocrx_word' id='word_1_84' title='bbox 398 1467 440 1528; x_wconf 85' lang='lat' dir='ltr'><strong>Cf.</strong></span> <span class='ocrx_word' id='word_1_85' title='bbox 453 1473 498 1539; x_wconf 82' lang='lat'><strong>30,</strong></span> <span class='ocrx_word' id='word_1_86' title='bbox 517 1472 560 1526; x_wconf 71' lang='grc'><strong>43.</strong></span> <span class='ocrx_word' id='word_1_87' title='bbox 572 1501 608 1514; x_wconf 89' lang='lat'><em>-</em></span> 
     </span>
     <span class='ocr_line' id='line_1_13' title="bbox 160 1551 607 1634; baseline 0.009 -24"><span class='ocrx_word' id='word_1_88' title='bbox 160 1551 323 1634; x_wconf 78' lang='lat' dir='ltr'><strong>Priuisque</strong></span> <span class='ocrx_word' id='word_1_89' title='bbox 349 1560 455 1620; x_wconf 72' lang='lat' dir='ltr'><strong>turricis</strong></span> <span class='ocrx_word' id='word_1_90' title='bbox 482 1559 511 1613; x_wconf 92' lang='lat' dir='ltr'><strong>in</strong></span> <span class='ocrx_word' id='word_1_91' title='bbox 538 1577 607 1621; x_wconf 82' lang='lat' dir='ltr'><strong>mer·</strong></span> 
     </span>
     <span class='ocr_line' id='line_1_14' title="bbox 159 1643 606 1717; baseline 0.007 -20"><span class='ocrx_word' id='word_1_92' title='bbox 159 1643 221 1717; x_wconf 80' lang='lat' dir='ltr'><strong>gine</strong></span> <span class='ocrx_word' id='word_1_93' title='bbox 239 1643 343 1703; x_wconf 83' lang='lat' dir='ltr'><strong>codicis</strong></span> <span class='ocrx_word' id='word_1_94' title='bbox 360 1645 382 1700; x_wconf 91' lang='lat' dir='ltr'><strong>P</strong></span> <span class='ocrx_word' id='word_1_95' title='bbox 404 1654 538 1703; x_wconf 78' lang='lat' dir='ltr'><strong>serratum</strong></span> <span class='ocrx_word' id='word_1_96' title='bbox 556 1654 606 1714; x_wconf 85' lang='lat' dir='ltr'><strong>est,</strong></span> 
     </span>
     <span class='ocr_line' id='line_1_15' title="bbox 82 1729 606 1810; baseline 0.01 -26"><span class='ocrx_word' id='word_1_97' title='bbox 82 1759 88 1769; x_wconf 43' lang='lat' dir='ltr'>x</span> <span class='ocrx_word' id='word_1_98' title='bbox 160 1749 222 1787; x_wconf 84' lang='lat' dir='ltr'><strong>cum</strong></span> <span class='ocrx_word' id='word_1_99' title='bbox 239 1732 268 1786; x_wconf 94' lang='lat' dir='ltr'><strong>in</strong></span> <span class='ocrx_word' id='word_1_100' title='bbox 280 1729 330 1788; x_wconf 80' lang='grc' dir='ltr'><strong>ΡΜ</strong></span> <span class='ocrx_word' id='word_1_101' title='bbox 348 1733 526 1810; x_wconf 89' lang='lat' dir='ltr'><strong>omnibusque</strong></span> <span class='ocrx_word' id='word_1_102' title='bbox 537 1732 606 1789; x_wconf 84' lang='lat' dir='ltr'><strong>Dra-</strong></span> 
     </span>
     <span class='ocr_line' id='line_1_16' title="bbox 158 1815 607 1878; baseline 0.013 -6"><span class='ocrx_word' id='word_1_103' title='bbox 158 1815 238 1876; x_wconf 77' lang='lat' dir='ltr'><strong>kenb.</strong></span> <span class='ocrx_word' id='word_1_104' title='bbox 267 1819 420 1876; x_wconf 80' lang='lat' dir='ltr'>recentibus</span> <span class='ocrx_word' id='word_1_105' title='bbox 456 1821 536 1877; x_wconf 83' lang='lat' dir='ltr'><strong>codd.</strong></span> <span class='ocrx_word' id='word_1_106' title='bbox 570 1822 607 1878; x_wconf 79' lang='lat' dir='ltr'><strong>sit</strong></span> 
     </span>
     <span class='ocr_line' id='line_1_17' title="bbox 138 1904 606 1981; baseline 0.011 -22"><span class='ocrx_word' id='word_1_107' title='bbox 138 1904 297 1981; x_wconf 61' lang='lat' dir='ltr'><strong>xbim&#39;sque</strong></span> <span class='ocrx_word' id='word_1_108' title='bbox 314 1909 431 1967; x_wconf 74' lang='lat' dir='ltr'><strong>turricis.</strong></span> <span class='ocrx_word' id='word_1_109' title='bbox 453 1911 499 1968; x_wconf 82' lang='lat' dir='ltr'><strong>vix</strong></span> <span class='ocrx_word' id='word_1_110' title='bbox 516 1919 606 1965; x_wconf 81' lang='lat' dir='ltr'><strong>tamen</strong></span> 
     </span>
    </p>

    <p class='ocr_par' dir='ltr' id='par_1_5' title="bbox 129 1990 606 2511">
     <span class='ocr_line' id='line_1_18' title="bbox 160 1990 605 2073; baseline 0.007 -26"><span class='ocrx_word' id='word_1_111' title='bbox 160 1990 274 2049; x_wconf 58' lang='lat' dir='ltr'><strong>dubium,</strong></span> <span class='ocrx_word' id='word_1_112' title='bbox 299 1993 417 2064; x_wconf 84' lang='lat' dir='ltr'><strong>videtur,</strong></span> <span class='ocrx_word' id='word_1_113' title='bbox 449 1998 512 2073; x_wconf 91' lang='lat' dir='ltr'><strong>quin</strong></span> <span class='ocrx_word' id='word_1_114' title='bbox 535 1996 562 2053; x_wconf 91' lang='lat' dir='ltr'><strong>h.</strong></span> <span class='ocrx_word' id='word_1_115' title='bbox 586 1994 605 2051; x_wconf 91' lang='lat' dir='ltr'><strong>l.</strong></span> 
     </span>
     <span class='ocr_line' id='line_1_19' title="bbox 158 2078 605 2160; baseline 0.013 -25"><span class='ocrx_word' id='word_1_116' title='bbox 158 2078 229 2135; x_wconf 81' lang='lat' dir='ltr'><strong>duae</strong></span> <span class='ocrx_word' id='word_1_117' title='bbox 239 2083 385 2156; x_wconf 79' lang='lat' dir='ltr'><strong>scripturae</strong></span> <span class='ocrx_word' id='word_1_118' title='bbox 395 2082 502 2150; x_wconf 81' lang='lat' dir='ltr'><strong>luerint,</strong></span> <span class='ocrx_word' id='word_1_119' title='bbox 514 2104 605 2160; x_wconf 80' lang='lat' dir='ltr'><strong>quem-</strong></span> 
     </span>
     <span class='ocr_line' id='line_1_20' title="bbox 129 2164 604 2250; baseline 0.011 -28"><span class='ocrx_word' id='word_1_120' title='bbox 129 2232 135 2250; x_wconf 52' lang='grc' dir='ltr'><strong><em>Ι</em></strong></span> <span class='ocrx_word' id='word_1_121' title='bbox 158 2187 239 2244; x_wconf 83' lang='lat' dir='ltr'><strong>quam</strong></span> <span class='ocrx_word' id='word_1_122' title='bbox 249 2169 282 2224; x_wconf 79' lang='lat' dir='ltr'><strong>ab</strong></span> <span class='ocrx_word' id='word_1_123' title='bbox 293 2169 361 2227; x_wconf 79' lang='lat' dir='ltr'><strong>bled.</strong></span> <span class='ocrx_word' id='word_1_124' title='bbox 372 2170 475 2227; x_wconf 88' lang='lat' dir='ltr'><strong>codicis</strong></span> <span class='ocrx_word' id='word_1_125' title='bbox 484 2164 604 2239; x_wconf 83' lang='lat' dir='ltr'><strong>libraiio,</strong></span> 
     </span>
     <span class='ocr_line' id='line_1_21' title="bbox 158 2255 605 2332; baseline 0.011 -21"><span class='ocrx_word' id='word_1_126' title='bbox 158 2275 239 2332; x_wconf 89' lang='lat' dir='ltr'><strong>quem</strong></span> <span class='ocrx_word' id='word_1_127' title='bbox 256 2255 322 2312; x_wconf 79' lang='lat' dir='ltr'><strong>alias</strong></span> <span class='ocrx_word' id='word_1_128' title='bbox 340 2257 435 2315; x_wconf 82' lang='lat' dir='ltr'><strong>barum</strong></span> <span class='ocrx_word' id='word_1_129' title='bbox 457 2279 546 2315; x_wconf 89' lang='lat' dir='ltr'><strong>rerum</strong></span> <span class='ocrx_word' id='word_1_130' title='bbox 565 2257 605 2315; x_wconf 89' lang='lat' dir='ltr'><strong>di·</strong></span> 
     </span>
     <span class='ocr_line' id='line_1_22' title="bbox 158 2341 606 2424; baseline 0.009 -26"><span class='ocrx_word' id='word_1_131' title='bbox 158 2341 364 2418; x_wconf 80' lang='lat' dir='ltr'><strong>ligentissimum</strong></span> <span class='ocrx_word' id='word_1_132' title='bbox 377 2345 460 2402; x_wconf 84' lang='lat' dir='ltr'><strong>luisse</strong></span> <span class='ocrx_word' id='word_1_133' title='bbox 476 2366 606 2424; x_wconf 82' lang='lat' dir='ltr'>persaepe</span> 
     </span>
     <span class='ocr_line' id='line_1_23' title="bbox 159 2430 606 2511; baseline 0.004 -23"><span class='ocrx_word' id='word_1_134' title='bbox 159 2430 290 2500; x_wconf 84' lang='lat' dir='ltr'><strong>vidimus,</strong></span> <span class='ocrx_word' id='word_1_135' title='bbox 318 2432 385 2490; x_wconf 89' lang='lat' dir='ltr'><strong>nibil</strong></span> <span class='ocrx_word' id='word_1_136' title='bbox 406 2436 536 2511; x_wconf 87' lang='lat' dir='ltr'><strong>scripturn</strong></span> <span class='ocrx_word' id='word_1_137' title='bbox 563 2443 606 2490; x_wconf 86' lang='lat' dir='ltr'><strong>est</strong></span> 
     </span>
    </p>
   </div>
   <div class='ocr_carea' id='block_1_5' title="bbox 158 2520 618 2596">
    <p class='ocr_par' dir='ltr' id='par_1_6' title="bbox 158 2520 618 2596">
     <span class='ocr_line' id='line_1_24' title="bbox 158 2520 618 2596; baseline 0.011 -22"><span class='ocrx_word' id='word_1_138' title='bbox 158 2520 213 2575; x_wconf 90' lang='lat' dir='ltr'><strong>nisi</strong></span> <span class='ocrx_word' id='word_1_139' title='bbox 230 2521 378 2596; x_wconf 78' lang='lat' dir='ltr'><strong>diuisque,</strong></span> <span class='ocrx_word' id='word_1_140' title='bbox 398 2542 457 2578; x_wconf 88' lang='lat' dir='ltr'><strong>cum</strong></span> <span class='ocrx_word' id='word_1_141' title='bbox 476 2524 557 2577; x_wconf 83' lang='lat' dir='ltr'><strong>etiam</strong></span> <span class='ocrx_word' id='word_1_142' title='bbox 573 2523 618 2579; x_wconf 64' lang='lat' dir='ltr'><strong>in,</strong></span> 
     </span>
    </p>
   </div>
   <div class='ocr_carea' id='block_1_6' title="bbox 156 2604 614 3207">
    <p class='ocr_par' dir='ltr' id='par_1_7' title="bbox 156 2604 614 3207">
     <span class='ocr_line' id='line_1_25' title="bbox 156 2604 611 2672; baseline 0.009 -11"><span class='ocrx_word' id='word_1_143' title='bbox 156 2605 231 2662; x_wconf 83' lang='lat' dir='ltr'><strong>Harl.</strong></span> <span class='ocrx_word' id='word_1_144' title='bbox 241 2627 259 2665; x_wconf 93' lang='grc' dir='ltr'><strong>ι.</strong></span> <span class='ocrx_word' id='word_1_145' title='bbox 270 2604 345 2664; x_wconf 85' lang='lat' dir='ltr'><strong>Leid</strong></span> <span class='ocrx_word' id='word_1_146' title='bbox 356 2629 374 2666; x_wconf 88' lang='lat'><strong>1.</strong></span> <span class='ocrx_word' id='word_1_147' title='bbox 384 2607 441 2667; x_wconf 80' lang='lat' dir='ltr'><strong>Pul.</strong></span> <span class='ocrx_word' id='word_1_148' title='bbox 450 2613 476 2666; x_wconf 84' lang='lat'><strong>3.</strong></span> <span class='ocrx_word' id='word_1_149' title='bbox 485 2607 566 2667; x_wconf 73' lang='lat' dir='ltr'><strong>Voss.</strong></span> <span class='ocrx_word' id='word_1_150' title='bbox 575 2627 611 2672; x_wconf 86' lang='grc' dir='ltr'><strong>ιι.Ι</strong></span> 
     </span>
     <span class='ocr_line' id='line_1_26' title="bbox 156 2696 606 2772; baseline 0.007 -24"><span class='ocrx_word' id='word_1_151' title='bbox 156 2696 313 2770; x_wconf 72' lang='lat' dir='ltr'><strong>primisque</strong></span> <span class='ocrx_word' id='word_1_152' title='bbox 340 2697 484 2772; x_wconf 79' lang='lat' dir='ltr'><strong>binisque-</strong></span> <span class='ocrx_word' id='word_1_153' title='bbox 511 2699 606 2753; x_wconf 53' lang='lat' dir='ltr'><strong>iuven*</strong></span> 
     </span>
     <span class='ocr_line' id='line_1_27' title="bbox 158 2781 614 2857; baseline 0.002 -20"><span class='ocrx_word' id='word_1_154' title='bbox 158 2791 218 2837; x_wconf 86' lang='lat' dir='ltr'><strong>tum</strong></span> <span class='ocrx_word' id='word_1_155' title='bbox 236 2783 279 2838; x_wconf 85' lang='lat' dir='ltr'><strong>sit.</strong></span> <span class='ocrx_word' id='word_1_156' title='bbox 307 2781 380 2857; x_wconf 91' lang='lat' dir='ltr'><strong>quod</strong></span> <span class='ocrx_word' id='word_1_157' title='bbox 393 2802 455 2838; x_wconf 88' lang='lat' dir='ltr'><strong>cum</strong></span> <span class='ocrx_word' id='word_1_158' title='bbox 466 2781 614 2845; x_wconf 83' lang='lat' dir='ltr'><strong>ferendum,</strong></span> 
     </span>
     <span class='ocr_line' id='line_1_28' title="bbox 160 2865 607 2934; baseline 0.007 -12"><span class='ocrx_word' id='word_1_159' title='bbox 160 2887 216 2922; x_wconf 84' lang='lat' dir='ltr'><strong>non</strong></span> <span class='ocrx_word' id='word_1_160' title='bbox 229 2865 374 2934; x_wconf 81' lang='lat' dir='ltr'><strong>videretur,</strong></span> <span class='ocrx_word' id='word_1_161' title='bbox 392 2869 421 2922; x_wconf 92' lang='lat' dir='ltr'><strong>in</strong></span> <span class='ocrx_word' id='word_1_162' title='bbox 439 2867 500 2926; x_wconf 84' lang='lat' dir='ltr'><strong>cod.</strong></span> <span class='ocrx_word' id='word_1_163' title='bbox 512 2867 607 2926; x_wconf 76' lang='lat' dir='ltr'><strong>Gelon.</strong></span> 
     </span>
     <span class='ocr_line' id='line_1_29' title="bbox 158 2954 607 3032; baseline 0 -20"><span class='ocrx_word' id='word_1_164' title='bbox 158 2955 289 3032; x_wconf 74' lang='lat' dir='ltr'><strong>scriptum</strong></span> <span class='ocrx_word' id='word_1_165' title='bbox 318 2954 503 3010; x_wconf 78' lang='lat' dir='ltr'><strong>esse&#39;dicitur</strong></span> <span class='ocrx_word' id='word_1_166' title='bbox 517 2956 607 3017; x_wconf 81' lang='lat' dir='ltr'><strong>binis,-</strong></span> 
     </span>
     <span class='ocr_line' id='line_1_30' title="bbox 160 3043 614 3118; baseline 0.004 -20"><span class='ocrx_word' id='word_1_167' title='bbox 160 3062 218 3118; x_wconf 81' lang='lat' dir='ltr'><strong>que</strong></span> <span class='ocrx_word' id='word_1_168' title='bbox 242 3043 339 3116; x_wconf 82' lang='lat' dir='ltr'><strong>priuis</strong></span> <span class='ocrx_word' id='word_1_169' title='bbox 365 3043 481 3100; x_wconf 80' lang='lat' dir='ltr'><strong>tunicis.</strong></span> <span class='ocrx_word' id='word_1_170' title='bbox 511 3061 614 3100; x_wconf 79' lang='lat' dir='ltr'><strong>verum.</strong></span> 
     </span>
     <span class='ocr_line' id='line_1_31' title="bbox 157 3128 608 3207; baseline 0.004 -22"><span class='ocrx_word' id='word_1_171' title='bbox 157 3132 206 3207; x_wconf 91' lang='lat' dir='ltr'><strong>qui</strong></span> <span class='ocrx_word' id='word_1_172' title='bbox 227 3139 318 3205; x_wconf 83' lang='lat' dir='ltr'><strong>potest</strong></span> <span class='ocrx_word' id='word_1_173' title='bbox 341 3152 355 3185; x_wconf 80' lang='lat' dir='ltr'>a</span> <span class='ocrx_word' id='word_1_174' title='bbox 373 3128 453 3188; x_wconf 87' lang='lat' dir='ltr'><strong>Livio</strong></span> <span class='ocrx_word' id='word_1_175' title='bbox 474 3132 608 3206; x_wconf 86' lang='lat' dir='ltr'><strong>scriptum</strong></span> 
     </span>
    </p>
   </div>
   <div class='ocr_carea' id='block_1_7' title="bbox 158 3217 669 3285">
    <p class='ocr_par' dir='ltr' id='par_1_8' title="bbox 158 3217 669 3285">
     <span class='ocr_line' id='line_1_32' title="bbox 158 3217 669 3285; baseline 0.006 -13"><span class='ocrx_word' id='word_1_176' title='bbox 158 3237 232 3285; x_wconf 87' lang='lat' dir='ltr'><strong>esse,</strong></span> <span class='ocrx_word' id='word_1_177' title='bbox 258 3217 394 3277; x_wconf 87' lang='lat' dir='ltr'><strong>consulem</strong></span> <span class='ocrx_word' id='word_1_178' title='bbox 416 3219 533 3279; x_wconf 83' lang='lat' dir='ltr'><strong>donasse</strong></span> <span class='ocrx_word' id='word_1_179' title='bbox 550 3217 605 3275; x_wconf 88' lang='lat' dir='ltr'><strong>illis</strong></span> <span class='ocrx_word' id='word_1_180' title='bbox 666 3257 669 3261; x_wconf 95' lang='lat'>-</span> 
     </span>
    </p>
   </div>
   <div class='ocr_carea' id='block_1_8' title="bbox 124 3303 614 3384">
    <p class='ocr_par' dir='ltr' id='par_1_9' title="bbox 124 3303 614 3384">
     <span class='ocr_line' id='line_1_33' title="bbox 124 3303 614 3384; baseline -0.006 -20"><span class='ocrx_word' id='word_1_181' title='bbox 124 3350 136 3364; x_wconf 87' lang='lat'>.</span> <span class='ocrx_word' id='word_1_182' title='bbox 158 3303 291 3360; x_wconf 78' lang='lat' dir='ltr'><strong>militibus</strong></span> <span class='ocrx_word' id='word_1_183' title='bbox 318 3305 396 3361; x_wconf 79' lang='lat' dir='ltr'><strong>binus</strong></span> <span class='ocrx_word' id='word_1_184' title='bbox 417 3309 523 3362; x_wconf 83' lang='lat' dir='ltr'><strong>tunioos</strong></span> <span class='ocrx_word' id='word_1_185' title='bbox 549 3310 614 3384; x_wconf 67' lang='lat' dir='ltr'><strong>pri·,</strong></span> 
     </span>
    </p>
   </div>
   <div class='ocr_carea' id='block_1_9' title="bbox 158 3393 652 3469">
    <p class='ocr_par' dir='ltr' id='par_1_10' title="bbox 158 3393 652 3469">
     <span class='ocr_line' id='line_1_34' title="bbox 158 3393 652 3469; baseline 0.004 -21"><span class='ocrx_word' id='word_1_186' title='bbox 158 3395 222 3448; x_wconf 76' lang='lat' dir='ltr'><strong>vast</strong></span> <span class='ocrx_word' id='word_1_187' title='bbox 246 3411 308 3448; x_wconf 86' lang='lat' dir='ltr'><strong>num</strong></span> <span class='ocrx_word' id='word_1_188' title='bbox 336 3393 409 3466; x_wconf 91' lang='lat' dir='ltr'><strong>quod</strong></span> <span class='ocrx_word' id='word_1_189' title='bbox 433 3395 606 3450; x_wconf 80' lang='lat' dir='ltr'><strong>Drakenbor·</strong></span> <span class='ocrx_word' id='word_1_190' title='bbox 650 3464 652 3469; x_wconf 26' lang='grc' dir='ltr'>Ι</span> 
     </span>
    </p>
   </div>
   <div class='ocr_carea' id='block_1_10' title="bbox 102 3476 611 4162">
    <p class='ocr_par' dir='ltr' id='par_1_11' title="bbox 102 3476 611 4162">
     <span class='ocr_line' id='line_1_35' title="bbox 160 3476 607 3552; baseline 0.002 -19"><span class='ocrx_word' id='word_1_191' title='bbox 160 3476 237 3534; x_wconf 85' lang='lat' dir='ltr'><strong>chius</strong></span> <span class='ocrx_word' id='word_1_192' title='bbox 255 3479 416 3552; x_wconf 79' lang='lat' dir='ltr'><strong>persuadere</strong></span> <span class='ocrx_word' id='word_1_193' title='bbox 433 3480 505 3549; x_wconf 84' lang='lat' dir='ltr'><strong>vult,</strong></span> <span class='ocrx_word' id='word_1_194' title='bbox 528 3481 607 3535; x_wconf 83' lang='lat' dir='ltr'><strong>binas</strong></span> 
     </span>
     <span class='ocr_line' id='line_1_36' title="bbox 158 3566 605 3644; baseline 0 -24"><span class='ocrx_word' id='word_1_195' title='bbox 158 3567 251 3644; x_wconf 82' lang='lat' dir='ltr'><strong>prives</strong></span> <span class='ocrx_word' id='word_1_196' title='bbox 268 3566 371 3619; x_wconf 78' lang='lat' dir='ltr'><strong>tunicas</strong></span> <span class='ocrx_word' id='word_1_197' title='bbox 389 3584 449 3620; x_wconf 87' lang='lat' dir='ltr'><strong>esso</strong></span> <span class='ocrx_word' id='word_1_198' title='bbox 470 3567 546 3627; x_wconf 81' lang='lat' dir='ltr'><strong>binas</strong></span> <span class='ocrx_word' id='word_1_199' title='bbox 565 3577 605 3621; x_wconf 85' lang='lat' dir='ltr'><strong>tu·</strong></span> 
     </span>
     <span class='ocr_line' id='line_1_37' title="bbox 102 3652 609 3730; baseline -0.004 -22"><span class='ocrx_word' id='word_1_200' title='bbox 102 3652 106 3659; x_wconf 81' lang='grc'><strong><em>’</em></strong></span> <span class='ocrx_word' id='word_1_201' title='bbox 161 3653 236 3708; x_wconf 80' lang='lat' dir='ltr'><strong>nicos</strong></span> <span class='ocrx_word' id='word_1_202' title='bbox 255 3671 321 3727; x_wconf 81' lang='lat' dir='ltr'><strong>quos</strong></span> <span class='ocrx_word' id='word_1_203' title='bbox 345 3652 459 3728; x_wconf 87' lang='lat' dir='ltr'><strong>quisque</strong></span> <span class='ocrx_word' id='word_1_204' title='bbox 480 3655 609 3730; x_wconf 76' lang='lat' dir='ltr'><strong>privatim</strong></span> 
     </span>
     <span class='ocr_line' id='line_1_38' title="bbox 159 3737 611 3816; baseline -0.009 -21"><span class='ocrx_word' id='word_1_205' title='bbox 159 3737 314 3814; x_wconf 78' lang='lat' dir='ltr'><strong>singulatim</strong></span> <span class='ocrx_word' id='word_1_206' title='bbox 332 3743 477 3816; x_wconf 80' lang='lat' dir='ltr'><strong>occeperit,</strong></span> <span class='ocrx_word' id='word_1_207' title='bbox 496 3740 548 3795; x_wconf 89' lang='lat' dir='ltr'><strong>boe</strong></span> <span class='ocrx_word' id='word_1_208' title='bbox 565 3739 611 3794; x_wconf 59' lang='lat' dir='ltr'><strong>nir</strong></span> 
     </span>
     <span class='ocr_line' id='line_1_39' title="bbox 159 3825 608 3902; baseline -0.002 -16"><span class='ocrx_word' id='word_1_209' title='bbox 159 3825 200 3886; x_wconf 88' lang='lat' dir='ltr'><strong>bil</strong></span> <span class='ocrx_word' id='word_1_210' title='bbox 218 3847 282 3882; x_wconf 82' lang='lat' dir='ltr'><strong>sane</strong></span> <span class='ocrx_word' id='word_1_211' title='bbox 304 3837 360 3894; x_wconf 85' lang='lat' dir='ltr'><strong>est,</strong></span> <span class='ocrx_word' id='word_1_212' title='bbox 387 3847 446 3883; x_wconf 88' lang='lat' dir='ltr'><strong>cum</strong></span> <span class='ocrx_word' id='word_1_213' title='bbox 470 3826 608 3902; x_wconf 83' lang='lat' dir='ltr'><strong>idipsum</strong></span> 
     </span>
     <span class='ocr_line' id='line_1_40' title="bbox 160 3913 607 3987; baseline -0.004 -17"><span class='ocrx_word' id='word_1_214' title='bbox 160 3917 190 3971; x_wconf 84' lang='lat' dir='ltr'><strong>in</strong></span> <span class='ocrx_word' id='word_1_215' title='bbox 217 3917 293 3971; x_wconf 83' lang='lat' dir='ltr'><strong>binis</strong></span> <span class='ocrx_word' id='word_1_216' title='bbox 320 3917 394 3985; x_wconf 82' lang='lat' dir='ltr'><strong>insit.</strong></span> <span class='ocrx_word' id='word_1_217' title='bbox 429 3913 498 3970; x_wconf 87' lang='lat' dir='ltr'><strong>nibil</strong></span> <span class='ocrx_word' id='word_1_218' title='bbox 526 3915 607 3987; x_wconf 81' lang='lat' dir='ltr'><strong>igitur</strong></span> 
     </span>
     <span class='ocr_line' id='line_1_41' title="bbox 164 4001 608 4079; baseline -0.002 -24"><span class='ocrx_word' id='word_1_219' title='bbox 164 4001 258 4058; x_wconf 90' lang='lat' dir='ltr'><strong>dubito</strong></span> <span class='ocrx_word' id='word_1_220' title='bbox 281 4003 358 4079; x_wconf 86' lang='lat' dir='ltr'><strong>quin,</strong></span> <span class='ocrx_word' id='word_1_221' title='bbox 385 4021 446 4059; x_wconf 88' lang='lat' dir='ltr'><strong>cum</strong></span> <span class='ocrx_word' id='word_1_222' title='bbox 467 4019 522 4058; x_wconf 80' lang='lat' dir='ltr'><strong>vox</strong></span> <span class='ocrx_word' id='word_1_223' title='bbox 547 4001 608 4074; x_wconf 84' lang='lat' dir='ltr'><strong>pri·</strong></span> 
     </span>
     <span class='ocr_line' id='line_1_42' title="bbox 162 4085 607 4162; baseline 0.002 -21"><span class='ocrx_word' id='word_1_224' title='bbox 162 4105 232 4143; x_wconf 80' lang='lat' dir='ltr'><strong>oum</strong></span> <span class='ocrx_word' id='word_1_225' title='bbox 255 4091 412 4162; x_wconf 81' lang='lat' dir='ltr'><strong>antiquioris</strong></span> <span class='ocrx_word' id='word_1_226' title='bbox 433 4088 528 4144; x_wconf 75' lang='lat' dir='ltr'><strong>aetatis</strong></span> <span class='ocrx_word' id='word_1_227' title='bbox 551 4085 607 4143; x_wconf 77' lang='lat' dir='ltr'><strong>lue·</strong></span> 
     </span>
    </p>
   </div>
   <div class='ocr_carea' id='block_1_11' title="bbox 747 1120 1241 2243">
    <p class='ocr_par' dir='ltr' id='par_1_12' title="bbox 747 1120 1241 2243">
     <span class='ocr_line' id='line_1_43' title="bbox 750 1120 1198 1203; baseline -0.018 -18"><span class='ocrx_word' id='word_1_228' title='bbox 750 1143 849 1192; x_wconf 78' lang='lat' dir='ltr'><strong>vocem</strong></span> <span class='ocrx_word' id='word_1_229' title='bbox 872 1122 915 1183; x_wconf 82' lang='lat' dir='ltr'><strong>rel</strong></span> <span class='ocrx_word' id='word_1_230' title='bbox 941 1123 1082 1185; x_wconf 74' lang='lat' dir='ltr'><strong>usitatiore</strong></span> <span class='ocrx_word' id='word_1_231' title='bbox 1108 1120 1198 1203; x_wconf 75' lang='lat' dir='ltr'><strong>alique</strong></span> 
     </span>
     <span class='ocr_line' id='line_1_44' title="bbox 749 1207 1198 1277; baseline -0.004 -10"><span class='ocrx_word' id='word_1_232' title='bbox 749 1212 908 1268; x_wconf 82' lang='lat' dir='ltr'><strong>recentioris</strong></span> <span class='ocrx_word' id='word_1_233' title='bbox 932 1213 1028 1277; x_wconf 78' lang='lat' dir='ltr'><strong>oetetis</strong></span> <span class='ocrx_word' id='word_1_234' title='bbox 1048 1207 1092 1268; x_wconf 84' lang='lat' dir='ltr'><strong>vel</strong></span> <span class='ocrx_word' id='word_1_235' title='bbox 1114 1207 1198 1271; x_wconf 81' lang='lat' dir='ltr'><strong>simili</strong></span> 
     </span>
     <span class='ocr_line' id='line_1_45' title="bbox 750 1293 1196 1377; baseline -0.007 -24"><span class='ocrx_word' id='word_1_236' title='bbox 750 1296 865 1374; x_wconf 81' lang='lat' dir='ltr'><strong>quadam</strong></span> <span class='ocrx_word' id='word_1_237' title='bbox 893 1306 1069 1377; x_wconf 73' lang='lat' dir='ltr'><strong>permutatam</strong></span> <span class='ocrx_word' id='word_1_238' title='bbox 1105 1293 1196 1354; x_wconf 84' lang='lat' dir='ltr'><strong>roluc-</strong></span> 
     </span>
     <span class='ocr_line' id='line_1_46' title="bbox 749 1383 1241 1463; baseline -0.008 -23"><span class='ocrx_word' id='word_1_239' title='bbox 749 1386 817 1440; x_wconf 88' lang='lat' dir='ltr'><strong>rint:</strong></span> <span class='ocrx_word' id='word_1_240' title='bbox 835 1405 1046 1463; x_wconf 82' lang='lat' dir='ltr'><strong>persuasumque</strong></span> <span class='ocrx_word' id='word_1_241' title='bbox 1063 1383 1149 1440; x_wconf 74' lang='lat' dir='ltr'><strong>babeo</strong></span> <span class='ocrx_word' id='word_1_242' title='bbox 1169 1389 1196 1437; x_wconf 81' lang='lat' dir='ltr'><strong>et</strong></span> <span class='ocrx_word' id='word_1_243' title='bbox 1237 1402 1241 1408; x_wconf 87' lang='lat'>·</span> 
     </span>
     <span class='ocr_line' id='line_1_47' title="bbox 749 1469 1196 1550; baseline 0 -24"><span class='ocrx_word' id='word_1_244' title='bbox 749 1473 794 1541; x_wconf 76' lang='lat' dir='ltr'><strong>nt,</strong></span> <span class='ocrx_word' id='word_1_245' title='bbox 807 1475 850 1528; x_wconf 83' lang='lat'><strong>13.</strong></span> <span class='ocrx_word' id='word_1_246' title='bbox 862 1470 985 1550; x_wconf 88' lang='lat' dir='ltr'><strong>Lipsinm</strong></span> <span class='ocrx_word' id='word_1_247' title='bbox 995 1483 1068 1529; x_wconf 86' lang='lat' dir='ltr'><strong>reete</strong></span> <span class='ocrx_word' id='word_1_248' title='bbox 1084 1469 1196 1536; x_wconf 75' lang='lat' dir='ltr'><strong>vidisse,</strong></span> 
     </span>
     <span class='ocr_line' id='line_1_48' title="bbox 749 1556 1196 1635; baseline -0.025 -13"><span class='ocrx_word' id='word_1_249' title='bbox 749 1580 815 1621; x_wconf 74' lang='lat' dir='ltr'><strong>cvm</strong></span> <span class='ocrx_word' id='word_1_250' title='bbox 828 1562 905 1620; x_wconf 76' lang='lat' dir='ltr'><strong>binio</strong></span> <span class='ocrx_word' id='word_1_251' title='bbox 916 1560 1096 1635; x_wconf 70' lang='lat' dir='ltr'><strong>vestimentis</strong></span> <span class='ocrx_word' id='word_1_252' title='bbox 1108 1556 1196 1613; x_wconf 86' lang='lat' dir='ltr'><strong>eidem</strong></span> 
     </span>
     <span class='ocr_line' id='line_1_49' title="bbox 751 1641 1197 1729; baseline -0.011 -26"><span class='ocrx_word' id='word_1_253' title='bbox 751 1668 835 1729; x_wconf 67' lang='lat' dir='ltr'><strong>pravo</strong></span> <span class='ocrx_word' id='word_1_254' title='bbox 853 1647 1023 1710; x_wconf 75' lang='lat' dir='ltr'><strong>librariorum</strong></span> <span class='ocrx_word' id='word_1_255' title='bbox 1036 1641 1197 1725; x_wconf 75' lang='lat' dir='ltr'><strong>emendandi</strong></span> 
     </span>
     <span class='ocr_line' id='line_1_50' title="bbox 749 1734 1197 1812; baseline -0.013 -22"><span class='ocrx_word' id='word_1_256' title='bbox 749 1735 840 1791; x_wconf 85' lang='lat' dir='ltr'><strong>studio</strong></span> <span class='ocrx_word' id='word_1_257' title='bbox 871 1734 978 1801; x_wconf 89' lang='lat' dir='ltr'><strong>deberi,</strong></span> <span class='ocrx_word' id='word_1_258' title='bbox 1013 1735 1197 1812; x_wconf 79' lang='lat' dir='ltr'><strong>integramque</strong></span> 
     </span>
     <span class='ocr_line' id='line_1_51' title="bbox 749 1817 1196 1898; baseline -0.013 -20"><span class='ocrx_word' id='word_1_259' title='bbox 749 1823 808 1878; x_wconf 87' lang='lat' dir='ltr'><strong>eius</strong></span> <span class='ocrx_word' id='word_1_260' title='bbox 836 1819 891 1878; x_wconf 91' lang='lat' dir='ltr'><strong>loci</strong></span> <span class='ocrx_word' id='word_1_261' title='bbox 921 1823 1081 1898; x_wconf 82' lang='lat' dir='ltr'><strong>scripturum</strong></span> <span class='ocrx_word' id='word_1_262' title='bbox 1112 1817 1196 1874; x_wconf 83' lang='lat' dir='ltr'><strong>luisse</strong></span> 
     </span>
     <span class='ocr_line' id='line_1_52' title="bbox 749 1906 1196 1987; baseline -0.016 -22"><span class='ocrx_word' id='word_1_263' title='bbox 749 1911 919 1984; x_wconf 72' lang='lat' dir='ltr'><strong>cumprimis</strong></span> <span class='ocrx_word' id='word_1_264' title='bbox 932 1906 1122 1987; x_wconf 70' lang='lat' dir='ltr'><strong>uestimentis.</strong></span> <span class='ocrx_word' id='word_1_265' title='bbox 1135 1922 1196 1959; x_wconf 91' lang='lat' dir='ltr'><strong>cnm</strong></span> 
     </span>
     <span class='ocr_line' id='line_1_53' title="bbox 747 1994 1196 2072; baseline -0.009 -19"><span class='ocrx_word' id='word_1_266' title='bbox 747 1998 830 2072; x_wconf 82' lang='lat' dir='ltr'><strong>igitur</strong></span> <span class='ocrx_word' id='word_1_267' title='bbox 848 2006 876 2052; x_wconf 88' lang='lat' dir='ltr'><strong>et</strong></span> <span class='ocrx_word' id='word_1_268' title='bbox 893 1994 958 2051; x_wconf 81' lang='lat' dir='ltr'><strong>elias</strong></span> <span class='ocrx_word' id='word_1_269' title='bbox 973 1997 1002 2050; x_wconf 92' lang='lat' dir='ltr'><strong>in</strong></span> <span class='ocrx_word' id='word_1_270' title='bbox 1014 1995 1133 2068; x_wconf 80' lang='lat' dir='ltr'><strong>margine</strong></span> <span class='ocrx_word' id='word_1_271' title='bbox 1151 2009 1196 2049; x_wconf 82' lang='lat' dir='ltr'><strong>eo.-</strong></span> 
     </span>
     <span class='ocr_line' id='line_1_54' title="bbox 749 2082 1196 2158; baseline -0.02 -18"><span class='ocrx_word' id='word_1_272' title='bbox 749 2083 819 2140; x_wconf 87' lang='lat' dir='ltr'><strong>dicis</strong></span> <span class='ocrx_word' id='word_1_273' title='bbox 831 2082 852 2139; x_wconf 92' lang='lat' dir='ltr'>P</span> <span class='ocrx_word' id='word_1_274' title='bbox 864 2102 955 2141; x_wconf 82' lang='lat' dir='ltr'><strong>veram</strong></span> <span class='ocrx_word' id='word_1_275' title='bbox 967 2084 1128 2158; x_wconf 77' lang='lat' dir='ltr'><strong>scripturum</strong></span> <span class='ocrx_word' id='word_1_276' title='bbox 1139 2095 1196 2133; x_wconf 85' lang='lat' dir='ltr'><strong>rer·</strong></span> 
     </span>
     <span class='ocr_line' id='line_1_55' title="bbox 750 2166 1196 2243; baseline -0.022 -14"><span class='ocrx_word' id='word_1_277' title='bbox 750 2180 838 2229; x_wconf 82' lang='lat' dir='ltr'><strong>votem</strong></span> <span class='ocrx_word' id='word_1_278' title='bbox 850 2170 997 2243; x_wconf 79' lang='lat' dir='ltr'><strong>videamus,</strong></span> <span class='ocrx_word' id='word_1_279' title='bbox 1015 2188 1065 2224; x_wconf 85' lang='lat' dir='ltr'><strong>nec</strong></span> <span class='ocrx_word' id='word_1_280' title='bbox 1075 2166 1135 2222; x_wconf 88' lang='lat' dir='ltr'><strong>lieri</strong></span> <span class='ocrx_word' id='word_1_281' title='bbox 1147 2183 1196 2241; x_wconf 92' lang='lat' dir='ltr'><strong>po-</strong></span> 
     </span>
    </p>
   </div>
   <div class='ocr_carea' id='block_1_12' title="bbox 749 2253 1288 2332">
    <p class='ocr_par' dir='ltr' id='par_1_13' title="bbox 749 2253 1288 2332">
     <span class='ocr_line' id='line_1_56' title="bbox 749 2253 1288 2332; baseline -0.019 -18"><span class='ocrx_word' id='word_1_282' title='bbox 749 2261 844 2327; x_wconf 85' lang='lat' dir='ltr'><strong>tuerit,</strong></span> <span class='ocrx_word' id='word_1_283' title='bbox 867 2258 939 2319; x_wconf 57' lang='grc' dir='ltr'><strong>ιιι-Οἱ</strong></span> <span class='ocrx_word' id='word_1_284' title='bbox 963 2257 1100 2332; x_wconf 80' lang='lat' dir='ltr'><strong>binisque</strong></span> <span class='ocrx_word' id='word_1_285' title='bbox 1120 2253 1195 2309; x_wconf 75' lang='lat' dir='ltr'><strong>tuni·</strong></span> <span class='ocrx_word' id='word_1_286' title='bbox 1222 2322 1224 2327; x_wconf 28' lang='grc' dir='ltr'>Ι</span> <span class='ocrx_word' id='word_1_287' title='bbox 1279 2290 1288 2305; x_wconf 45' lang='lat' dir='ltr'><strong>r</strong></span> 
     </span>
    </p>
   </div>
   <div class='ocr_carea' id='block_1_13' title="bbox 747 2340 1196 2421">
    <p class='ocr_par' dir='ltr' id='par_1_14' title="bbox 747 2340 1196 2421">
     <span class='ocr_line' id='line_1_57' title="bbox 747 2340 1196 2421; baseline -0.022 -18"><span class='ocrx_word' id='word_1_288' title='bbox 747 2349 791 2404; x_wconf 80' lang='lat' dir='ltr'><strong>eir</strong></span> <span class='ocrx_word' id='word_1_289' title='bbox 822 2347 930 2421; x_wconf 79' lang='lat' dir='ltr'><strong>antiqua</strong></span> <span class='ocrx_word' id='word_1_290' title='bbox 957 2363 1037 2400; x_wconf 81' lang='lat' dir='ltr'><strong>monn</strong></span> <span class='ocrx_word' id='word_1_291' title='bbox 1061 2340 1196 2416; x_wconf 78' lang='lat' dir='ltr'><strong>seriptum</strong></span> 
     </span>
    </p>
   </div>
   <div class='ocr_carea' id='block_1_14' title="bbox 684 2429 1196 2511">
    <p class='ocr_par' dir='ltr' id='par_1_15' title="bbox 684 2429 1196 2511">
     <span class='ocr_line' id='line_1_58' title="bbox 684 2429 1196 2511; baseline -0.02 -21"><span class='ocrx_word' id='word_1_292' title='bbox 684 2495 687 2500; x_wconf 64' lang='grc'><strong>,</strong></span> <span class='ocrx_word' id='word_1_293' title='bbox 747 2432 844 2502; x_wconf 86' lang='lat' dir='ltr'><strong>fuerit,</strong></span> <span class='ocrx_word' id='word_1_294' title='bbox 868 2452 919 2511; x_wconf 92' lang='lat' dir='ltr'><strong>pro</strong></span> <span class='ocrx_word' id='word_1_295' title='bbox 938 2452 971 2488; x_wconf 90' lang='lat' dir='ltr'><strong>eo</strong></span> <span class='ocrx_word' id='word_1_296' title='bbox 989 2451 1022 2487; x_wconf 85' lang='lat' dir='ltr'><strong>ex</strong></span> <span class='ocrx_word' id='word_1_297' title='bbox 1040 2429 1196 2484; x_wconf 71' lang='lat' dir='ltr'><strong>coniectura</strong></span> 
     </span>
    </p>
   </div>
   <div class='ocr_carea' id='block_1_15' title="bbox 746 2517 1276 4157">
    <p class='ocr_par' dir='ltr' id='par_1_16' title="bbox 746 2517 1276 4157">
     <span class='ocr_line' id='line_1_59' title="bbox 748 2517 1196 2600; baseline -0.025 -21"><span class='ocrx_word' id='word_1_298' title='bbox 748 2523 809 2600; x_wconf 85' lang='lat' dir='ltr'><strong>quis</strong></span> <span class='ocrx_word' id='word_1_299' title='bbox 829 2522 985 2599; x_wconf 80' lang='lat' dir='ltr'><strong>pqiuisque</strong></span> <span class='ocrx_word' id='word_1_300' title='bbox 1004 2517 1126 2574; x_wconf 82' lang='lat' dir='ltr'><strong>scribere</strong></span> <span class='ocrx_word' id='word_1_301' title='bbox 1140 2533 1196 2570; x_wconf 82' lang='lat' dir='ltr'><strong>me-</strong></span> 
     </span>
     <span class='ocr_line' id='line_1_60' title="bbox 747 2601 1197 2677; baseline -0.016 -13"><span class='ocrx_word' id='word_1_302' title='bbox 747 2608 837 2677; x_wconf 86' lang='lat' dir='ltr'><strong>luerit‚</strong></span> <span class='ocrx_word' id='word_1_303' title='bbox 856 2610 1019 2664; x_wconf 78' lang='lat' dir='ltr'><strong>contrarium</strong></span> <span class='ocrx_word' id='word_1_304' title='bbox 1037 2601 1197 2662; x_wconf 79' lang='lat' dir='ltr'><strong>autemveri</strong></span> 
     </span>
     <span class='ocr_line' id='line_1_61' title="bbox 748 2694 1197 2765; baseline -0.022 -13"><span class='ocrx_word' id='word_1_305' title='bbox 748 2695 914 2753; x_wconf 85' lang='lat' dir='ltr'><strong>simillimum</strong></span> <span class='ocrx_word' id='word_1_306' title='bbox 933 2694 1065 2761; x_wconf 80' lang='lat' dir='ltr'><strong>videatur,</strong></span> <span class='ocrx_word' id='word_1_307' title='bbox 1083 2706 1197 2765; x_wconf 85' lang='lat' dir='ltr'><strong>cumque</strong></span> 
     </span>
     <span class='ocr_line' id='line_1_62' title="bbox 747 2775 1198 2844; baseline -0.022 -7"><span class='ocrx_word' id='word_1_308' title='bbox 747 2783 782 2837; x_wconf 84' lang='lat' dir='ltr'><strong>in.</strong></span> <span class='ocrx_word' id='word_1_309' title='bbox 795 2781 955 2844; x_wconf 85' lang='lat' dir='ltr'><strong>melioribus</strong></span> <span class='ocrx_word' id='word_1_310' title='bbox 977 2780 1055 2834; x_wconf 85' lang='lat' dir='ltr'><strong>libris</strong></span> <span class='ocrx_word' id='word_1_311' title='bbox 1079 2776 1138 2832; x_wconf 76' lang='lat' dir='ltr'><strong>eliis</strong></span> <span class='ocrx_word' id='word_1_312' title='bbox 1156 2775 1198 2828; x_wconf 90' lang='lat' dir='ltr'><strong>ni-</strong></span> 
     </span>
     <span class='ocr_line' id='line_1_63' title="bbox 748 2858 1196 2938; baseline -0.025 -15"><span class='ocrx_word' id='word_1_313' title='bbox 748 2865 789 2923; x_wconf 83' lang='lat' dir='ltr'><strong>hil</strong></span> <span class='ocrx_word' id='word_1_314' title='bbox 816 2869 870 2922; x_wconf 83' lang='lat' dir='ltr'><strong>nisi</strong></span> <span class='ocrx_word' id='word_1_315' title='bbox 899 2868 1049 2938; x_wconf 69' lang='lat' dir='ltr'><strong>binisque,</strong></span> <span class='ocrx_word' id='word_1_316' title='bbox 1078 2864 1107 2916; x_wconf 86' lang='lat' dir='ltr'><strong>in</strong></span> <span class='ocrx_word' id='word_1_317' title='bbox 1136 2858 1196 2914; x_wconf 79' lang='lat' dir='ltr'><strong>aliis</strong></span> 
     </span>
     <span class='ocr_line' id='line_1_64' title="bbox 746 2947 1276 3030; baseline -0.025 -20"><span class='ocrx_word' id='word_1_318' title='bbox 746 2955 903 3030; x_wconf 78' lang='lat' dir='ltr'><strong>priuioque</strong></span> <span class='ocrx_word' id='word_1_319' title='bbox 924 2950 1060 3023; x_wconf 80' lang='lat' dir='ltr'><strong>binisque</strong></span> <span class='ocrx_word' id='word_1_320' title='bbox 1080 2947 1195 3022; x_wconf 78' lang='lat' dir='ltr'><strong>reperir-</strong></span> <span class='ocrx_word' id='word_1_321' title='bbox 1271 2971 1276 2984; x_wconf 71' lang='lat'>=</span> 
     </span>
     <span class='ocr_line' id='line_1_65' title="bbox 748 3029 1196 3109; baseline -0.018 -13"><span class='ocrx_word' id='word_1_322' title='bbox 748 3050 810 3109; x_wconf 87' lang='lat' dir='ltr'><strong>tur,</strong></span> <span class='ocrx_word' id='word_1_323' title='bbox 846 3048 873 3094; x_wconf 89' lang='lat' dir='ltr'><strong>et</strong></span> <span class='ocrx_word' id='word_1_324' title='bbox 898 3034 994 3094; x_wconf 87' lang='lat' dir='ltr'><strong>Livius</strong></span> <span class='ocrx_word' id='word_1_325' title='bbox 1023 3029 1125 3089; x_wconf 87' lang='lat' dir='ltr'><strong>similes</strong></span> <span class='ocrx_word' id='word_1_326' title='bbox 1151 3050 1196 3088; x_wconf 78' lang='lat' dir='ltr'><strong>res</strong></span> 
     </span>
     <span class='ocr_line' id='line_1_66' title="bbox 749 3121 1195 3204; baseline -0.027 -18"><span class='ocrx_word' id='word_1_327' title='bbox 749 3126 878 3204; x_wconf 81' lang='lat' dir='ltr'><strong>(singulis</strong></span> <span class='ocrx_word' id='word_1_328' title='bbox 891 3124 978 3185; x_wconf 87' lang='lat' dir='ltr'><strong>bubus</strong></span> <span class='ocrx_word' id='word_1_329' title='bbox 996 3152 1031 3170; x_wconf 80' lang='lat'><em>-</em></span> <span class='ocrx_word' id='word_1_330' title='bbox 1049 3121 1135 3198; x_wconf 80' lang='lat' dir='ltr'><strong>privis</strong></span> <span class='ocrx_word' id='word_1_331' title='bbox 1153 3129 1195 3175; x_wconf 88' lang='lat' dir='ltr'><strong>tu·</strong></span> 
     </span>
     <span class='ocr_line' id='line_1_67' title="bbox 747 3205 1200 3288; baseline -0.029 -14"><span class='ocrx_word' id='word_1_332' title='bbox 747 3218 833 3286; x_wconf 80' lang='lat' dir='ltr'><strong>nisis)</strong></span> <span class='ocrx_word' id='word_1_333' title='bbox 852 3214 911 3271; x_wconf 82' lang='lat' dir='ltr'><strong>eliis</strong></span> <span class='ocrx_word' id='word_1_334' title='bbox 930 3221 1010 3288; x_wconf 79' lang='lat' dir='ltr'><strong>atque</strong></span> <span class='ocrx_word' id='word_1_335' title='bbox 1028 3208 1088 3265; x_wconf 81' lang='lat' dir='ltr'><strong>eliis</strong></span> <span class='ocrx_word' id='word_1_336' title='bbox 1105 3205 1200 3265; x_wconf 84' lang='lat' dir='ltr'><strong>verbis</strong></span> 
     </span>
     <span class='ocr_line' id='line_1_68' title="bbox 747 3293 1197 3381; baseline -0.033 -20"><span class='ocrx_word' id='word_1_337' title='bbox 747 3305 897 3381; x_wconf 82' lang='lat' dir='ltr'><strong>exprimere</strong></span> <span class='ocrx_word' id='word_1_338' title='bbox 915 3300 1011 3356; x_wconf 80' lang='lat' dir='ltr'><strong>solitus</strong></span> <span class='ocrx_word' id='word_1_339' title='bbox 1026 3300 1070 3362; x_wconf 80' lang='lat' dir='ltr'><strong>sit,</strong></span> <span class='ocrx_word' id='word_1_340' title='bbox 1086 3293 1197 3369; x_wconf 55' lang='lat' dir='ltr'><strong>priuis·¹</strong></span> 
     </span>
     <span class='ocr_line' id='line_1_69' title="bbox 751 3379 1197 3466; baseline -0.031 -19"><span class='ocrx_word' id='word_1_341' title='bbox 751 3410 809 3466; x_wconf 82' lang='lat' dir='ltr'><strong>que</strong></span> <span class='ocrx_word' id='word_1_342' title='bbox 820 3385 1103 3445; x_wconf 74' lang='lat' dir='ltr'><strong>tunicis—verissimam</strong></span> <span class='ocrx_word' id='word_1_343' title='bbox 1115 3379 1197 3434; x_wconf 76' lang='lat' dir='ltr'><strong>leuius</strong></span> 
     </span>
     <span class='ocr_line' id='line_1_70' title="bbox 747 3475 1202 3552; baseline -0.031 -20"><span class='ocrx_word' id='word_1_344' title='bbox 747 3477 802 3532; x_wconf 92' lang='lat' dir='ltr'><strong>loci</strong></span> <span class='ocrx_word' id='word_1_345' title='bbox 820 3477 981 3552; x_wconf 74' lang='lat' dir='ltr'><strong>scripturam</strong></span> <span class='ocrx_word' id='word_1_346' title='bbox 1003 3489 1063 3525; x_wconf 85' lang='lat' dir='ltr'><strong>esse</strong></span> <span class='ocrx_word' id='word_1_347' title='bbox 1085 3475 1202 3524; x_wconf 76' lang='lat' dir='ltr'><strong>eonten·¹</strong></span> 
     </span>
     <span class='ocr_line' id='line_1_71' title="bbox 749 3549 1195 3623; baseline -0.02 -4"><span class='ocrx_word' id='word_1_348' title='bbox 749 3564 814 3619; x_wconf 86' lang='lat' dir='ltr'><strong>dere</strong></span> <span class='ocrx_word' id='word_1_349' title='bbox 832 3559 1067 3617; x_wconf 81' lang='lat' dir='ltr'><strong>nondubitamus.</strong></span> <span class='ocrx_word' id='word_1_350' title='bbox 1101 3552 1145 3612; x_wconf 83' lang='lat' dir='ltr'><strong>Cf.</strong></span> <span class='ocrx_word' id='word_1_351' title='bbox 1158 3549 1195 3623; x_wconf 71' lang='lat' dir='ltr'><strong>L.</strong></span> 
     </span>
     <span class='ocr_line' id='line_1_72' title="bbox 748 3641 1195 3722; baseline -0.022 -15"><span class='ocrx_word' id='word_1_352' title='bbox 748 3650 915 3707; x_wconf 79' lang='lat' dir='ltr'><strong>Diiderliuus</strong></span> <span class='ocrx_word' id='word_1_353' title='bbox 933 3647 1035 3722; x_wconf 83' lang='lat' dir='ltr'><strong>Synon.</strong></span> <span class='ocrx_word' id='word_1_354' title='bbox 1053 3648 1078 3703; x_wconf 77' lang='lat'><strong>4.</strong></span> <span class='ocrx_word' id='word_1_355' title='bbox 1095 3663 1124 3722; x_wconf 90' lang='lat' dir='ltr'><strong>p.</strong></span> <span class='ocrx_word' id='word_1_356' title='bbox 1133 3641 1195 3698; x_wconf 78' lang='lat'><strong>343.</strong></span> 
     </span>
     <span class='ocr_line' id='line_1_73' title="bbox 750 3735 1195 3811; baseline -0.009 -22"><span class='ocrx_word' id='word_1_357' title='bbox 750 3769 785 3789; x_wconf 63' lang='lat'><strong>„-</strong></span> <span class='ocrx_word' id='word_1_358' title='bbox 815 3736 923 3793; x_wconf 86' lang='lat' dir='ltr'><strong>Deinde</strong></span> <span class='ocrx_word' id='word_1_359' title='bbox 951 3735 1107 3811; x_wconf 83' lang='lat' dir='ltr'><strong>scripsimus</strong></span> <span class='ocrx_word' id='word_1_360' title='bbox 1134 3748 1195 3787; x_wconf 84' lang='lat' dir='ltr'><strong>cum</strong></span> 
     </span>
     <span class='ocr_line' id='line_1_74' title="bbox 747 3823 1194 3886; baseline -0.02 -5"><span class='ocrx_word' id='word_1_361' title='bbox 747 3823 842 3884; x_wconf 82' lang='lat' dir='ltr'><strong>Lorel.</strong></span> <span class='ocrx_word' id='word_1_362' title='bbox 861 3827 886 3884; x_wconf 78' lang='lat' dir='ltr'><strong>l.</strong></span> <span class='ocrx_word' id='word_1_363' title='bbox 906 3825 1011 3881; x_wconf 72' lang='lat' dir='ltr'><strong>donati</strong></span> <span class='ocrx_word' id='word_1_364' title='bbox 1028 3829 1109 3886; x_wconf 79' lang='lat' dir='ltr'><strong>runt,</strong></span> <span class='ocrx_word' id='word_1_365' title='bbox 1134 3835 1194 3873; x_wconf 89' lang='lat' dir='ltr'><strong>curn</strong></span> 
     </span>
     <span class='ocr_line' id='line_1_75' title="bbox 749 3904 1194 3987; baseline -0.02 -19"><span class='ocrx_word' id='word_1_366' title='bbox 749 3915 829 3970; x_wconf 79' lang='lat' dir='ltr'><strong>etiem</strong></span> <span class='ocrx_word' id='word_1_367' title='bbox 846 3914 875 3968; x_wconf 86' lang='lat' dir='ltr'><strong>in</strong></span> <span class='ocrx_word' id='word_1_368' title='bbox 887 3910 915 3968; x_wconf 82' lang='lat' dir='ltr'><strong>nt</strong></span> <span class='ocrx_word' id='word_1_369' title='bbox 928 3909 1124 3987; x_wconf 86' lang='lat' dir='ltr'><strong>reppererimus</strong></span> <span class='ocrx_word' id='word_1_370' title='bbox 1143 3904 1194 3960; x_wconf 83' lang='lat' dir='ltr'><strong>do-</strong></span> 
     </span>
     <span class='ocr_line' id='line_1_76' title="bbox 750 3992 1262 4073; baseline -0.027 -18"><span class='ocrx_word' id='word_1_371' title='bbox 750 4002 847 4067; x_wconf 79' lang='lat' dir='ltr'><strong>natis,</strong></span> <span class='ocrx_word' id='word_1_372' title='bbox 875 3998 948 4073; x_wconf 90' lang='lat' dir='ltr'><strong>quod</strong></span> <span class='ocrx_word' id='word_1_373' title='bbox 973 3997 1032 4050; x_wconf 87' lang='lat' dir='ltr'><strong>sine</strong></span> <span class='ocrx_word' id='word_1_374' title='bbox 1050 3992 1133 4048; x_wconf 85' lang='lat' dir='ltr'><strong>dubio</strong></span> <span class='ocrx_word' id='word_1_375' title='bbox 1149 4008 1193 4044; x_wconf 78' lang='lat' dir='ltr'><strong>eo·</strong></span> <span class='ocrx_word' id='word_1_376' title='bbox 1254 4026 1262 4034; x_wconf 87' lang='lat'><em>-</em></span> 
     </span>
     <span class='ocr_line' id='line_1_77' title="bbox 750 4075 1193 4157; baseline -0.023 -15"><span class='ocrx_word' id='word_1_377' title='bbox 750 4083 812 4142; x_wconf 85' lang='lat' dir='ltr'><strong>dem</strong></span> <span class='ocrx_word' id='word_1_378' title='bbox 838 4084 936 4143; x_wconf 88' lang='lat' dir='ltr'><strong>mendo</strong></span> <span class='ocrx_word' id='word_1_379' title='bbox 965 4096 1019 4157; x_wconf 90' lang='lat' dir='ltr'><strong>pro</strong></span> <span class='ocrx_word' id='word_1_380' title='bbox 1046 4075 1151 4132; x_wconf 67' lang='lat' dir='ltr'><strong>dommi</strong></span> <span class='ocrx_word' id='word_1_381' title='bbox 1177 4081 1193 4132; x_wconf 73' lang='lat' dir='ltr'><strong>i</strong></span> 
     </span>
    </p>
   </div>
   <div class='ocr_carea' id='block_1_16' title="bbox 0 0 1314 4590">
    <p class='ocr_par' dir='ltr' id='par_1_17' title="bbox 0 0 1314 4590">
     <span class='ocr_line' id='line_1_78' title="bbox 0 0 1314 4590; baseline 0 0"><span class='ocrx_word' id='word_1_382' title='bbox 0 0 1314 4590; x_wconf 95' lang='lat' dir='ltr'><strong> </strong></span> 
     </span>
    </p>
   </div>
  </div>
 </body>
</html>
