2618 4590
167 198 246 287 lla'
351 164 354 169 Ι
629 232 802 295 mmm

171 396 326 465 consultis
354 396 502 488 perlectis
530 398 570 464 de
597 420 677 489 pace
704 396 846 479 Caudina
872 397 1072 465 rettulerunt.
1113 407 1153 464 et
1175 398 1276 465 Publi-

168 501 229 569 lius
251 525 350 591 penes
373 526 470 595 quem
487 502 589 569 fasces
605 513 694 571 erant
715 553 733 585 ‚,
740 503 790 569 dio
805 503 861 592 Sp.
877 501 1020 569 Postumi
1028 506 1048 536 ‘⁶
1071 500 1196 591 inquit.
1225 503 1273 592 qui

63 618 67 625 “
168 605 224 672 nbi
245 607 395 690 suneisit,
421 608 538 674 eodem
559 607 615 674 illo
638 605 728 673 vultu
749 631 815 697 quo
838 605 898 672 snb
921 606 1028 695 iugum
1051 605 1180 673 missus
1204 618 1272 689 erat,

168 710 278 793 „hand
298 734 371 777 sum
392 712 542 805 ignarus“
563 711 665 802 inquit
686 710 877 793 „consules,
906 709 1099 800 ignominiae
1128 735 1201 779 non
1222 710 1271 778 lio

137 814 254 881 tnoris
281 838 377 882 eausa
404 841 456 883 me
477 817 615 906 primum
639 816 810 885 excitatum
837 816 1023 905 iussumque
1050 816 1183 899 dicere,
1212 839 1269 882 non

166 929 331 1009 tamquam
352 931 533 988 senatorem
556 922 613 988 sed
634 932 799 1011 tamqnam
826 944 917 987 reum
944 945 1007 1010 qua
1033 920 1177 987 infelicis
1202 920 1268 987 belli

104 1008 107 1015 ¹
167 1046 230 1113 qna
251 1022 489 1112 ignominiosae·
501 1024 598 1116 pacis.
638 1049 698 1115 ego
720 1035 838 1108 tamen,
860 1026 986 1116 quando
1001 1048 1110 1114 neque
1127 1026 1173 1093 de
1189 1049 1275 1090 noxa·

166 1138 274 1195 nostra
296 1151 401 1218 neque
424 1129 464 1195 do
490 1152 594 1218 poena
622 1129 800 1212 rettulistis,
829 1129 946 1196 omissa
973 1128 1166 1198 defensione
1190 1152 1267 1218 quae

167 1254 233 1298 non
255 1231 436 1299 dillieillima
459 1244 545 1300 esset
566 1234 651 1323 apud
672 1233 759 1328 hand
781 1234 906 1324 ignaros
928 1234 1130 1300 fortunarum
1160 1234 1266 1300 hnma-

120 1352 156 1406 10
165 1358 278 1401 nomm
299 1336 613 1426 necessitatiumqne‚
641 1339 829 1406 sententiam
852 1340 891 1406 de
920 1363 960 1405 eo
988 1339 1028 1406 do
1057 1362 1126 1430 quo
1150 1337 1272 1406 rettuli

126 1460 130 1469 “
164 1437 221 1506 atis
242 1439 353 1530 paucis
375 1463 540 1530 peragam:
574 1466 656 1532 quae
678 1444 834 1511 sententia
861 1443 950 1511 testis
979 1444 1051 1528 erit,
1083 1442 1207 1510 mihine
1229 1465 1265 1508 an

820 1596 882 1691 dim
903 1634 983 1693 codd.
1003 1636 1088 1704 inest,
1110 1633 1165 1690 sed
1188 1631 1264 1711 paulo

789 1748 793 1765 ·
819 1731 881 1799 post
898 1725 1018 1800 seqnitur
1035 1722 1206 1781 rettulistis.

766 1810 793 1869 5.
819 1808 1265 1885 nontonqnomsenotoremaed

238 1650 269 1708 φ·
281 1632 340 1688 siis
350 1631 466 1705 ,ascetis
478 1632 516 1690 ds
525 1653 600 1709 pace
610 1653 679 1695 con·

49 1740 55 1749 ·
153 1722 156 1727 ’
234 1716 308 1773 dina
319 1720 510 1776 rettulerunt:
527 1718 598 1780 Hm.
607 1723 679 1780 ³.-

232 1803 260 1861 Μ
277 1825 313 1865 m.
334 1811 369 1865 l.:
394 1826 447 1882 qno
466 1809 548 1863 creati
565 1817 628 1863 sant
645 1827 677 1862 eo

232 1894 273 1949 sic
299 1896 370 1949 enim
396 1894 533 1972 placuerat
556 1895 677 1973 patribus

232 1982 414 2054 magistratum
426 1983 493 2041 inei.
505 1991 557 2040 eet.
575 1981 610 2037 P:
623 2001 676 2058 quo

232 2070 315 2124 creati
337 2077 401 2124 sont
423 2067 468 2125 die
489 2089 521 2124 eo
544 2070 584 2125 sie
603 2071 674 2125 enim

231 2153 367 2230 placuerat
390 2157 511 2230 patribus
538 2158 675 2229 magistra·

231 2252 286 2299 tam
314 2243 440 2299 inderent
466 2242 616 2308 sollemnib3
647 2264 674 2319 q.

232 2333 269 2382 st.
289 2329 323 2384 iis
339 2327 437 2404 plectis
456 2338 505 2390 eet,
537 2329 580 2389 Cl'.
600 2330 673 2405 quod

127 2416 133 2428 “
230 2412 264 2469 de
287 2412 318 2471 C.
337 2413 468 2470 Flaminio
491 2417 672 2488 magistratum

110 2510 116 2523 '
229 2501 338 2555 ineante
356 2502 400 2568 al,
422 2503 466 2559 63.
493 2501 593 2558 dietum
618 2512 673 2560 est:

229 2586 410 2654 „sollemnem
427 2598 551 2662 rotprum
573 2610 672 2646 nunco-

228 2676 362 2749 pationem
381 2675 488 2752 fugisse,
506 2697 540 2733 ne
553 2676 597 2733 die
611 2678 672 2733 initi
708 2715 718 2737 Ι

227 2764 396 2837 magistratus
413 2764 486 2822 lovis
504 2765 599 2841 optimi
616 2784 671 2819 ma·

142 2868 146 2881 ¹
225 2851 292 2908 ximi
310 2850 438 2928 templum
456 2851 551 2920 adiret,
577 2872 611 2908 ne
628 2873 671 2908 se·

226 2948 318 2994 natum
335 2941 437 2995 invisus
450 2941 509 3016 ipse
521 2949 548 2995 et
557 2939 610 2996 sibi
624 2943 670 2996 uni

225 3027 342 3081 invisum
372 3025 475 3083 videret
505 3025 669 3082 consuleret·

142 3154 146 3165 .
226 3132 287 3186 «pue,
306 3133 339 3167 ne
356 3110 466 3167 Latinas
484 3112 615 3167 indiceret
626 3112 668 3168 lo·

223 3202 305 3276 vique
333 3198 434 3255 Latiari
468 3197 597 3254 sollemne
626 3220 668 3254 sa-

225 3307 299 3343 ernm
312 3289 339 3342 in
352 3297 443 3342 monte
455 3284 529 3354 (scil.
546 3285 667 3357 Albano)

195 3382 198 3387 '
223 3374 322 3430 laceret
339 3383 391 3433 eet.
417 3406 451 3416 -
477 3372 539 3430 Pltl=
566 3383 593 3430 et
617 3395 667 3453 pu·

223 3461 304 3520 biius.
326 3460 369 3519 Cl.
387 3465 414 3530 8,
434 3463 476 3519 15.
494 3481 568 3538 seqq.
587 3493 619 3504 -
638 3461 666 3518 Μ

221 3566 257 3605 m.
272 3548 308 3605 l.=
326 3567 472 3624 penesque
486 3551 491 3619 Ι
508 3569 568 3606 uem
579 3549 665 3606 lassos

221 3643 304 3691 erant.
323 3654 358 3692 m.
376 3638 419 3694 3.:
439 3656 520 3712 penes
538 3644 590 3714 quia
605 3641 611 3710 Ι
626 3637 664 3695 la·

220 3739 280 3782 sees
299 3732 381 3776 erant.

168 3858 194 3919 l.
219 3859 305 3917 haud
326 3879 393 3916 sum
419 3863 543 3939 ignarus
568 3867 664 3942 inquit

219 3955 312 4006 cosan
325 3946 360 4006 Μ.
372 3979 407 3991 -
419 3947 453 4006 P:
466 3956 574 4018 ,‚eos“:
590 3953 664 4010 idem

218 4037 323 4095 consul
339 4037 367 4095 in
386 4039 539 4097 recentibus
555 4039 663 4119 quibus·

817 1906 970 1972 tamquam
987 1915 1069 1952 reum
1088 1916 1151 1971 qua
1167 1896 1263 1967 infeli·

817 1987 861 2041 cis
878 1984 949 2040 belli
966 2003 1027 2059 qua
1043 1984 1262 2061 ignominiosae

813 2073 915 2146 pacis.-
932 2070 967 2129 Μ.
992 2100 1025 2113 -
1054 2071 1094 2126 l':
1119 2091 1177 2126 non
1199 2080 1260 2125 tam·

814 2179 894 2234 quarn
911 2167 1062 2214 senatorem
1080 2157 1129 2213 sed
1155 2160 1259 2234 tiquam

814 2264 887 2301 reum
905 2266 985 2322 qnam
1003 2244 1119 2302 infelicis
1132 2244 1259 2321 bellique

780 2408 783 2415 Ι
812 2333 1006 2407 ignominiosae
1018 2334 1093 2410 pacis
1105 2352 1155 2406 ego
1173 2343 1259 2388 umen

815 2420 922 2496 qnando
947 2440 1033 2497 neque
1057 2419 1092 2475 de
1120 2440 1190 2475 noxa
1213 2440 1258 2474 no·

813 2518 885 2563 strae
903 2528 963 2586 neq.
984 2507 1018 2563 de
1030 2527 1115 2583 paene
1129 2507 1256 2563 retulistis
1270 2585 1275 2591 ἦ

813 2599 870 2663 (m.
894 2598 933 2654 2:
960 2599 1070 2671 poene).
1100 2626 1134 2637 -
1160 2593 1202 2651 ll:
1224 2593 1255 2650 de

812 2700 880 2759 pena
899 2681 1058 2742 settollistis.
1080 2713 1114 2726 -
1140 2681 1171 2738 ln
1190 2681 1253 2739 mul

811 2771 846 2824 tis
855 2789 923 2829 reor.
934 2768 1013 2828 codd.
1023 2788 1077 2825 non
1088 2789 1189 2844 qun-
1196 2789 1254 2846 quo

811 2859 844 2924 („
852 2856 932 2912 theils
942 2855 1021 2912 theils
1028 2860 1064 2928 ⁶⁴)
1074 2858 1205 2934 seriptum
1215 2866 1254 2912 est

795 2932 858 3002 'sed
875 2955 936 3000 tam
948 2976 982 2986 -
996 2964 1091 3021 quom.
1110 2944 1143 3002 el.
1157 2964 1200 3002 ex.
1213 2964 1253 3018 gr.

808 3034 834 3102 2,
852 3034 912 3090 35.:
937 3035 1031 3108 usique
1047 3039 1106 3089 sant
1123 3050 1175 3106 qna
1194 3035 1253 3087 suis

809 3120 921 3194 quisque
940 3140 990 3195 qua
1005 3120 1086 3175 totins
1097 3119 1202 3174 ordinis
1213 3122 1253 3175 vi·

807 3206 890 3264 ribus.
921 3209 951 3275 a,
969 3210 1026 3287 tin:
1053 3206 1103 3284 qias
1126 3206 1251 3263 eonsules

807 3293 883 3368 ipsos
913 3316 965 3373 qua
991 3299 1137 3350 exercituin
1166 3295 1251 3351 inere-

807 3380 905 3456 pando.
929 3414 963 3424 ·-
990 3381 1016 3438 Μ
1039 3385 1133 3440 m.1.:
1156 3381 1250 3439 diffiei-

805 3466 877 3528 lima.
896 3500 930 3513 -
954 3470 1015 3526 Pil:
1039 3473 1249 3527 necessitatium-

806 3575 866 3632 que.
879 3590 912 3600 -
931 3557 963 3614 P:
978 3558 1077 3634 dequo
1091 3557 1248 3617 settnllistis.

736 3644 778 3702 11.
804 3643 913 3702 mihine
940 3667 979 3702 nn
1006 3647 1176 3723 legionibus
1203 3669 1248 3704 ue·

803 3733 876 3787 stris
891 3734 1087 3805 pepercerim.-
1106 3733 1186 3793 Ρ.--
1208 3734 1248 3791 M:

803 3818 904 3873 mihine
921 3840 962 3874 am
980 3818 1132 3892 legionibus
1150 3833 1202 3880 eet.
1216 3856 1248 3864 -

801 3904 829 3962 Μ
844 3908 931 3964 m.1.:
949 3907 1055 3984 quando
1074 3909 1183 3967 iniussu
1201 3931 1247 3988 po·

802 3992 852 4071 pili
877 3994 944 4051 lacta
966 4002 990 4054 δ.
1021 4016 1057 4055 m.
1075 3997 1247 4084 &affl

803 4111 836 4125 -
854 4079 917 4178 l'llz
935 4102 990 4142 aaa
1007 4093 1113 4144 tenetur
1127 4108 1159 4162 p.
1171 4109 1196 4148 s.
1209 4108 1233 4150 n
