<?xml version="1.0" encoding="UTF-8"?>
<!DOCTYPE html PUBLIC "-//W3C//DTD XHTML 1.0 Transitional//EN"
    "http://www.w3.org/TR/xhtml1/DTD/xhtml1-transitional.dtd">
<html xmlns="http://www.w3.org/1999/xhtml" xml:lang="en" lang="en">
 <head>
  <title>
</title>
<meta http-equiv="Content-Type" content="text/html;charset=utf-8" />
  <meta name='ocr-system' content='tesseract 3.04.00' />
  <meta name='ocr-capabilities' content='ocr_page ocr_carea ocr_par ocr_line ocrx_word'/>
</head>
<body>
  <div class='ocr_page' id='page_1' title='image "./titilivirerumro01alscgoog_0191.png"; bbox 0 0 2618 4590; ppageno 0'>
   <div class='ocr_carea' id='block_1_1' title="bbox 186 208 928 336">
    <p class='ocr_par' dir='ltr' id='par_1_1' title="bbox 186 208 928 336">
     <span class='ocr_line' id='line_1_1' title="bbox 186 208 928 336; baseline 0.005 -6"><span class='ocrx_word' id='word_1_1' title='bbox 186 260 252 331; x_wconf 77' lang='lat' dir='ltr'><strong>rra</strong></span> <span class='ocrx_word' id='word_1_2' title='bbox 378 301 383 315; x_wconf 77' lang='lat'><strong>·</strong></span> <span class='ocrx_word' id='word_1_3' title='bbox 614 273 753 335; x_wconf 67' lang='lat' dir='ltr'><strong>arann</strong></span> <span class='ocrx_word' id='word_1_4' title='bbox 770 208 829 336; x_wconf 78' lang='lat' dir='ltr'><strong>ni.</strong></span> <span class='ocrx_word' id='word_1_5' title='bbox 922 314 928 325; x_wconf 92' lang='lat'><em>.</em></span> 
     </span>
    </p>
   </div>
   <div class='ocr_carea' id='block_1_2' title="bbox 52 430 1287 1790">
    <p class='ocr_par' dir='ltr' id='par_1_2' title="bbox 52 430 1287 1790">
     <span class='ocr_line' id='line_1_2' title="bbox 187 430 1286 531; baseline 0.001 -23"><span class='ocrx_word' id='word_1_6' title='bbox 187 450 252 523; x_wconf 86' lang='lat' dir='ltr'><strong>set,</strong></span> <span class='ocrx_word' id='word_1_7' title='bbox 276 436 378 506; x_wconf 85' lang='lat' dir='ltr'><strong>levius</strong></span> <span class='ocrx_word' id='word_1_8' title='bbox 406 430 466 505; x_wconf 78' lang='lat' dir='ltr'><strong>tut</strong></span> <span class='ocrx_word' id='word_1_9' title='bbox 492 439 581 530; x_wconf 91' lang='lat' dir='ltr'><strong>quod</strong></span> <span class='ocrx_word' id='word_1_10' title='bbox 602 435 713 506; x_wconf 85' lang='lat' dir='ltr'><strong>Gallos</strong></span> <span class='ocrx_word' id='word_1_11' title='bbox 740 460 817 506; x_wconf 89' lang='lat' dir='ltr'><strong>mox</strong></span> <span class='ocrx_word' id='word_1_12' title='bbox 839 437 1010 506; x_wconf 78' lang='lat' dir='ltr'><strong>Praeneste</strong></span> <span class='ocrx_word' id='word_1_13' title='bbox 1038 438 1164 507; x_wconf 86' lang='lat' dir='ltr'><strong>venisse</strong></span> <span class='ocrx_word' id='word_1_14' title='bbox 1191 450 1286 531; x_wconf 71' lang='lat' dir='ltr'><strong>atquc</strong></span> 
     </span>
     <span class='ocr_line' id='line_1_3' title="bbox 185 541 1287 614; baseline -0.001 -1"><span class='ocrx_word' id='word_1_15' title='bbox 185 546 260 613; x_wconf 90' lang='lat' dir='ltr'><strong>inde</strong></span> <span class='ocrx_word' id='word_1_16' title='bbox 283 544 364 611; x_wconf 89' lang='lat' dir='ltr'><strong>circa</strong></span> <span class='ocrx_word' id='word_1_17' title='bbox 385 542 508 610; x_wconf 90' lang='lat' dir='ltr'><strong>Pedum</strong></span> <span class='ocrx_word' id='word_1_18' title='bbox 537 542 719 611; x_wconf 82' lang='lat' dir='ltr'><strong>consedisse</strong></span> <span class='ocrx_word' id='word_1_19' title='bbox 748 543 890 611; x_wconf 89' lang='lat' dir='ltr'><strong>auditum</strong></span> <span class='ocrx_word' id='word_1_20' title='bbox 919 552 977 611; x_wconf 88' lang='lat' dir='ltr'><strong>est.</strong></span> <span class='ocrx_word' id='word_1_21' title='bbox 1016 541 1204 612; x_wconf 84' lang='lat' dir='ltr'><strong>dictatorem</strong></span> <span class='ocrx_word' id='word_1_22' title='bbox 1227 546 1287 614; x_wconf 91' lang='lat' dir='ltr'><strong>dici</strong></span> 
     </span>
     <span class='ocr_line' id='line_1_4' title="bbox 52 634 1287 741; baseline 0.005 -29"><span class='ocrx_word' id='word_1_23' title='bbox 52 700 60 712; x_wconf 86' lang='grc'><em>,</em></span> <span class='ocrx_word' id='word_1_24' title='bbox 128 732 132 741; x_wconf 33' lang='lat'><strong><em>¹</em></strong></span> <span class='ocrx_word' id='word_1_25' title='bbox 189 652 226 719; x_wconf 88' lang='lat' dir='ltr'><strong>G.</strong></span> <span class='ocrx_word' id='word_1_26' title='bbox 249 634 582 741; x_wconf 72' lang='lat' dir='ltr'><strong>supicium*placuit:</strong></span> <span class='ocrx_word' id='word_1_27' title='bbox 620 647 733 716; x_wconf 92' lang='lat' dir='ltr'><strong>consul</strong></span> <span class='ocrx_word' id='word_1_28' title='bbox 760 648 801 715; x_wconf 94' lang='lat' dir='ltr'><strong>ad</strong></span> <span class='ocrx_word' id='word_1_29' title='bbox 822 648 853 714; x_wconf 94' lang='lat' dir='ltr'><strong>id</strong></span> <span class='ocrx_word' id='word_1_30' title='bbox 877 648 996 715; x_wconf 89' lang='lat' dir='ltr'><strong>accitus</strong></span> <span class='ocrx_word' id='word_1_31' title='bbox 1019 647 1056 715; x_wconf 87' lang='lat' dir='ltr'><strong>C.</strong></span> <span class='ocrx_word' id='word_1_32' title='bbox 1078 649 1221 718; x_wconf 85' lang='lat' dir='ltr'><strong>Plautius</strong></span> <span class='ocrx_word' id='word_1_33' title='bbox 1245 651 1287 718; x_wconf 91' lang='lat' dir='ltr'><strong>di-</strong></span> 
     </span>
     <span class='ocr_line' id='line_1_5' title="bbox 186 741 1286 845; baseline 0 -21"><span class='ocrx_word' id='word_1_34' title='bbox 186 756 249 824; x_wconf 81' lang='lat' dir='ltr'><strong>xit:</strong></span> <span class='ocrx_word' id='word_1_35' title='bbox 271 755 422 845; x_wconf 81' lang='lat' dir='ltr'><strong>magister</strong></span> <span class='ocrx_word' id='word_1_36' title='bbox 443 741 586 844; x_wconf 88' lang='lat' dir='ltr'><strong>equitum</strong></span> <span class='ocrx_word' id='word_1_37' title='bbox 608 750 753 820; x_wconf 83' lang='lat' dir='ltr'>dictatori</span> <span class='ocrx_word' id='word_1_38' title='bbox 775 752 898 820; x_wconf 93' lang='lat' dir='ltr'><strong>additus</strong></span> <span class='ocrx_word' id='word_1_39' title='bbox 920 752 965 820; x_wconf 85' lang='lat' dir='ltr'><strong>M.</strong></span> <span class='ocrx_word' id='word_1_40' title='bbox 988 753 1150 821; x_wconf 84' lang='lat' dir='ltr'><strong>Valerius:</strong></span> <span class='ocrx_word' id='word_1_41' title='bbox 1181 754 1217 821; x_wconf 89' lang='lat' dir='ltr'><strong>hi</strong></span> <span class='ocrx_word' id='word_1_42' title='bbox 1235 780 1286 843; x_wconf 81' lang='lat' dir='ltr'><strong>ro-</strong></span> 
     </span>
     <span class='ocr_line' id='line_1_6' title="bbox 160 856 1287 929; baseline 0.001 -3"><span class='ocrx_word' id='word_1_43' title='bbox 160 861 267 928; x_wconf 75' lang='lat' dir='ltr'><strong>tbora</strong></span> <span class='ocrx_word' id='word_1_44' title='bbox 290 859 426 926; x_wconf 87' lang='lat' dir='ltr'><strong>militum</strong></span> <span class='ocrx_word' id='word_1_45' title='bbox 449 882 490 925; x_wconf 87' lang='lat' dir='ltr'><strong>ex</strong></span> <span class='ocrx_word' id='word_1_46' title='bbox 513 856 638 925; x_wconf 90' lang='lat' dir='ltr'><strong>duobus</strong></span> <span class='ocrx_word' id='word_1_47' title='bbox 661 856 880 925; x_wconf 88' lang='lat' dir='ltr'><strong>consularibus</strong></span> <span class='ocrx_word' id='word_1_48' title='bbox 896 858 1086 925; x_wconf 82' lang='lat' dir='ltr'><strong>exercitibus</strong></span> <span class='ocrx_word' id='word_1_49' title='bbox 1109 859 1213 929; x_wconf 86' lang='lat' dir='ltr'><strong>electa</strong></span> <span class='ocrx_word' id='word_1_50' title='bbox 1236 862 1287 927; x_wconf 91' lang='lat' dir='ltr'><strong>ad-</strong></span> 
     </span>
     <span class='ocr_line' id='line_1_7' title="bbox 184 960 1287 1056; baseline 0 -24"><span class='ocrx_word' id='word_1_51' title='bbox 184 988 296 1033; x_wconf 87' lang='lat' dir='ltr'><strong>versus</strong></span> <span class='ocrx_word' id='word_1_52' title='bbox 320 963 430 1031; x_wconf 85' lang='lat' dir='ltr'><strong>Gallos</strong></span> <span class='ocrx_word' id='word_1_53' title='bbox 453 961 620 1028; x_wconf 86' lang='lat' dir='ltr'><strong>duxemnt.</strong></span> <span class='ocrx_word' id='word_1_54' title='bbox 657 960 773 1029; x_wconf 87' lang='lat' dir='ltr'><strong>lentius</strong></span> <span class='ocrx_word' id='word_1_55' title='bbox 794 961 827 1029; x_wconf 92' lang='lat' dir='ltr'><strong>id</strong></span> <span class='ocrx_word' id='word_1_56' title='bbox 855 961 1016 1053; x_wconf 84' lang='lat' dir='ltr'><strong>aliquanto</strong></span> <span class='ocrx_word' id='word_1_57' title='bbox 1044 963 1167 1031; x_wconf 91' lang='lat' dir='ltr'><strong>bellum</strong></span> <span class='ocrx_word' id='word_1_58' title='bbox 1189 990 1287 1056; x_wconf 91' lang='lat' dir='ltr'><strong>quam</strong></span> 
     </span>
     <span class='ocr_line' id='line_1_8' title="bbox 121 1065 1286 1161; baseline 0.001 -26"><span class='ocrx_word' id='word_1_59' title='bbox 121 1156 124 1161; x_wconf 19' lang='grc' dir='ltr'>Ι</span> <span class='ocrx_word' id='word_1_60' title='bbox 185 1070 267 1161; x_wconf 87' lang='lat' dir='ltr'><strong>parti</strong></span> <span class='ocrx_word' id='word_1_61' title='bbox 287 1067 414 1158; x_wconf 88' lang='lat' dir='ltr'><strong>utrique</strong></span> <span class='ocrx_word' id='word_1_62' title='bbox 444 1067 592 1157; x_wconf 84' lang='lat' dir='ltr'><strong>placebat</strong></span> <span class='ocrx_word' id='word_1_63' title='bbox 619 1065 688 1134; x_wconf 86' lang='lat' dir='ltr'><strong>fuit.</strong></span> <span class='ocrx_word' id='word_1_64' title='bbox 726 1090 800 1134; x_wconf 93' lang='lat' dir='ltr'><strong>cum</strong></span> <span class='ocrx_word' id='word_1_65' title='bbox 828 1067 931 1157; x_wconf 86' lang='lat' dir='ltr'><strong>primo</strong></span> <span class='ocrx_word' id='word_1_66' title='bbox 954 1068 1037 1155; x_wconf 85' lang='lat' dir='ltr'><strong>Galli</strong></span> <span class='ocrx_word' id='word_1_67' title='bbox 1055 1079 1183 1151; x_wconf 77' lang='lat' dir='ltr'><strong>tantum</strong></span> <span class='ocrx_word' id='word_1_68' title='bbox 1205 1071 1286 1137; x_wconf 89' lang='lat' dir='ltr'><strong>avidi</strong></span> 
     </span>
     <span class='ocr_line' id='line_1_9' title="bbox 117 1166 1286 1261; baseline -0.001 -19"><span class='ocrx_word' id='word_1_69' title='bbox 117 1166 121 1175; x_wconf 75' lang='grc'><strong>’</strong></span> <span class='ocrx_word' id='word_1_70' title='bbox 186 1173 365 1242; x_wconf 74' lang='lat' dir='ltr'><strong>certaminis</strong></span> <span class='ocrx_word' id='word_1_71' title='bbox 387 1172 534 1254; x_wconf 84' lang='lat' dir='ltr'><strong>luissent,</strong></span> <span class='ocrx_word' id='word_1_72' title='bbox 562 1170 676 1238; x_wconf 90' lang='lat' dir='ltr'><strong>deinde</strong></span> <span class='ocrx_word' id='word_1_73' title='bbox 697 1171 864 1261; x_wconf 79' lang='lat' dir='ltr'><strong>Romanus</strong></span> <span class='ocrx_word' id='word_1_74' title='bbox 884 1172 976 1240; x_wconf 89' lang='lat' dir='ltr'><strong>miles</strong></span> <span class='ocrx_word' id='word_1_75' title='bbox 998 1174 1120 1242; x_wconf 88' lang='lat' dir='ltr'><strong>ruendo</strong></span> <span class='ocrx_word' id='word_1_76' title='bbox 1142 1174 1175 1241; x_wconf 91' lang='lat' dir='ltr'><strong>in</strong></span> <span class='ocrx_word' id='word_1_77' title='bbox 1198 1200 1286 1242; x_wconf 86' lang='lat' dir='ltr'><strong>arma</strong></span> 
     </span>
     <span class='ocr_line' id='line_1_10' title="bbox 186 1276 1286 1365; baseline 0.002 -20"><span class='ocrx_word' id='word_1_78' title='bbox 186 1303 224 1346; x_wconf 92' lang='lat' dir='ltr'><strong>ac</strong></span> <span class='ocrx_word' id='word_1_79' title='bbox 246 1277 481 1345; x_wconf 80' lang='lat' dir='ltr'><strong>dimicationem</strong></span> <span class='ocrx_word' id='word_1_80' title='bbox 502 1276 700 1365; x_wconf 86' lang='lat' dir='ltr'><strong>aliquantum</strong></span> <span class='ocrx_word' id='word_1_81' title='bbox 716 1276 871 1343; x_wconf 87' lang='lat' dir='ltr'><strong>Gallicam</strong></span> <span class='ocrx_word' id='word_1_82' title='bbox 895 1277 1047 1344; x_wconf 85' lang='lat' dir='ltr'><strong>ferociam</strong></span> <span class='ocrx_word' id='word_1_83' title='bbox 1067 1279 1219 1363; x_wconf 86' lang='lat' dir='ltr'><strong>vinceret,</strong></span> <span class='ocrx_word' id='word_1_84' title='bbox 1243 1280 1286 1347; x_wconf 92' lang='lat' dir='ltr'><strong>di·</strong></span> 
     </span>
     <span class='ocr_line' id='line_1_11' title="bbox 139 1380 1286 1478; baseline 0.008 -35"><span class='ocrx_word' id='word_1_85' title='bbox 139 1382 298 1450; x_wconf 75' lang='lat' dir='ltr'><strong>luctatori</strong></span> <span class='ocrx_word' id='word_1_86' title='bbox 319 1381 506 1472; x_wconf 89' lang='lat' dir='ltr'><strong>neutiquam</strong></span> <span class='ocrx_word' id='word_1_87' title='bbox 526 1380 683 1478; x_wconf 78' lang='lat' dir='ltr'><strong>placebat,</strong></span> <span class='ocrx_word' id='word_1_88' title='bbox 705 1381 833 1472; x_wconf 89' lang='lat' dir='ltr'><strong>quando</strong></span> <span class='ocrx_word' id='word_1_89' title='bbox 855 1381 942 1447; x_wconf 92' lang='lat' dir='ltr'><strong>nulla</strong></span> <span class='ocrx_word' id='word_1_90' title='bbox 965 1397 1094 1473; x_wconf 79' lang='lat' dir='ltr'><strong>cogeret</strong></span> <span class='ocrx_word' id='word_1_91' title='bbox 1114 1407 1167 1452; x_wconf 89' lang='lat' dir='ltr'><strong>res</strong></span> <span class='ocrx_word' id='word_1_92' title='bbox 1188 1385 1286 1452; x_wconf 85' lang='lat' dir='ltr'><strong>fortu-</strong></span> 
     </span>
     <span class='ocr_line' id='line_1_12' title="bbox 184 1485 1285 1577; baseline 0.003 -23"><span class='ocrx_word' id='word_1_93' title='bbox 184 1510 246 1554; x_wconf 86' lang='lat' dir='ltr'><strong>nae</strong></span> <span class='ocrx_word' id='word_1_94' title='bbox 268 1510 303 1554; x_wconf 91' lang='lat' dir='ltr'><strong>se</strong></span> <span class='ocrx_word' id='word_1_95' title='bbox 326 1487 525 1553; x_wconf 86' lang='lat' dir='ltr'><strong>committere</strong></span> <span class='ocrx_word' id='word_1_96' title='bbox 548 1487 700 1554; x_wconf 90' lang='lat' dir='ltr'><strong>adversus</strong></span> <span class='ocrx_word' id='word_1_97' title='bbox 728 1485 857 1553; x_wconf 81' lang='lat' dir='ltr'><strong>hostem</strong></span> <span class='ocrx_word' id='word_1_98' title='bbox 878 1510 976 1577; x_wconf 92' lang='lat' dir='ltr'><strong>quem</strong></span> <span class='ocrx_word' id='word_1_99' title='bbox 996 1499 1125 1577; x_wconf 88' lang='lat' dir='ltr'><strong>tempus</strong></span> <span class='ocrx_word' id='word_1_100' title='bbox 1152 1488 1285 1557; x_wconf 87' lang='lat' dir='ltr'><strong>deterio-</strong></span> 
     </span>
     <span class='ocr_line' id='line_1_13' title="bbox 184 1590 1285 1682; baseline 0.002 -22"><span class='ocrx_word' id='word_1_101' title='bbox 184 1614 254 1660; x_wconf 85' lang='lat' dir='ltr'><strong>rem</strong></span> <span class='ocrx_word' id='word_1_102' title='bbox 281 1591 314 1660; x_wconf 90' lang='lat' dir='ltr'><strong>in</strong></span> <span class='ocrx_word' id='word_1_103' title='bbox 341 1591 407 1658; x_wconf 91' lang='lat' dir='ltr'><strong>dies</strong></span> <span class='ocrx_word' id='word_1_104' title='bbox 437 1603 471 1659; x_wconf 86' lang='lat' dir='ltr'><strong>et</strong></span> <span class='ocrx_word' id='word_1_105' title='bbox 497 1591 577 1659; x_wconf 91' lang='lat' dir='ltr'><strong>locis</strong></span> <span class='ocrx_word' id='word_1_106' title='bbox 605 1591 715 1659; x_wconf 88' lang='lat' dir='ltr'><strong>alienis</strong></span> <span class='ocrx_word' id='word_1_107' title='bbox 745 1590 866 1658; x_wconf 88' lang='lat' dir='ltr'><strong>faceret</strong></span> <span class='ocrx_word' id='word_1_108' title='bbox 893 1590 960 1658; x_wconf 89' lang='lat' dir='ltr'><strong>sine</strong></span> <span class='ocrx_word' id='word_1_109' title='bbox 982 1604 1171 1682; x_wconf 88' lang='lat' dir='ltr'><strong>praeparato</strong></span> <span class='ocrx_word' id='word_1_110' title='bbox 1200 1618 1285 1662; x_wconf 89' lang='lat' dir='ltr'><strong>com-</strong></span> 
     </span>
     <span class='ocr_line' id='line_1_14' title="bbox 183 1692 1284 1790; baseline 0.003 -26"><span class='ocrx_word' id='word_1_111' title='bbox 183 1708 293 1765; x_wconf 88' lang='lat' dir='ltr'><strong>meatu</strong></span> <span class='ocrx_word' id='word_1_112' title='bbox 314 1697 382 1764; x_wconf 91' lang='lat' dir='ltr'><strong>sine</strong></span> <span class='ocrx_word' id='word_1_113' title='bbox 402 1692 495 1764; x_wconf 89' lang='lat' dir='ltr'><strong>firmo</strong></span> <span class='ocrx_word' id='word_1_114' title='bbox 516 1696 715 1764; x_wconf 90' lang='lat' dir='ltr'><strong>munimento</strong></span> <span class='ocrx_word' id='word_1_115' title='bbox 741 1706 930 1780; x_wconf 84' lang='lat' dir='ltr'><strong>morantem,</strong></span> <span class='ocrx_word' id='word_1_116' title='bbox 953 1697 993 1762; x_wconf 90' lang='lat' dir='ltr'><strong>ad</strong></span> <span class='ocrx_word' id='word_1_117' title='bbox 1014 1695 1079 1765; x_wconf 91' lang='lat' dir='ltr'><strong>hoc</strong></span> <span class='ocrx_word' id='word_1_118' title='bbox 1100 1696 1151 1764; x_wconf 89' lang='lat' dir='ltr'><strong>his</strong></span> <span class='ocrx_word' id='word_1_119' title='bbox 1173 1722 1284 1790; x_wconf 88' lang='lat' dir='ltr'><strong>corpo·</strong></span> 
     </span>
    </p>
   </div>
   <div class='ocr_carea' id='block_1_3' title="bbox 132 1842 1303 4195">
    <p class='ocr_par' dir='ltr' id='par_1_3' title="bbox 198 1842 1286 2794">
     <span class='ocr_line' id='line_1_15' title="bbox 253 1842 1286 1922; baseline 0.004 -20"><span class='ocrx_word' id='word_1_120' title='bbox 253 1853 362 1902; x_wconf 82' lang='lat' dir='ltr'><strong>ventum</strong></span> <span class='ocrx_word' id='word_1_121' title='bbox 386 1853 427 1902; x_wconf 82' lang='lat' dir='ltr'><strong>est</strong></span> <span class='ocrx_word' id='word_1_122' title='bbox 448 1843 556 1913; x_wconf 83' lang='lat' dir='ltr'><strong>„leuius</strong></span> <span class='ocrx_word' id='word_1_123' title='bbox 577 1843 629 1902; x_wconf 86' lang='lat' dir='ltr'><strong>tuit</strong></span> <span class='ocrx_word' id='word_1_124' title='bbox 645 1842 698 1920; x_wconf 81' lang='lat' dir='ltr'><strong>gal·</strong></span> <span class='ocrx_word' id='word_1_125' title='bbox 726 1888 730 1901; x_wconf 91' lang='lat'><em>.</em></span> <span class='ocrx_word' id='word_1_126' title='bbox 840 1844 925 1902; x_wconf 79' lang='lat' dir='ltr'><strong>locus</strong></span> <span class='ocrx_word' id='word_1_127' title='bbox 937 1843 1008 1901; x_wconf 85' lang='lat' dir='ltr'><strong>haud</strong></span> <span class='ocrx_word' id='word_1_128' title='bbox 1021 1864 1082 1902; x_wconf 86' lang='lat' dir='ltr'><strong>raro</strong></span> <span class='ocrx_word' id='word_1_129' title='bbox 1095 1844 1167 1922; x_wconf 86' lang='lat' dir='ltr'><strong>apud</strong></span> <span class='ocrx_word' id='word_1_130' title='bbox 1178 1843 1286 1906; x_wconf 88' lang='lat' dir='ltr'><strong>Livium</strong></span> 
     </span>
     <span class='ocr_line' id='line_1_16' title="bbox 254 1929 1284 2012; baseline 0.001 -23"><span class='ocrx_word' id='word_1_131' title='bbox 254 1932 296 1989; x_wconf 86' lang='lat' dir='ltr'><strong>los</strong></span> <span class='ocrx_word' id='word_1_132' title='bbox 315 1965 350 1976; x_wconf 93' lang='lat'><em>-</em></span> <span class='ocrx_word' id='word_1_133' title='bbox 368 1933 519 1992; x_wconf 87' lang='lat' dir='ltr'><strong>auditum“.</strong></span> <span class='ocrx_word' id='word_1_134' title='bbox 838 1929 921 1987; x_wconf 84' lang='lat' dir='ltr'><strong>simili</strong></span> <span class='ocrx_word' id='word_1_135' title='bbox 943 1931 1024 1989; x_wconf 89' lang='lat' dir='ltr'><strong>modo</strong></span> <span class='ocrx_word' id='word_1_136' title='bbox 1047 1935 1190 1990; x_wconf 85' lang='lat' dir='ltr'><strong>coniuncta</strong></span> <span class='ocrx_word' id='word_1_137' title='bbox 1216 1934 1284 2012; x_wconf 81' lang='lat' dir='ltr'><strong>lege-</strong></span> 
     </span>
     <span class='ocr_line' id='line_1_17' title="bbox 201 2017 1285 2094; baseline 0.002 -15"><span class='ocrx_word' id='word_1_138' title='bbox 201 2023 228 2080; x_wconf 83' lang='lat'><strong>³.</strong></span> <span class='ocrx_word' id='word_1_139' title='bbox 255 2021 461 2078; x_wconf 82' lang='lat' dir='ltr'><strong>consuladid</strong></span> <span class='ocrx_word' id='word_1_140' title='bbox 471 2022 598 2077; x_wconf 82' lang='lat' dir='ltr'><strong>accitus:</strong></span> <span class='ocrx_word' id='word_1_141' title='bbox 615 2017 698 2078; x_wconf 84' lang='grc' dir='ltr'><strong>Μ.-</strong></span> <span class='ocrx_word' id='word_1_142' title='bbox 839 2028 933 2076; x_wconf 86' lang='lat' dir='ltr'><strong>rentur</strong></span> <span class='ocrx_word' id='word_1_143' title='bbox 959 2017 1012 2087; x_wconf 73' lang='lat' dir='ltr'><strong>(ct,</strong></span> <span class='ocrx_word' id='word_1_144' title='bbox 1036 2039 1079 2078; x_wconf 81' lang='lat' dir='ltr'><strong>ex.</strong></span> <span class='ocrx_word' id='word_1_145' title='bbox 1102 2039 1141 2094; x_wconf 78' lang='lat' dir='ltr'><strong>gr.</strong></span> <span class='ocrx_word' id='word_1_146' title='bbox 1159 2024 1193 2091; x_wconf 88' lang='grc'><strong>7,</strong></span> <span class='ocrx_word' id='word_1_147' title='bbox 1219 2026 1285 2093; x_wconf 59' lang='lat' dir='ltr'><strong>ii).</strong></span> 
     </span>
     <span class='ocr_line' id='line_1_18' title="bbox 252 2106 1285 2190; baseline 0.004 -25"><span class='ocrx_word' id='word_1_148' title='bbox 252 2107 288 2166; x_wconf 86' lang='lat' dir='ltr'><strong>P:</strong></span> <span class='ocrx_word' id='word_1_149' title='bbox 309 2114 378 2190; x_wconf 74' lang='lat' dir='ltr'><strong>edas.</strong></span> <span class='ocrx_word' id='word_1_150' title='bbox 400 2143 434 2152; x_wconf 92' lang='lat'><em>-</em></span> <span class='ocrx_word' id='word_1_151' title='bbox 457 2106 518 2165; x_wconf 81' lang='lat' dir='ltr'><strong>PM:</strong></span> <span class='ocrx_word' id='word_1_152' title='bbox 537 2114 604 2182; x_wconf 75' lang='lat' dir='ltr'><strong>mig.</strong></span> <span class='ocrx_word' id='word_1_153' title='bbox 623 2109 698 2183; x_wconf 84' lang='lat' dir='ltr'><strong>equi·</strong></span> <span class='ocrx_word' id='word_1_154' title='bbox 839 2106 889 2163; x_wconf 83' lang='lat' dir='ltr'><strong>sed</strong></span> <span class='ocrx_word' id='word_1_155' title='bbox 907 2106 1091 2180; x_wconf 75' lang='lat' dir='ltr'><strong>coniungenda</strong></span> <span class='ocrx_word' id='word_1_156' title='bbox 1104 2119 1181 2164; x_wconf 86' lang='lat' dir='ltr'><strong>erant</strong></span> <span class='ocrx_word' id='word_1_157' title='bbox 1199 2128 1285 2187; x_wconf 82' lang='lat' dir='ltr'><strong>quem</strong></span> 
     </span>
     <span class='ocr_line' id='line_1_19' title="bbox 251 2194 1284 2269; baseline 0.004 -18"><span class='ocrx_word' id='word_1_158' title='bbox 251 2204 309 2252; x_wconf 85' lang='lat' dir='ltr'><strong>tum</strong></span> <span class='ocrx_word' id='word_1_159' title='bbox 328 2195 452 2252; x_wconf 85' lang='lat' dir='ltr'><strong>dictatori</strong></span> <span class='ocrx_word' id='word_1_160' title='bbox 466 2194 581 2265; x_wconf 79' lang='lat' dir='ltr'><strong>additus.</strong></span> <span class='ocrx_word' id='word_1_161' title='bbox 599 2200 634 2251; x_wconf 77' lang='lat' dir='ltr'><strong>ria.</strong></span> <span class='ocrx_word' id='word_1_162' title='bbox 652 2214 699 2250; x_wconf 88' lang='lat' dir='ltr'><strong>ua·</strong></span> <span class='ocrx_word' id='word_1_163' title='bbox 840 2203 954 2269; x_wconf 80' lang='lat' dir='ltr'><strong>tempus</strong></span> <span class='ocrx_word' id='word_1_164' title='bbox 973 2196 1003 2250; x_wconf 82' lang='lat' dir='ltr'><strong>in</strong></span> <span class='ocrx_word' id='word_1_165' title='bbox 1021 2194 1086 2251; x_wconf 80' lang='lat' dir='ltr'><strong>dies</strong></span> <span class='ocrx_word' id='word_1_166' title='bbox 1108 2196 1284 2255; x_wconf 80' lang='lat' dir='ltr'><strong>deteriorem</strong></span> 
     </span>
     <span class='ocr_line' id='line_1_20' title="bbox 251 2278 1283 2356; baseline 0.007 -20"><span class='ocrx_word' id='word_1_167' title='bbox 251 2281 343 2341; x_wconf 77' lang='lat' dir='ltr'><strong>letius.</strong></span> <span class='ocrx_word' id='word_1_168' title='bbox 363 2312 397 2323; x_wconf 91' lang='lat'><em>-</em></span> <span class='ocrx_word' id='word_1_169' title='bbox 415 2280 456 2337; x_wconf 70' lang='lat' dir='ltr'><strong>tlz</strong></span> <span class='ocrx_word' id='word_1_170' title='bbox 476 2278 670 2341; x_wconf 76' lang='lat' dir='ltr'><strong>consularibus.</strong></span> <span class='ocrx_word' id='word_1_171' title='bbox 834 2279 965 2353; x_wconf 81' lang='lat' dir='ltr'><strong>faceret,</strong></span> <span class='ocrx_word' id='word_1_172' title='bbox 983 2289 1062 2356; x_wconf 81' lang='lat' dir='ltr'><strong>atquo</strong></span> <span class='ocrx_word' id='word_1_173' title='bbox 1080 2291 1110 2338; x_wconf 79' lang='lat' dir='ltr'><strong>et</strong></span> <span class='ocrx_word' id='word_1_174' title='bbox 1125 2283 1201 2342; x_wconf 83' lang='lat' dir='ltr'><strong>locis</strong></span> <span class='ocrx_word' id='word_1_175' title='bbox 1213 2288 1283 2343; x_wconf 82' lang='lat' dir='ltr'><strong>olic-</strong></span> 
     </span>
     <span class='ocr_line' id='line_1_21' title="bbox 198 2366 1283 2446; baseline 0.005 -21"><span class='ocrx_word' id='word_1_176' title='bbox 198 2370 226 2425; x_wconf 83' lang='lat'><strong>6.</strong></span> <span class='ocrx_word' id='word_1_177' title='bbox 253 2388 344 2446; x_wconf 76' lang='lat' dir='ltr'><strong>quam</strong></span> <span class='ocrx_word' id='word_1_178' title='bbox 359 2370 441 2443; x_wconf 84' lang='lat' dir='ltr'><strong>porti</strong></span> <span class='ocrx_word' id='word_1_179' title='bbox 465 2370 582 2443; x_wconf 82' lang='lat' dir='ltr'><strong>utrique</strong></span> <span class='ocrx_word' id='word_1_180' title='bbox 600 2370 698 2443; x_wconf 80' lang='lat' dir='ltr'><strong>place·</strong></span> <span class='ocrx_word' id='word_1_181' title='bbox 840 2370 888 2424; x_wconf 79' lang='lat' dir='ltr'><strong>nie</strong></span> <span class='ocrx_word' id='word_1_182' title='bbox 906 2366 1044 2423; x_wconf 77' lang='lat' dir='ltr'><strong>referenda</strong></span> <span class='ocrx_word' id='word_1_183' title='bbox 1063 2367 1097 2425; x_wconf 80' lang='lat' dir='ltr'><strong>ad</strong></span> <span class='ocrx_word' id='word_1_184' title='bbox 1112 2382 1283 2433; x_wconf 79' lang='lat' dir='ltr'><strong>morantem.</strong></span> 
     </span>
     <span class='ocr_line' id='line_1_22' title="bbox 253 2454 1283 2537; baseline 0.005 -25"><span class='ocrx_word' id='word_1_185' title='bbox 253 2457 318 2513; x_wconf 81' lang='lat' dir='ltr'><strong>bot:</strong></span> <span class='ocrx_word' id='word_1_186' title='bbox 334 2455 358 2512; x_wconf 81' lang='lat' dir='ltr'><strong>&#39;P</strong></span> <span class='ocrx_word' id='word_1_187' title='bbox 376 2476 411 2514; x_wconf 91' lang='lat' dir='ltr'><strong>m.</strong></span> <span class='ocrx_word' id='word_1_188' title='bbox 431 2457 456 2514; x_wconf 69' lang='lat'><strong>2.</strong></span> <span class='ocrx_word' id='word_1_189' title='bbox 473 2454 500 2510; x_wconf 84' lang='lat' dir='ltr'><strong>tt</strong></span> <span class='ocrx_word' id='word_1_190' title='bbox 517 2475 553 2514; x_wconf 93' lang='lat' dir='ltr'><strong>m.</strong></span> <span class='ocrx_word' id='word_1_191' title='bbox 572 2457 597 2513; x_wconf 71' lang='lat'><strong>2.</strong></span> <span class='ocrx_word' id='word_1_192' title='bbox 618 2487 653 2498; x_wconf 88' lang='lat'><strong>·-</strong></span> <span class='ocrx_word' id='word_1_193' title='bbox 675 2456 699 2514; x_wconf 90' lang='lat' dir='ltr'><strong>P</strong></span> <span class='ocrx_word' id='word_1_194' title='bbox 839 2475 900 2511; x_wconf 84' lang='lat' dir='ltr'><strong>uam</strong></span> <span class='ocrx_word' id='word_1_195' title='bbox 918 2467 948 2512; x_wconf 89' lang='lat' dir='ltr'><strong>ut</strong></span> <span class='ocrx_word' id='word_1_196' title='bbox 965 2475 1045 2532; x_wconf 84' lang='lat' dir='ltr'><strong>saepe</strong></span> <span class='ocrx_word' id='word_1_197' title='bbox 1063 2455 1128 2530; x_wconf 80' lang='lat' dir='ltr'><strong>alias</strong></span> <span class='ocrx_word' id='word_1_198' title='bbox 1149 2459 1221 2537; x_wconf 86' lang='lat' dir='ltr'><strong>apud</strong></span> <span class='ocrx_word' id='word_1_199' title='bbox 1238 2458 1283 2518; x_wconf 89' lang='lat' dir='ltr'><strong>Li-</strong></span> 
     </span>
     <span class='ocr_line' id='line_1_23' title="bbox 252 2541 1283 2604; baseline 0.005 -6"><span class='ocrx_word' id='word_1_200' title='bbox 252 2563 289 2601; x_wconf 88' lang='lat' dir='ltr'><strong>m.</strong></span> <span class='ocrx_word' id='word_1_201' title='bbox 321 2545 345 2601; x_wconf 87' lang='lat'><strong>1.</strong></span> <span class='ocrx_word' id='word_1_202' title='bbox 374 2543 402 2600; x_wconf 80' lang='lat' dir='ltr'><strong>ld</strong></span> <span class='ocrx_word' id='word_1_203' title='bbox 435 2563 471 2603; x_wconf 86' lang='lat' dir='ltr'><strong>m.</strong></span> <span class='ocrx_word' id='word_1_204' title='bbox 506 2542 532 2603; x_wconf 88' lang='lat'><strong>1.</strong></span> <span class='ocrx_word' id='word_1_205' title='bbox 562 2541 636 2601; x_wconf 84' lang='lat' dir='ltr'><strong>Harl.</strong></span> <span class='ocrx_word' id='word_1_206' title='bbox 664 2561 697 2601; x_wconf 72' lang='lat' dir='ltr'><strong>a:</strong></span> <span class='ocrx_word' id='word_1_207' title='bbox 838 2544 911 2598; x_wconf 79' lang='lat' dir='ltr'><strong>vium</strong></span> <span class='ocrx_word' id='word_1_208' title='bbox 939 2545 1020 2600; x_wconf 85' lang='lat' dir='ltr'><strong>etiam</strong></span> <span class='ocrx_word' id='word_1_209' title='bbox 1046 2542 1073 2602; x_wconf 87' lang='lat' dir='ltr'><strong>h.</strong></span> <span class='ocrx_word' id='word_1_210' title='bbox 1095 2543 1113 2603; x_wconf 88' lang='lat' dir='ltr'><strong>l.</strong></span> <span class='ocrx_word' id='word_1_211' title='bbox 1139 2554 1170 2602; x_wconf 77' lang='lat' dir='ltr'><strong>at</strong></span> <span class='ocrx_word' id='word_1_212' title='bbox 1190 2546 1283 2604; x_wconf 81' lang='lat' dir='ltr'><strong>eadem</strong></span> 
     </span>
     <span class='ocr_line' id='line_1_24' title="bbox 250 2629 1282 2711; baseline 0.002 -24"><span class='ocrx_word' id='word_1_213' title='bbox 250 2632 397 2708; x_wconf 83' lang='lat' dir='ltr'><strong>utrimque.</strong></span> <span class='ocrx_word' id='word_1_214' title='bbox 838 2633 940 2687; x_wconf 89' lang='lat' dir='ltr'><strong>maiore</strong></span> <span class='ocrx_word' id='word_1_215' title='bbox 969 2633 997 2687; x_wconf 82' lang='lat' dir='ltr'><strong>vi</strong></span> <span class='ocrx_word' id='word_1_216' title='bbox 1027 2629 1128 2689; x_wconf 86' lang='lat' dir='ltr'><strong>dictum</strong></span> <span class='ocrx_word' id='word_1_217' title='bbox 1160 2642 1203 2689; x_wconf 88' lang='lat' dir='ltr'><strong>est</strong></span> <span class='ocrx_word' id='word_1_218' title='bbox 1230 2654 1282 2711; x_wconf 86' lang='lat' dir='ltr'><strong>qua</strong></span> 
     </span>
     <span class='ocr_line' id='line_1_25' title="bbox 198 2718 1282 2794; baseline 0.002 -19"><span class='ocrx_word' id='word_1_219' title='bbox 198 2720 226 2776; x_wconf 78' lang='lat'><strong>8.</strong></span> <span class='ocrx_word' id='word_1_220' title='bbox 251 2718 360 2776; x_wconf 78' lang='lat' dir='ltr'><strong>deinde</strong></span> <span class='ocrx_word' id='word_1_221' title='bbox 385 2738 526 2776; x_wconf 76' lang='lat' dir='ltr'><strong>romanus</strong></span> <span class='ocrx_word' id='word_1_222' title='bbox 543 2719 630 2776; x_wconf 80' lang='lat' dir='ltr'><strong>miles</strong></span> <span class='ocrx_word' id='word_1_223' title='bbox 648 2738 696 2776; x_wconf 89' lang='lat' dir='ltr'><strong>ru·</strong></span> <span class='ocrx_word' id='word_1_224' title='bbox 834 2720 1013 2794; x_wconf 81' lang='lat' dir='ltr'><strong>praesertim</strong></span> <span class='ocrx_word' id='word_1_225' title='bbox 1030 2739 1095 2776; x_wconf 76' lang='lat' dir='ltr'><strong>oum</strong></span> <span class='ocrx_word' id='word_1_226' title='bbox 1112 2720 1196 2777; x_wconf 76' lang='lat' dir='ltr'><strong>scribi</strong></span> <span class='ocrx_word' id='word_1_227' title='bbox 1213 2721 1282 2776; x_wconf 87' lang='lat' dir='ltr'><strong>sole·</strong></span> 
     </span>
    </p>

    <p class='ocr_par' dir='ltr' id='par_1_4' title="bbox 163 2805 1282 3142">
     <span class='ocr_line' id='line_1_26' title="bbox 163 2805 1282 2883; baseline 0.002 -21"><span class='ocrx_word' id='word_1_228' title='bbox 163 2830 166 2835; x_wconf 89' lang='lat'>·</span> <span class='ocrx_word' id='word_1_229' title='bbox 228 2824 233 2837; x_wconf 67' lang='grc'><em>’</em></span> <span class='ocrx_word' id='word_1_230' title='bbox 251 2805 328 2863; x_wconf 80' lang='lat' dir='ltr'><strong>endo</strong></span> <span class='ocrx_word' id='word_1_231' title='bbox 339 2808 370 2862; x_wconf 84' lang='lat' dir='ltr'><strong>in</strong></span> <span class='ocrx_word' id='word_1_232' title='bbox 385 2826 471 2862; x_wconf 81' lang='lat' dir='ltr'><strong>ormo</strong></span> <span class='ocrx_word' id='word_1_233' title='bbox 484 2828 521 2864; x_wconf 84' lang='lat' dir='ltr'><strong>ac</strong></span> <span class='ocrx_word' id='word_1_234' title='bbox 534 2805 695 2863; x_wconf 78' lang='lat' dir='ltr'><strong>dimicatio·</strong></span> <span class='ocrx_word' id='word_1_235' title='bbox 837 2807 891 2864; x_wconf 86' lang='lat' dir='ltr'><strong>bat.</strong></span> <span class='ocrx_word' id='word_1_236' title='bbox 903 2805 968 2875; x_wconf 83' lang='lat' dir='ltr'><strong>„Da</strong></span> <span class='ocrx_word' id='word_1_237' title='bbox 977 2806 1023 2861; x_wconf 89' lang='lat' dir='ltr'><strong>ibn</strong></span> <span class='ocrx_word' id='word_1_238' title='bbox 1033 2808 1057 2881; x_wconf 87' lang='lat' dir='ltr'><strong>ja</strong></span> <span class='ocrx_word' id='word_1_239' title='bbox 1067 2806 1165 2864; x_wconf 81' lang='lat' dir='ltr'><strong>Ntchu</strong></span> <span class='ocrx_word' id='word_1_240' title='bbox 1177 2810 1282 2883; x_wconf 81' lang='lat' dir='ltr'><strong>zwinge</strong></span> 
     </span>
     <span class='ocr_line' id='line_1_27' title="bbox 251 2891 1280 2974; baseline 0.003 -25"><span class='ocrx_word' id='word_1_241' title='bbox 251 2910 319 2950; x_wconf 82' lang='lat' dir='ltr'><strong>nem</strong></span> <span class='ocrx_word' id='word_1_242' title='bbox 344 2895 530 2971; x_wconf 72' lang='lat' dir='ltr'><strong>aliquantum</strong></span> <span class='ocrx_word' id='word_1_243' title='bbox 552 2895 696 2974; x_wconf 79' lang='lat' dir='ltr'><strong>gallicam</strong></span> <span class='ocrx_word' id='word_1_244' title='bbox 835 2893 893 2949; x_wconf 82' lang='lat' dir='ltr'><strong>sich</strong></span> <span class='ocrx_word' id='word_1_245' title='bbox 913 2893 974 2949; x_wconf 82' lang='lat' dir='ltr'><strong>dem</strong></span> <span class='ocrx_word' id='word_1_246' title='bbox 987 2891 1095 2950; x_wconf 84' lang='lat' dir='ltr'><strong>blinden</strong></span> <span class='ocrx_word' id='word_1_247' title='bbox 1106 2893 1209 2952; x_wconf 74' lang='lat' dir='ltr'><strong>Glicie</strong></span> <span class='ocrx_word' id='word_1_248' title='bbox 1221 2895 1280 2952; x_wconf 83' lang='lat' dir='ltr'><strong>tin-</strong></span> 
     </span>
     <span class='ocr_line' id='line_1_28' title="bbox 242 2979 1279 3058; baseline 0.004 -23"><span class='ocrx_word' id='word_1_249' title='bbox 242 2980 395 3052; x_wconf 83' lang='lat' dir='ltr'><strong>ferociam</strong></span> <span class='ocrx_word' id='word_1_250' title='bbox 407 2984 549 3039; x_wconf 81' lang='lat' dir='ltr'><strong>uinceret:</strong></span> <span class='ocrx_word' id='word_1_251' title='bbox 571 2979 694 3050; x_wconf 84' lang='lat' dir='ltr'><strong>(‚‚durclr</strong></span> <span class='ocrx_word' id='word_1_252' title='bbox 829 2981 953 3055; x_wconf 70' lang='lat' dir='ltr'><strong>augebas</strong></span> <span class='ocrx_word' id='word_1_253' title='bbox 971 2982 1058 3037; x_wconf 86' lang='lat' dir='ltr'><strong>ciuem</strong></span> <span class='ocrx_word' id='word_1_254' title='bbox 1069 2979 1170 3038; x_wconf 79' lang='lat' dir='ltr'><strong>Feinde</strong></span> <span class='ocrx_word' id='word_1_255' title='bbox 1184 3002 1279 3058; x_wconf 82' lang='lat' dir='ltr'><strong>gegan-</strong></span> 
     </span>
     <span class='ocr_line' id='line_1_29' title="bbox 249 3054 1281 3142; baseline 0.007 -22"><span class='ocrx_word' id='word_1_256' title='bbox 249 3065 341 3121; x_wconf 91' lang='lat' dir='ltr'><strong>bliude</strong></span> <span class='ocrx_word' id='word_1_257' title='bbox 363 3065 518 3142; x_wconf 83' lang='lat' dir='ltr'><strong>Kampllust</strong></span> <span class='ocrx_word' id='word_1_258' title='bbox 538 3067 609 3122; x_wconf 90' lang='lat' dir='ltr'><strong>noch</strong></span> <span class='ocrx_word' id='word_1_259' title='bbox 631 3054 693 3122; x_wconf 68' lang='lat' dir='ltr'><strong>tottss</strong></span> <span class='ocrx_word' id='word_1_260' title='bbox 833 3069 909 3134; x_wconf 82' lang='lat' dir='ltr'><strong>iiber,</strong></span> <span class='ocrx_word' id='word_1_261' title='bbox 933 3067 1028 3126; x_wconf 81' lang='lat' dir='ltr'><strong>dassen</strong></span> <span class='ocrx_word' id='word_1_262' title='bbox 1046 3067 1138 3125; x_wconf 83' lang='lat' dir='ltr'><strong>Krtlte</strong></span> <span class='ocrx_word' id='word_1_263' title='bbox 1156 3068 1202 3125; x_wconf 86' lang='lat' dir='ltr'><strong>die</strong></span> <span class='ocrx_word' id='word_1_264' title='bbox 1220 3070 1281 3127; x_wconf 85' lang='lat' dir='ltr'><strong>Zeit</strong></span> 
     </span>
    </p>

    <p class='ocr_par' dir='ltr' id='par_1_5' title="bbox 168 3152 1279 3479">
     <span class='ocr_line' id='line_1_30' title="bbox 168 3152 1278 3234; baseline 0.007 -28"><span class='ocrx_word' id='word_1_265' title='bbox 168 3186 173 3191; x_wconf 91' lang='lat'>-</span> <span class='ocrx_word' id='word_1_266' title='bbox 249 3152 352 3207; x_wconf 79' lang='lat' dir='ltr'><strong>lrdhucr</strong></span> <span class='ocrx_word' id='word_1_267' title='bbox 361 3152 399 3208; x_wconf 84' lang='lat' dir='ltr'><strong>ais</strong></span> <span class='ocrx_word' id='word_1_268' title='bbox 410 3153 452 3208; x_wconf 92' lang='lat' dir='ltr'><strong>die</strong></span> <span class='ocrx_word' id='word_1_269' title='bbox 465 3152 566 3210; x_wconf 88' lang='lat' dir='ltr'><strong>Gallier</strong></span> <span class='ocrx_word' id='word_1_270' title='bbox 578 3154 692 3210; x_wconf 87' lang='lat' dir='ltr'><strong>crschie·</strong></span> <span class='ocrx_word' id='word_1_271' title='bbox 833 3153 918 3209; x_wconf 83' lang='lat' dir='ltr'><strong>selbst</strong></span> <span class='ocrx_word' id='word_1_272' title='bbox 935 3155 1020 3212; x_wconf 83' lang='lat' dir='ltr'><strong>sehon</strong></span> <span class='ocrx_word' id='word_1_273' title='bbox 1037 3176 1091 3213; x_wconf 79' lang='lat' dir='ltr'><strong>ron</strong></span> <span class='ocrx_word' id='word_1_274' title='bbox 1102 3154 1159 3230; x_wconf 68' lang='grc' dir='ltr'><strong>Τις</strong></span> <span class='ocrx_word' id='word_1_275' title='bbox 1177 3177 1210 3213; x_wconf 86' lang='lat' dir='ltr'><strong>zu</strong></span> <span class='ocrx_word' id='word_1_276' title='bbox 1222 3157 1278 3234; x_wconf 81' lang='lat' dir='ltr'><strong>Tag</strong></span> 
     </span>
     <span class='ocr_line' id='line_1_31' title="bbox 247 3238 1279 3316; baseline 0.007 -21"><span class='ocrx_word' id='word_1_277' title='bbox 247 3242 352 3310; x_wconf 85' lang='lat' dir='ltr'><strong>nen“):</strong></span> <span class='ocrx_word' id='word_1_278' title='bbox 375 3238 433 3299; x_wconf 77' lang='lat' dir='ltr'><strong>Pul.</strong></span> <span class='ocrx_word' id='word_1_279' title='bbox 460 3271 494 3280; x_wconf 93' lang='lat'>-</span> <span class='ocrx_word' id='word_1_280' title='bbox 523 3239 589 3299; x_wconf 80' lang='lat' dir='ltr'><strong>Poll.</strong></span> <span class='ocrx_word' id='word_1_281' title='bbox 618 3245 642 3299; x_wconf 93' lang='lat'><strong>1.</strong></span> <span class='ocrx_word' id='word_1_282' title='bbox 666 3245 692 3303; x_wconf 82' lang='lat'><strong>3.</strong></span> <span class='ocrx_word' id='word_1_283' title='bbox 833 3243 999 3316; x_wconf 64' lang='lat' dir='ltr'><strong>restingere,</strong></span> <span class='ocrx_word' id='word_1_284' title='bbox 1029 3241 1115 3299; x_wconf 81' lang='lat' dir='ltr'><strong>zumal</strong></span> <span class='ocrx_word' id='word_1_285' title='bbox 1143 3265 1224 3315; x_wconf 79' lang='lat' dir='ltr'><strong>wenn</strong></span> <span class='ocrx_word' id='word_1_286' title='bbox 1250 3266 1279 3302; x_wconf 86' lang='lat' dir='ltr'><strong>cr</strong></span> 
     </span>
     <span class='ocr_line' id='line_1_32' title="bbox 247 3325 1277 3389; baseline 0.005 -5"><span class='ocrx_word' id='word_1_287' title='bbox 247 3325 325 3386; x_wconf 88' lang='lat' dir='ltr'><strong>Voss.</strong></span> <span class='ocrx_word' id='word_1_288' title='bbox 336 3347 363 3386; x_wconf 88' lang='lat' dir='ltr'><strong>rr.</strong></span> <span class='ocrx_word' id='word_1_289' title='bbox 374 3326 419 3387; x_wconf 79' lang='lat' dir='ltr'><strong>al:</strong></span> <span class='ocrx_word' id='word_1_290' title='bbox 430 3328 526 3387; x_wconf 84' lang='lat' dir='ltr'><strong>deinde</strong></span> <span class='ocrx_word' id='word_1_291' title='bbox 536 3350 596 3385; x_wconf 88' lang='lat' dir='ltr'><strong>eum</strong></span> <span class='ocrx_word' id='word_1_292' title='bbox 606 3349 691 3386; x_wconf 85' lang='lat' dir='ltr'><strong>roma·</strong></span> <span class='ocrx_word' id='word_1_293' title='bbox 831 3330 886 3385; x_wconf 87' lang='lat' dir='ltr'><strong>wie</strong></span> <span class='ocrx_word' id='word_1_294' title='bbox 903 3329 963 3385; x_wconf 87' lang='lat' dir='ltr'><strong>hier</strong></span> <span class='ocrx_word' id='word_1_295' title='bbox 980 3330 1028 3387; x_wconf 80' lang='lat' dir='ltr'><strong>aui</strong></span> <span class='ocrx_word' id='word_1_296' title='bbox 1048 3333 1134 3387; x_wconf 86' lang='lat' dir='ltr'><strong>eincm</strong></span> <span class='ocrx_word' id='word_1_297' title='bbox 1154 3330 1211 3388; x_wconf 86' lang='lat' dir='ltr'><strong>ihm</strong></span> <span class='ocrx_word' id='word_1_298' title='bbox 1228 3353 1277 3389; x_wconf 88' lang='lat' dir='ltr'><strong>un·</strong></span> 
     </span>
     <span class='ocr_line' id='line_1_33' title="bbox 246 3414 1277 3479; baseline 0.005 -8"><span class='ocrx_word' id='word_1_299' title='bbox 246 3434 298 3472; x_wconf 86' lang='lat' dir='ltr'><strong>nus</strong></span> <span class='ocrx_word' id='word_1_300' title='bbox 307 3415 384 3472; x_wconf 89' lang='lat' dir='ltr'><strong>miles</strong></span> <span class='ocrx_word' id='word_1_301' title='bbox 394 3416 511 3472; x_wconf 88' lang='lat' dir='ltr'><strong>ineundo</strong></span> <span class='ocrx_word' id='word_1_302' title='bbox 520 3419 548 3472; x_wconf 92' lang='lat' dir='ltr'><strong>in</strong></span> <span class='ocrx_word' id='word_1_303' title='bbox 559 3437 629 3473; x_wconf 87' lang='lat' dir='ltr'><strong>arma</strong></span> <span class='ocrx_word' id='word_1_304' title='bbox 640 3427 690 3479; x_wconf 90' lang='lat' dir='ltr'><strong>cet.</strong></span> <span class='ocrx_word' id='word_1_305' title='bbox 831 3414 981 3473; x_wconf 79' lang='lat' dir='ltr'><strong>belanuteu</strong></span> <span class='ocrx_word' id='word_1_306' title='bbox 999 3417 1111 3474; x_wconf 84' lang='lat' dir='ltr'><strong>Terrain</strong></span> <span class='ocrx_word' id='word_1_307' title='bbox 1134 3417 1205 3476; x_wconf 82' lang='lat' dir='ltr'><strong>ohne</strong></span> <span class='ocrx_word' id='word_1_308' title='bbox 1225 3419 1277 3476; x_wconf 84' lang='lat' dir='ltr'><strong>Le·</strong></span> 
     </span>
    </p>

    <p class='ocr_par' dir='ltr' id='par_1_6' title="bbox 132 3501 1303 3749">
     <span class='ocr_line' id='line_1_34' title="bbox 132 3501 1276 3574; baseline 0.009 -21"><span class='ocrx_word' id='word_1_309' title='bbox 132 3544 138 3553; x_wconf 83' lang='lat'><em>.</em></span> <span class='ocrx_word' id='word_1_310' title='bbox 176 3501 220 3562; x_wconf 73' lang='lat' dir='ltr'><strong>lu.</strong></span> <span class='ocrx_word' id='word_1_311' title='bbox 247 3512 276 3559; x_wconf 80' lang='lat' dir='ltr'><strong>et</strong></span> <span class='ocrx_word' id='word_1_312' title='bbox 292 3504 367 3561; x_wconf 78' lang='lat' dir='ltr'><strong>locis</strong></span> <span class='ocrx_word' id='word_1_313' title='bbox 385 3505 508 3562; x_wconf 82' lang='lat' dir='ltr'><strong>olienis:</strong></span> <span class='ocrx_word' id='word_1_314' title='bbox 526 3504 577 3562; x_wconf 82' lang='grc' dir='ltr'><strong>ΡΜ</strong></span> <span class='ocrx_word' id='word_1_315' title='bbox 588 3504 691 3566; x_wconf 73' lang='lat' dir='ltr'><strong>Harii.</strong></span> <span class='ocrx_word' id='word_1_316' title='bbox 830 3503 1044 3574; x_wconf 85' lang='lat' dir='ltr'><strong>bensunterhalt,</strong></span> <span class='ocrx_word' id='word_1_317' title='bbox 1083 3505 1153 3563; x_wconf 82' lang='lat' dir='ltr'><strong>ohne</strong></span> <span class='ocrx_word' id='word_1_318' title='bbox 1188 3506 1276 3564; x_wconf 82' lang='lat' dir='ltr'><strong>siche·</strong></span> 
     </span>
     <span class='ocr_line' id='line_1_35' title="bbox 245 3586 1303 3670; baseline 0.007 -26"><span class='ocrx_word' id='word_1_319' title='bbox 245 3586 322 3648; x_wconf 89' lang='lat' dir='ltr'><strong>Leid.</strong></span> <span class='ocrx_word' id='word_1_320' title='bbox 341 3610 359 3650; x_wconf 91' lang='lat'><strong>1.</strong></span> <span class='ocrx_word' id='word_1_321' title='bbox 378 3591 508 3670; x_wconf 85' lang='lat' dir='ltr'><strong>multique</strong></span> <span class='ocrx_word' id='word_1_322' title='bbox 526 3591 587 3668; x_wconf 90' lang='lat' dir='ltr'><strong>alii]</strong></span> <span class='ocrx_word' id='word_1_323' title='bbox 607 3603 633 3651; x_wconf 86' lang='lat' dir='ltr'><strong>et</strong></span> <span class='ocrx_word' id='word_1_324' title='bbox 650 3593 690 3650; x_wconf 91' lang='lat' dir='ltr'><strong>lo·</strong></span> <span class='ocrx_word' id='word_1_325' title='bbox 831 3612 879 3648; x_wconf 87' lang='lat' dir='ltr'><strong>reu</strong></span> <span class='ocrx_word' id='word_1_326' title='bbox 915 3592 1098 3650; x_wconf 80' lang='lat' dir='ltr'><strong>Zufluchtsort</strong></span> <span class='ocrx_word' id='word_1_327' title='bbox 1129 3594 1303 3653; x_wconf 68' lang='lat' dir='ltr'><strong>verweilcn&#39;</strong></span> 
     </span>
     <span class='ocr_line' id='line_1_36' title="bbox 246 3676 961 3749; baseline 0.015 -19"><span class='ocrx_word' id='word_1_328' title='bbox 246 3695 294 3731; x_wconf 89' lang='lat' dir='ltr'><strong>cus</strong></span> <span class='ocrx_word' id='word_1_329' title='bbox 317 3676 419 3735; x_wconf 81' lang='lat' dir='ltr'><strong>alienus</strong></span> <span class='ocrx_word' id='word_1_330' title='bbox 437 3679 509 3749; x_wconf 90' lang='lat' dir='ltr'><strong>(Pal.</strong></span> <span class='ocrx_word' id='word_1_331' title='bbox 533 3686 559 3742; x_wconf 73' lang='lat'><strong>2.</strong></span> <span class='ocrx_word' id='word_1_332' title='bbox 586 3683 689 3739; x_wconf 88' lang='lat' dir='ltr'><strong>minimi</strong></span> <span class='ocrx_word' id='word_1_333' title='bbox 829 3685 961 3741; x_wconf 70' lang='lat' dir='ltr'><strong>misstc“.</strong></span> 
     </span>
    </p>

    <p class='ocr_par' dir='ltr' id='par_1_7' title="bbox 170 3767 1274 4110">
     <span class='ocr_line' id='line_1_37' title="bbox 170 3767 1274 3848; baseline 0.002 -27"><span class='ocrx_word' id='word_1_334' title='bbox 170 3810 174 3821; x_wconf 81' lang='grc'>.</span> <span class='ocrx_word' id='word_1_335' title='bbox 244 3768 397 3834; x_wconf 86' lang='lat' dir='ltr'><strong>momenti).</strong></span> <span class='ocrx_word' id='word_1_336' title='bbox 410 3769 616 3848; x_wconf 83' lang='lat' dir='ltr'><strong>-Intcrpretes</strong></span> <span class='ocrx_word' id='word_1_337' title='bbox 629 3789 689 3826; x_wconf 91' lang='lat' dir='ltr'><strong>cum</strong></span> <span class='ocrx_word' id='word_1_338' title='bbox 760 3768 803 3827; x_wconf 82' lang='lat'><strong>13.</strong></span> <span class='ocrx_word' id='word_1_339' title='bbox 832 3768 875 3824; x_wconf 86' lang='lat' dir='ltr'><strong>ad</strong></span> <span class='ocrx_word' id='word_1_340' title='bbox 891 3768 948 3824; x_wconf 82' lang='lat' dir='ltr'><strong>hoc</strong></span> <span class='ocrx_word' id='word_1_341' title='bbox 965 3767 1013 3824; x_wconf 82' lang='lat' dir='ltr'><strong>Iris</strong></span> <span class='ocrx_word' id='word_1_342' title='bbox 1025 3767 1200 3842; x_wconf 80' lang='lat' dir='ltr'><strong>corporibus</strong></span> <span class='ocrx_word' id='word_1_343' title='bbox 1211 3769 1274 3823; x_wconf 86' lang='lat' dir='ltr'><strong>oni·</strong></span> 
     </span>
     <span class='ocr_line' id='line_1_38' title="bbox 242 3848 1273 3930; baseline 0.005 -23"><span class='ocrx_word' id='word_1_344' title='bbox 242 3848 304 3908; x_wconf 92' lang='lat' dir='ltr'><strong>loco</strong></span> <span class='ocrx_word' id='word_1_345' title='bbox 334 3853 411 3909; x_wconf 79' lang='lat' dir='ltr'><strong>verbi</strong></span> <span class='ocrx_word' id='word_1_346' title='bbox 431 3855 551 3926; x_wconf 82' lang='lat' dir='ltr'><strong>faceret</strong></span> <span class='ocrx_word' id='word_1_347' title='bbox 581 3855 686 3929; x_wconf 86' lang='lat' dir='ltr'><strong>decipe·</strong></span> <span class='ocrx_word' id='word_1_348' title='bbox 828 3855 960 3930; x_wconf 80' lang='lat' dir='ltr'><strong>misquc:</strong></span> <span class='ocrx_word' id='word_1_349' title='bbox 977 3853 1026 3909; x_wconf 80' lang='grc' dir='ltr'><strong>ΡΜ</strong></span> <span class='ocrx_word' id='word_1_350' title='bbox 1043 3853 1116 3910; x_wconf 86' lang='lat' dir='ltr'><strong>Harl.</strong></span> <span class='ocrx_word' id='word_1_351' title='bbox 1129 3875 1146 3913; x_wconf 89' lang='lat' dir='ltr'><strong>r.</strong></span> <span class='ocrx_word' id='word_1_352' title='bbox 1164 3853 1243 3914; x_wconf 86' lang='lat' dir='ltr'><strong>Leid.</strong></span> <span class='ocrx_word' id='word_1_353' title='bbox 1256 3874 1273 3914; x_wconf 88' lang='lat' dir='ltr'><strong>r.</strong></span> 
     </span>
     <span class='ocr_line' id='line_1_39' title="bbox 243 3940 1273 4017; baseline 0.003 -22"><span class='ocrx_word' id='word_1_354' title='bbox 243 3950 348 4009; x_wconf 85' lang='lat' dir='ltr'><strong>rentur,</strong></span> <span class='ocrx_word' id='word_1_355' title='bbox 377 3944 510 3999; x_wconf 83' lang='lat' dir='ltr'><strong>veriorem</strong></span> <span class='ocrx_word' id='word_1_356' title='bbox 537 3942 686 3998; x_wconf 84' lang='lat' dir='ltr'><strong>habuerunt</strong></span> <span class='ocrx_word' id='word_1_357' title='bbox 826 3940 875 4013; x_wconf 80' lang='lat' dir='ltr'><strong>al]</strong></span> <span class='ocrx_word' id='word_1_358' title='bbox 895 3940 998 3997; x_wconf 87' lang='lat' dir='ltr'><strong>adhoc</strong></span> <span class='ocrx_word' id='word_1_359' title='bbox 1016 3944 1050 3997; x_wconf 88' lang='lat' dir='ltr'><strong>iis</strong></span> <span class='ocrx_word' id='word_1_360' title='bbox 1065 3943 1162 3998; x_wconf 84' lang='lat' dir='ltr'><strong>animis</strong></span> <span class='ocrx_word' id='word_1_361' title='bbox 1175 3963 1273 4017; x_wconf 81' lang='lat' dir='ltr'><strong>corpo·</strong></span> 
     </span>
     <span class='ocr_line' id='line_1_40' title="bbox 241 4027 1271 4110; baseline 0.002 -27"><span class='ocrx_word' id='word_1_362' title='bbox 241 4029 402 4104; x_wconf 80' lang='lat' dir='ltr'><strong>scripturam</strong></span> <span class='ocrx_word' id='word_1_363' title='bbox 419 4039 448 4088; x_wconf 81' lang='lat' dir='ltr'><strong>et</strong></span> <span class='ocrx_word' id='word_1_364' title='bbox 458 4032 542 4087; x_wconf 79' lang='lat' dir='ltr'><strong>Iocus</strong></span> <span class='ocrx_word' id='word_1_365' title='bbox 559 4031 684 4096; x_wconf 78' lang='lat' dir='ltr'><strong>alicnus,</strong></span> <span class='ocrx_word' id='word_1_366' title='bbox 824 4029 960 4106; x_wconf 81' lang='lat' dir='ltr'><strong>ribusquo.</strong></span> <span class='ocrx_word' id='word_1_367' title='bbox 978 4027 1018 4085; x_wconf 83' lang='lat' dir='ltr'><strong>Cf</strong></span> <span class='ocrx_word' id='word_1_368' title='bbox 1027 4030 1067 4096; x_wconf 89' lang='lat'><strong>.7‚</strong></span> <span class='ocrx_word' id='word_1_369' title='bbox 1080 4033 1120 4088; x_wconf 85' lang='lat'><strong>7.:</strong></span> <span class='ocrx_word' id='word_1_370' title='bbox 1139 4031 1199 4110; x_wconf 81' lang='lat' dir='ltr'><strong>pari</strong></span> <span class='ocrx_word' id='word_1_371' title='bbox 1211 4049 1271 4085; x_wconf 90' lang='lat' dir='ltr'><strong>cor·</strong></span> 
     </span>
    </p>

    <p class='ocr_par' dir='ltr' id='par_1_8' title="bbox 116 4117 1270 4195">
     <span class='ocr_line' id='line_1_41' title="bbox 154 4117 1270 4195; baseline 0.007 -26.737"><span class='ocrx_word' id='word_1_372' title='bbox 154 4140 177 4171; x_wconf 41' lang='lat' dir='ltr'><strong>rt</strong></span> <span class='ocrx_word' id='word_1_373' title='bbox 240 4118 400 4192; x_wconf 75' lang='lat' dir='ltr'><strong>praesertim</strong></span> <span class='ocrx_word' id='word_1_374' title='bbox 426 4126 626 4192; x_wconf 77' lang='lat' dir='ltr'><strong>contempus</strong></span> <span class='ocrx_word' id='word_1_375' title='bbox 653 4125 686 4174; x_wconf 77' lang='lat' dir='ltr'><strong>ct</strong></span> <span class='ocrx_word' id='word_1_376' title='bbox 726 4136 730 4140; x_wconf 93' lang='lat'>·</span> <span class='ocrx_word' id='word_1_377' title='bbox 823 4135 920 4195; x_wconf 83' lang='lat' dir='ltr'><strong>porum</strong></span> <span class='ocrx_word' id='word_1_378' title='bbox 941 4117 1145 4195; x_wconf 84' lang='lat' dir='ltr'><strong>animorumque</strong></span> <span class='ocrx_word' id='word_1_379' title='bbox 1162 4118 1270 4178; x_wconf 84' lang='lat' dir='ltr'><strong>robore.</strong></span> 
     </span>
    </p>
   </div>
   <div class='ocr_carea' id='block_1_4' title="bbox 0 0 1314 4590">
    <p class='ocr_par' dir='ltr' id='par_1_9' title="bbox 0 0 1314 4590">
     <span class='ocr_line' id='line_1_42' title="bbox 0 0 1314 4590; baseline 0 3"><span class='ocrx_word' id='word_1_380' title='bbox 0 0 1314 4590; x_wconf 95' lang='lat' dir='ltr'><strong> </strong></span> 
     </span>
    </p>
   </div>
  </div>
 </body>
</html>
