2818 4728
220 281 286 350 658
694 291 804 354 umuli
821 294 881 398 x.‘

185 543 187 555 Ι
220 457 345 551 imperii
374 457 463 528 socio
492 455 547 524 vix
574 455 638 522 iam
665 456 854 530 adsuescere
886 453 1021 524 senilem
1047 453 1190 521 animum
1219 473 1353 542 posse,

221 589 297 639 cum
311 563 454 632 moribus
468 560 552 628 notis
568 560 691 629 [acilius
706 585 742 629 se
758 561 1067 630 communicaturum
1082 556 1225 626 consilia.
1262 557 1351 624 sub·

223 785 293 842 tum
314 797 397 864 quae
420 797 462 840 ex
484 771 655 840 concordia
676 771 846 840 consulum
867 771 952 839 bona
974 763 1122 860 quaeque
1143 788 1186 835 ex
1211 767 1349 834 discor·

141 937 144 950 a
195 877 276 944 5dia
298 877 383 944 mala
405 876 438 944 in
461 875 729 944 administratione
750 899 858 943 rerum
879 873 1062 941 militarium
1077 872 1248 942 evenirent
1274 894 1349 938 me-

223 967 394 1064 morandi,
423 1006 520 1073 quam
541 1004 643 1071 prope
664 980 813 1048 ultimum
841 979 1009 1047 discrimen
1037 976 1101 1045 suis
1129 988 1163 1046 et
1184 976 1348 1066 collegae

224 1086 449 1162 ,certaminibus
470 1109 575 1177 nuper
594 1096 727 1152 ventum
753 1085 852 1167 foret,
875 1094 908 1152 et
928 1083 1090 1151 monendo
1110 1082 1257 1156 Decium
1284 1083 1348 1148 Fa-

223 1190 377 1281 biumque
399 1202 436 1258 ut
457 1213 522 1256 uno
545 1187 651 1256 anirno
673 1212 737 1255 una
753 1201 861 1256 mente
876 1188 1033 1256 viverent:
1056 1209 1127 1254 esse
1148 1199 1290 1276 praeter
1307 1211 1347 1252 ea

225 1293 312 1362 viros
333 1306 426 1362 natos
448 1293 592 1376 militiae,
614 1291 705 1360 factis
726 1317 860 1384 magnos
883 1295 924 1360 ad
945 1292 1116 1362 verborum
1136 1292 1346 1382 linguaeque

180 1405 216 1462 1⁰
228 1399 399 1466 certemrna
421 1399 528 1481 rudes,
550 1421 588 1465 ea
609 1397 733 1488 ingenia
757 1397 934 1466 consularia
957 1421 1043 1464 esse·
1066 1395 1197 1463 callidos
1223 1396 1345 1462 soller

225 1515 339 1592 tesque
361 1502 437 1569 iuris
447 1513 556 1608 atque
580 1501 781 1592 eloquentiae
804 1501 984 1585 consubm,
1007 1501 1108 1593 qualis
1130 1501 1214 1590 App.
1242 1500 1345 1566 Clau

226 1606 296 1674 dius
319 1619 414 1691 esset,
436 1591 507 1673 urbi
529 1631 567 1675 ac
589 1607 650 1674 lori
671 1607 833 1698 praesides
855 1555 1021 1674 habendos
1042 1614 1280 1696 praetoresque
1302 1605 1344 1669 ad

886 1781 979 1840 codd:
1001 1799 1081 1857 quam
1102 1797 1187 1856 prope
1209 1777 1258 1836 ad
1277 1775 1345 1834 ulti-

884 1889 959 1926 mum
980 1867 1132 1926 discrimen.

832 1960 859 2018 7.
883 1967 915 2015 et
926 1956 1088 2014 monendo:
1106 1951 1148 2025 lli]
1161 1950 1342 2008 admonendo

244 1780 272 1840 0.
300 1781 477 1857 subscripsit
511 1782 641 1838 orationi
679 1783 744 1840 eius

297 1875 358 1926 coi.
381 1887 447 1926 cum
468 1871 582 1926 meritis
602 1863 638 1928 P.
660 1869 747 1927 Decii

294 1955 441 2013 laudibus
458 1965 521 2012 tum
539 1975 618 2034 qnae
636 1966 699 2016 cea:
722 1947 763 2012 l‘¹

300 2042 361 2101 cod.
378 2040 453 2102 Get:
481 2043 579 2113 „seins
600 2041 676 2114 Rede
698 2062 745 2099 nn-

298 2135 439 2186 terstiilate
467 2129 514 2188 der
538 2129 642 2188 Consul
666 2129 745 2186 lbeils

299 2215 387 2273 durch
396 2218 446 2274 das
454 2218 668 2290 woblverdiente
677 2218 745 2286 Lob,

300 2302 349 2360 das
378 2325 407 2360 er
436 2305 496 2362 dem
524 2305 555 2366 P..
580 2303 680 2364 Decius
705 2324 745 2361 er·

298 2389 401 2460 thedis,
419 2391 499 2448 tbeils
511 2392 632 2448 dedurcb
650 2393 746 2450 beson-

214 2525 218 2533 ,
303 2476 366 2533 ders
384 2477 447 2533 dass
465 2499 495 2534 er
513 2479 659 2548 ornithone,
680 2479 746 2538 w'el·

300 2563 350 2618 ebe
367 2561 506 2620 Vortbeile
528 2568 565 2622 irn
583 2565 681 2642 Kriege
698 2587 747 2624 aus

300 2650 349 2706 der
378 2650 519 2707 Eintracbt
549 2652 596 2709 der
623 2651 747 2712 Consuln

300 2736 357 2793 und
384 2737 488 2794 welche
515 2739 673 2812 Nacbtbeile
699 2761 748 2798 eus

301 2825 350 2880 der
361 2823 524 2884 Zwietracbt
536 2827 676 2886 desselben
687 2827 747 2886 ber·

214 2978 216 2989 ,
301 2913 457 2987 vergingen‚
484 2916 539 2971 wie
556 2927 613 2972 erst
629 2917 749 2974 liirzlicb

302 2999 375 3056 nocb
402 2999 488 3056 durch
516 3002 560 3058 die
585 3003 749 3078 Feindselig·

303 3085 391 3142 lreiten
411 3087 547 3145 zwiseben
559 3089 618 3156 ibrn
629 3090 684 3149 und
697 3091 749 3147 sei·

301 3193 365 3230 nem
383 3170 512 3248 Collegen
536 3175 587 3232 last
607 3176 682 3234 Alles
705 3176 754 3235 aul

305 3259 367 3315 dem
382 3258 473 3336 Splele
490 3263 651 3334 gestenden:
669 3264 751 3323 tbeils

306 3345 426 3404 dadurcb
446 3345 509 3404 dass
527 3369 557 3406 er
577 3351 629 3408 den
648 3350 751 3410 Decius

306 3433 364 3492 und
385 3433 484 3493 Fabius
511 3439 662 3508 ermabnte‚
689 3439 752 3498 dass

305 3523 347 3577 sie
370 3524 444 3581 eines
462 3521 580 3583 Heraens
603 3527 659 3586 und
676 3529 752 3586 eines

306 3605 412 3667 Geistes
425 3609 532 3668 blelben
549 3617 706 3675 mbcbten“.
716 3647 751 3658 -

305 3694 346 3756 M:
366 3717 426 3755 cnm
439 3701 543 3756 meritis
561 3709 588 3781 p.
607 3701 678 3761 decii
694 3702 750 3760 lan·

306 3784 385 3840 dibus
407 3806 467 3844 cum
491 3807 559 3863 quae
581 3807 614 3845 ex
639 3811 750 3848 concor·

305 3869 350 3925 dia
378 3871 518 3930 consulum
541 3885 591 3934 cet.
622 3874 701 3935 Voss.
722 3896 750 3936 n.

113 3956 116 3964 '
176 4011 189 4026 ,
306 3975 451 4034 omnesque
468 3959 552 4016 lerme
569 3982 639 4020 recc.
657 3961 751 4021 codd:

304 4050 361 4097 tum
379 4047 481 4101 meritis
499 4053 526 4126 p.
543 4047 613 4112 decii
625 4048 751 4106 laudibus

305 4133 362 4181 tum
386 4138 436 4188 cet.
467 4164 500 4174 -·
530 4131 611 4192 Recc.
641 4135 750 4211 quidun

886 2043 925 2116 (Ρ
944 2042 1027 2110 rell).
1057 2039 1101 2101 Cf.
1120 2042 1163 2108 10,
1181 2040 1243 2098 ib:
1263 2037 1340 2094 litte·

885 2151 932 2190 rae
943 2131 1027 2209 Appii
1044 2129 1177 2188 monentis
1195 2146 1231 2182 ne
1249 2125 1340 2200 regio·

886 2221 931 2276 nis
949 2219 1006 2275 eius
1028 2225 1130 2275 motum
1153 2212 1337 2289 neglegerent.

889 2308 1006 2374 10,19.:
1025 2303 1091 2360 baec
1107 2300 1242 2360 monendo
1261 2299 1337 2357 obte-

887 2391 1045 2468 standoque.
1064 2393 1090 2458 0,
1109 2394 1151 2448 10.
1170 2392 1214 2456 01,
1233 2390 1278 2446 10
1301 2387 1338 2450 el.
1386 2403 1387 2410 ’

887 2509 923 2524 -
941 2477 1024 2534 Paulo
1047 2488 1111 2551 pust
1132 2475 1192 2535 cod.
1210 2475 1268 2551 sig.
1288 2474 1335 2533 ab.

888 2567 962 2623 uiros
976 2584 1078 2656 gnaros
1096 2563 1215 2624 militiae.

789 2629 862 2712 10,
890 2652 957 2710 urbi
973 2673 1010 2710 ac
1019 2652 1090 2726 fori
1105 2651 1264 2727 praesides
1281 2649 1334 2706 hc·

889 2739 1018 2798 dandos:
1031 2737 1079 2796 PM
1090 2738 1167 2798 Leid
1180 2759 1198 2799 1.
1210 2737 1243 2796 al.
1249 2741 1261 2811 ]
1274 2737 1335 2794 urbi

890 2848 922 2883 ec
940 2826 998 2884 loro
1011 2827 1148 2906 praesides
1163 2835 1212 2886 cet.
1225 2857 1260 2869 -
1272 2825 1335 2883 Non

891 2917 976 2972 ausim
999 2916 1091 2973 invitis
1115 2916 1233 2991 antiquis
1256 2911 1334 2971 libris
1386 2987 1387 2990 Ἴ

892 3011 938 3058 aut
955 3005 1023 3059 urbi
1042 3023 1078 3059 oc
1090 3001 1168 3075 foro
1190 3011 1235 3058 ant
1253 3001 1335 3058 urbis
1386 2991 1387 3024 l

891 3086 1018 3161 ceferi
1038 3091 1169 3158 scribere,
1194 3108 1254 3146 cum
1275 3107 1335 3163 per·

891 3175 970 3232 multi
999 3175 1054 3234 loci
1085 3176 1199 3234 doceant
1233 3174 1334 3232 nullum

891 3251 1051 3341 scriptorem
1062 3266 1145 3340 magis
1154 3261 1263 3320 solitum
1275 3282 1335 3318 esse

893 3354 1043 3410 orationem
1053 3350 1179 3410 varianda
1188 3361 1267 3428 utque
1278 3369 1334 3406 mu·

891 3437 972 3494 tanda
1008 3439 1209 3496 constructione
1239 3455 1335 3492 ornare
1386 3439 1387 3508 l

892 3545 972 3602 qnam
995 3523 1110 3587 Livium.
1145 3546 1205 3584 narn
1231 3544 1278 3604 per
1304 3545 1335 3580 se
1386 3533 1387 3560 ι

891 3621 1034 3690 utrumque
1047 3623 1120 3671 recte
1132 3614 1220 3680 babet,
1231 3622 1257 3670 et
1269 3613 1335 3670 urbi

890 3720 1015 3774 praeses
1028 3721 1112 3778 aeque
1124 3721 1154 3758 ec
1164 3699 1333 3777 praefectus

893 3788 961 3844 urbi
980 3789 1062 3845 scribi
1088 3791 1191 3866 potuit,
1217 3807 1332 3862 praeser-

891 3875 941 3932 tim
960 3895 1019 3932 cum
1037 3877 1148 3933 verbum
1163 3875 1332 3950 praesidere

892 3962 999 4020 dativus
1016 3971 1151 4040 sequatur.
1178 3961 1212 4022 cl.
1231 3965 1275 4028 10,
1292 3963 1330 4019 8.:

891 4053 1041 4128 principem
1063 4051 1197 4106 nobilitati
1225 4058 1330 4108 vestrae.

894 4139 919 4206 1,
931 4140 991 4196 34:
1008 4137 1078 4194 bello
1096 4137 1231 4213 domique.
1248 4139 1272 4204 9,
1287 4137 1327 4191 26.
