2618 4590
521 294 736 359 rurum·
951 254 954 269 '
1103 288 1166 358 163

63 461 208 551 citroque
230 460 365 526 iactatae
388 468 504 540 essent,
526 480 584 525 cur
604 480 664 549 per
675 457 798 526 fetiales
818 462 914 529 rebus
934 463 1076 556 repetitis
1097 462 1189 532 bet·
1241 500 1245 511 ·

64 567 134 633 lum
156 562 282 633 Tiburti
310 560 433 654 populo
462 553 662 630 indiceretur.
700 563 888 633 dictatorem
911 566 952 635 'lt
979 568 1165 656 Quinctium

64 670 213 736 Penuum
235 689 275 733 eo
298 688 381 732 armo
403 666 500 753 finisse
522 666 597 734 satis
614 678 740 735 constat
761 678 795 735 et
812 669 996 760 magistruun
1017 673 1161 762 equitum

65 773 135 839 Ser.
159 768 343 838 Cornelium
369 768 632 860 Maluginensem.
669 770 778 839 Macer
799 773 937 841 Licinius
965 774 1164 842 comitiorum

66 875 286 942 habendorum
308 897 403 941 causa
426 885 459 941 et
480 875 520 941 ab
535 875 656 942 Licinio
670 877 801 943 consule
817 878 938 946 dictum
953 877 1069 959 scribit,
1090 878 1165 969 quia
1180 895 1199 954 5

66 980 187 1070 collega
211 976 338 1047 comitia
360 977 446 1047 bello
462 979 622 1070 praeferre
637 980 804 1048 festinante
826 992 863 1048 ut
877 981 1077 1049 continuaret
1092 1004 1166 1049 con·

64 1084 216 1168 sulatum,
240 1082 367 1150 obviarn
389 1084 530 1151 eundum
551 1104 668 1175 pravae
691 1085 854 1183 cupiditati
874 1084 984 1152 fuerit:
1020 1084 1164 1175 quaesita

62 1211 100 1255 ea
121 1187 408 1279 propriaiamiliae
429 1187 499 1254 laus
521 1187 675 1257 leviorem
701 1201 865 1258 auctorem
883 1188 1043 1256 Licinium
1070 1188 1164 1256 facit:

33 1315 136 1363 .cum
159 1292 355 1360 mentionem
378 1291 446 1360 eius
468 1292 514 1359 rei
532 1294 569 1360 in
596 1294 821 1363 vetustioribus
850 1294 1016 1361 annalibus
1040 1293 1164 1360 ordiam

59 1395 233 1479 inveniam,
261 1397 362 1487 magis
383 1408 421 1464 ut
447 1397 524 1464 belli
545 1398 658 1466 Gallici
687 1422 781 1466 causa
810 1399 997 1467 dictatorem
1019 1409 1163 1466 creatum
1176 1416 1211 1473 ιο

61 1482 191 1568 arbitier
211 1501 341 1569 inclinat
362 1502 496 1571 animus.
537 1526 577 1570 eo
600 1514 686 1571 certe
709 1527 792 1570 anno
809 1503 892 1571 Galli
914 1503 954 1570 ad
968 1501 1096 1570 tertium
1117 1502 1161 1568 la·
1193 1545 1197 1556 ι

58 1605 168 1698 pidem
182 1606 304 1672 Salaria
326 1606 377 1673 via
399 1617 484 1672 trans
506 1617 640 1696 pontem
653 1607 783 1673 Anienis
806 1617 908 1672 castra
930 1607 1081 1679 habuere.
1119 1605 1161 1672 di-

61 1721 164 1777 ctator
186 1733 262 1776 cunr
284 1710 439 1777 tumultus
455 1703 567 1778 Gallici
582 1735 678 1779 causa
700 1710 853 1778 iustitium
869 1709 1027 1792 edixisset
1049 1732 1162 1776 omnes

58 1813 199 1880 iuniores
222 1823 420 1880 sacramento
446 1814 551 1905 adegit
570 1814 753 1907 ingentique
776 1813 918 1882 exercitu
934 1813 973 1879 ab
989 1814 1069 1880 urbe
1090 1837 1161 1904 pro-

58 1917 164 1984 fectus
185 1917 218 1984 in
240 1916 384 1984 citeriore
406 1917 474 2006 ripa
495 1918 625 1986 Anienis
652 1932 754 1991 castra
783 1918 900 2007 posuit.
937 1940 1019 2008 pons
1040 1915 1074 1983 in
1095 1935 1207 1993 :ne-15

57 2021 112 2090 dio
135 2032 205 2089 erat
225 2021 344 2088 neutris
367 2045 442 2088 cum
463 2024 683 2112 rumpentibus
697 2047 739 2090 nc
755 2021 876 2088 timoris
892 2020 1042 2088 indicium
1064 2033 1159 2090 esset.

128 2212 236 2271 videtur
248 2206 353 2284 codd).
366 2242 399 2254 -
414 2212 448 2269 P:
466 2232 514 2269 cur
525 2233 573 2289 per
714 2214 781 2271 laus.
800 2211 844 2272 Gl.
854 2214 880 2282 1,
890 2213 1115 2290 51.:proximam.
1125 2243 1159 2256 -

128 2299 246 2360 feciales.
263 2298 303 2356 tl:
323 2320 370 2356 cur
385 2299 572 2376 perfectiales.
713 2300 752 2359 ot:
766 2299 895 2358 leuiorem
907 2310 1043 2358 auctorem
1056 2302 1160 2358 linium
1196 2346 1199 2351 .

126 2386 205 2445 Haud
224 2407 283 2442 raro
303 2389 331 2444 in
343 2390 461 2466 antiquis
478 2391 572 2446 mseri·
714 2388 786 2446 lacit
808 2420 842 2431 —
868 2388 907 2447 ll:
925 2390 1009 2464 magia
1028 2389 1080 2445 rabi
1095 2387 1159 2446 belli

125 2477 182 2554 ptis
204 2475 329 2547 fecialia
351 2477 481 2550 seriptum
508 2475 572 2551 legi·
713 2476 802 2551 gallici
812 2470 1160 2536 causa-lllr'arbiten-

128 2573 186 2632 tur,
212 2572 242 2620 ut
263 2561 334 2637 apud
351 2561 428 2623 Varr.
452 2563 487 2620 de
507 2561 572 2638 ling.
715 2564 792 2624 Voss.
808 2583 837 2623 u.
855 2563 903 2620 al.:
917 2562 1030 2620 inclinet
1046 2563 1160 2622 animur.

126 2650 173 2708 lat.
203 2651 234 2717 5,
255 2651 299 2706 86.
327 2648 361 2706 al.
389 2650 439 2706 sed
471 2649 506 2709 cf.
528 2649 572 2708 Fr.
714 2650 793 2709 Laid.
806 2671 837 2710 1.:
854 2650 976 2724 indignat
994 2653 1107 2706 animus.
1189 2656 1192 2661 '

129 2736 248 2792 Creuzer
264 2735 344 2794 Ram.
360 2735 454 2812 Antiq.
472 2738 497 2807 §.
512 2738 574 2795 221.
645 2740 689 2797 ll.
717 2738 842 2801 Salaria
854 2739 918 2793 uia:
931 2735 989 2792 PllL
1001 2768 1035 2778 -
1048 2735 1160 2794 Harl.1.:

74 2826 102 2882 2.
132 2825 164 2881 T.
177 2821 344 2898 Quinctium
353 2820 503 2879 Pennum:
520 2821 573 2878 Lo·
715 2823 813 2880 solaria
837 2823 890 2879 uia.
925 2820 969 2878 Cl.
993 2820 1090 2876 Paulus
1117 2841 1161 2898 ap.

128 2909 179 2968 rel.
197 2911 269 2975 5.,-
281 2906 316 2966 P:
332 2917 353 2967 t.
365 2910 497 2985 quintium
509 2927 573 2986 poo-
714 2907 804 2966 Fest:
824 2906 926 2963 Salaria
944 2908 987 2962 via
999 2904 1102 2963 Romae
1120 2915 1161 2962 est
1285 2950 1294 2967 .

127 3017 200 3057 num.
229 2995 269 3052 ll:
294 3007 314 3055 t.
333 2997 466 3073 quintium
484 3014 572 3071 poeno
715 2993 861 3074 appellata,
889 2994 951 3070 quia
968 3013 1019 3070 per
1036 3013 1094 3050 eam
1112 2992 1159 3050 Sa·

51 3118 58 3127 ·
125 3104 277 3141 arenauno
300 3083 391 3142 luisse.
420 3112 456 3126 -
483 3080 518 3137 P:
546 3089 573 3137 et
712 3084 770 3141 bini
797 3081 838 3140 sal
864 3102 879 3138 a
904 3083 972 3138 mari
997 3080 1162 3142 deserebant.

125 3178 185 3248 mag
216 3174 306 3252 equitia
336 3189 389 3229 sar.
425 3167 573 3227 cornelium
712 3168 756 3228 cf.
765 3169 828 3230 Tac.
838 3170 900 3229 hist.
911 3172 936 3239 3,
946 3168 1158 3230 78.-Lcid.r.:

125 3259 342 3334 maluginenscm.
655 3284 657 3291 ·
714 3267 846 3334 „pontem
858 3260 987 3315 airenis“.
1006 3256 1080 3313 Idem
1091 3258 1159 3312 scri·

71 3346 99 3406 6.
125 3356 155 3404 et
180 3348 218 3403 ab
239 3348 352 3403 Licinio
374 3347 432 3404 coa.
461 3343 572 3401 dictum
712 3355 788 3421 ptum
800 3350 841 3421 est
849 3343 929 3423 paulo
942 3351 1005 3422 post
1018 3340 1131 3402 inLeid.
1140 3360 1159 3403 1.

125 3434 242 3490 scribit:
259 3433 281 3488 P
299 3455 335 3492 m.
353 3435 379 3491 2.
396 3431 481 3491 ot-
499 3429 570 3488 Pm.
670 3426 680 3445 ³
712 3429 785 3488 Harl.
800 3450 818 3490 ι.
936 3452 945 3461 ·

125 3524 164 3578 1.:
183 3518 295 3578 lucinio.
317 3552 352 3565 -
378 3518 452 3577 Harl.
470 3537 504 3576 1.:
523 3518 571 3607 qui
642 3523 685 3579 13.
713 3520 874 3577 edixisset:
893 3516 915 3573 P
932 3538 968 3577 ιιι.
987 3518 1013 3576 2.
1029 3516 1065 3577 H.
1083 3546 1118 3560 ·-
1135 3515 1158 3574 P

123 3606 233 3682 collega.
247 3638 280 3649 -
298 3605 335 3663 P:
354 3615 384 3662 ut
402 3607 572 3663 continuaret
589 3601 597 3608 “
712 3625 747 3665 m.
768 3609 804 3664 1.:
824 3604 972 3665 eduxisset.

124 3701 171 3752 co‘s
194 3695 300 3751 obuiam
326 3692 451 3751 eundum.
480 3692 520 3749 ll:
540 3701 579 3749 ut.
642 3695 687 3754 16.
714 3694 827 3751 neutris
848 3711 914 3749 eum
938 3693 1157 3770 rumpentibus:

125 3785 298 3838 continuante
309 3786 376 3837 cons
386 3780 493 3837 obuiam
505 3798 569 3837 eun·
710 3780 753 3839 ed.
777 3779 858 3838 Frob.
887 3782 965 3840 1531.
991 3811 1027 3824 ·-
1056 3779 1105 3837 ΡΜ
1131 3787 1159 3836 et

123 3869 196 3929 dum.
710 3876 777 3944 oplt.
802 3868 901 3944 quique
920 3867 1013 3924 codd:
1033 3869 1159 3936 „neutris

67 3959 96 4016 7.
125 3956 263 4032 quaesita
285 3975 322 4014 eo
341 3955 463 4030 proprio
474 3953 568 4026 somi-
709 3955 909 4030 erumpentibus
917 3959 948 4009 “2
979 3954 1053 4031 quod
1085 3954 1157 4011 haud

121 4043 182 4100 liae
199 4044 284 4100 laus:
306 4040 355 4111 PH
372 4040 449 4099 Leld.
468 4060 499 4099 1.:
518 4039 567 4112 al]
708 4042 767 4097 scio
791 4062 824 4098 an
842 4061 936 4099 varum
961 4043 1010 4108 sit,
1034 4038 1157 4118 cumilli-

121 4131 240 4207 quaesita
260 4148 289 4185 ca
307 4130 433 4208 propriae
451 4127 567 4186 familiae
712 4129 772 4186 vius
790 4126 952 4206 particulam
970 4148 987 4185 e-
1004 4128 1094 4186 vorbis
1111 4128 1157 4185 ad·
1203 4137 1206 4146 ⁴

890 4216 959 4283 11*
