2618 4590
159 172 266 284 ota
622 222 794 285 numus

166 393 392 463 tumultuariae
414 390 585 482 agrestium
601 387 809 457 Etruscorum
824 389 976 456 cohortes
991 397 1139 479 repente
1163 412 1184 455 a
1197 388 1251 479 pria

165 497 288 591 cipibus
309 497 446 589 regionis
469 496 537 563 eius
560 495 736 563 concitatae
751 492 903 561 Romanis
925 504 1115 561 occurrunt
1139 492 1253 561 adeob

166 602 365 694 conpositae,
394 612 430 669 ut
451 600 591 669 vindices
614 601 804 690 praedarum
825 620 928 687 prope
954 596 1022 688 ipsi
1051 598 1200 688 praedae
1215 596 1254 665 in

165 706 236 773 rint.
274 707 375 775 mosis
397 706 577 797 fugatisque
604 703 641 770 iis
668 703 731 769 iate
760 700 955 793 depopulato
985 726 1070 793 agro
1098 702 1206 771 victor
1220 702 1255 771 ta

130 814 279 881 binarius
302 812 537 902 opulentusque
559 831 665 877 rerum
694 806 838 874 omnium
866 807 959 897 copia
981 807 1020 875 in
1050 818 1168 875 casua
1189 806 1255 887 reia

166 939 206 985 co
229 916 312 985 torte
335 916 476 1007 quinque
500 913 596 1004 legati
623 936 696 980 cum
727 911 854 979 duobus
880 910 1018 979 tribunis
1049 910 1168 1003 plebis
1196 934 1256 980 vera

166 1031 238 1087 rant
260 1020 479 1088 denuntiatum
501 1018 599 1084 Fabio
622 1028 751 1085 senatus
773 1015 878 1083 verbis
899 1013 1094 1105 neusaiturn
1115 1015 1257 1083 Ciminius

165 1125 328 1194 transiret:
350 1123 457 1190 laetati
480 1121 581 1190 serius
603 1143 638 1187 se
662 1145 759 1211 quam
782 1132 818 1188 ut
839 1119 980 1210 inpedire
995 1118 1137 1189 bellurn
1161 1132 1259 1213 posset

29 1296 35 1304 ,
166 1227 302 1309 venisse,
323 1226 425 1293 nuntii
449 1224 597 1293 uictoriae
620 1226 758 1293 Romam
780 1234 991 1293 revertuntur.

122 1340 156 1395 ¹0
257 1329 422 1400 XXXVII.
466 1329 536 1398 Hae
558 1329 761 1420 expeditione
784 1328 923 1399 consulis
944 1338 1083 1397 motum
1108 1330 1262 1401 tatiusaa
1286 1350 1292 1363 “

168 1460 267 1529 quam
289 1435 491 1528 profligatum
514 1434 653 1501 bellum:
675 1434 887 1503 vastationem
908 1456 1056 1525 namque
1080 1436 1151 1503 sub
1167 1436 1263 1505 cirria*

167 1540 287 1609 montis
309 1541 468 1608 radicibus
490 1540 597 1607 iacens
619 1562 674 1607 ora
697 1550 841 1609 senserat
861 1538 1125 1630 conciveratque
1153 1541 1264 1633 indign-

169 1644 256 1713 tione
278 1668 344 1712 non
355 1643 500 1711 Etruriae
523 1644 622 1712 modo
645 1644 784 1736 populos
806 1644 863 1713 sed
875 1641 1029 1711 Umbriae
1054 1644 1216 1713 finitima:
1234 1648 1266 1713 iu

169 1772 233 1842 que
256 1759 394 1840 quantus
416 1772 483 1816 non
506 1773 661 1840 umquam
684 1760 777 1818 antea
807 1747 965 1817 exercitus
991 1746 1034 1814 ad
1061 1748 1217 1819 Sutrium
1235 1776 1268 1819 re

123 1860 157 1917 to
167 1852 224 1937 nit,
245 1877 350 1943 neque
374 1877 393 1919 e
421 1853 507 1920 silvis
529 1864 654 1921 tantum
677 1855 776 1923 modo
803 1864 951 1945 promota
972 1863 1085 1921 castra
1107 1856 1176 1923 sed
1196 1855 1270 1926 etiau

169 1956 319 2027 aviditate
342 1957 510 2027 dimicandi
533 1982 632 2051 quarn
659 1960 798 2052 primum
824 1958 858 2025 in
885 1979 1018 2047 campos
1051 1957 1170 2029 delata
1191 1960 1270 2029 acies:

186 2158 214 2215 Δ.
240 2158 337 2217 oacrio
336 2157 520 2238 fugatisque
530 2159 686 2219 iialatede·
829 2187 864 2203 ·-
881 2156 921 2214 bl:
934 2174 966 2213 eo
979 2154 1054 2214 forte
1070 2161 1271 2238 quinquelegati

235 2247 379 2320 populato
392 2267 467 2325 agro
481 2250 575 2304 umor
591 2267 687 2305 romu·

242 2351 299 2388 nus
318 2333 535 2408 opulentusque
553 2333 590 2403 (P
601 2353 637 2392 nr.
649 2337 687 2392 1.:

244 2415 431 2495 opulentosq.)
444 2437 543 2476 rerum
559 2423 689 2478 omnium

242 2504 328 2576 copia
347 2505 378 2558 iu
390 2513 491 2560 castro
503 2508 607 2563 rediit:
624 2506 688 2564 PM:

241 2587 313 2657 „dar
342 2590 490 2665 siegreiche
516 2592 572 2649 und
601 2592 688 2651 durch

240 2677 301 2733 uine
323 2674 411 2734 Massa
438 2698 492 2737 ron
514 2679 600 2737 Bouto
622 2680 689 2738 aller

134 2782 138 2789 ·
239 2761 292 2819 Art
317 2762 484 2822 beroieberto
506 2766 637 2828 Rbrner“.
666 2768 689 2829 1.

240 2846 285 2909 tr.
304 2848 389 2911 Gron.
412 2851 577 2931 „opulentus
597 2874 690 2913 rerum

241 2940 361 2995 omnium
397 2941 426 2997 iu
462 2951 549 2998 castra
584 2943 688 3000 rediit“

241 3024 413 3082 scribendum
443 3030 567 3087 coniecit.
604 3039 632 3085 et
661 3032 690 3087 in

181 3174 185 3183 ¹
241 3110 309 3170 Pau.
328 3115 352 3171 1.
371 3115 397 3171 3.
410 3110 488 3172 Voss.
502 3132 530 3173 rr.
548 3118 633 3190 copia
645 3137 690 3178 ex·

242 3198 317 3257 cidit.

186 3286 215 3343 6.
241 3285 689 3370 eofortequinpueleguticum

239 3372 358 3436 duodena
387 3382 424 3433 tr.
450 3377 492 3451 pl.
529 3389 688 3437 ueneram:

240 3457 272 3518 P.
302 3456 347 3517 cf.
365 3461 415 3529 29,
434 3463 478 3521 90.
503 3484 557 3541 qno
579 3464 640 3522 loco
658 3468 688 3522 in

243 3543 384 3602 eonsilium
402 3548 438 3604 ad
452 3549 481 3608 P.
495 3550 616 3609 Cornelii
629 3554 687 3611 Sei·

240 3632 331 3707 pionis
350 3654 455 3692 causam
475 3641 688 3713 cognoscendam

239 3718 357 3793 profecti
378 3721 503 3781 dicuntur
527 3747 588 3784 cum
610 3747 686 3806 prae·

212 3840 217 3851 ·
240 3811 300 3863 toro
316 3802 465 3887 legatisque
482 3815 563 3870 etiam
586 3815 689 3872 tribuni

238 3891 342 3969 plebis,
369 3899 416 3974 qui
440 3897 597 3976 Scipionem
626 3921 686 3978 pre·

238 3976 321 4036 bendi
337 3984 461 4041 iuberent
472 4007 503 4043 ac
521 3990 579 4045 iuro
596 4006 685 4045 sacro·

115 4068 121 4079 “
238 4077 346 4123 unctae
363 4075 506 4147 potestatis
517 4073 684 4131 reducerent.

829 2264 891 2303 onor
916 2244 1023 2303 duobus
1051 2246 1112 2308 ebe.
1139 2247 1182 2328 pl,
1210 2267 1270 2307 nere

828 2343 891 2390 rant
907 2343 958 2391 cet
979 2362 1016 2376 -
1042 2331 1088 2391 M:
1117 2335 1213 2395 laetati
1230 2335 1271 2391 reri

829 2423 903 2478 insse
920 2427 972 2498 qui
990 2429 1021 2476 ut
1038 2421 1176 2498 inpedire
1188 2421 1271 2482 bellun

829 2516 942 2585 ponant
971 2509 1085 2565 uenisse
1114 2512 1212 2569 nuncii
1240 2510 1270 2567 ni·

829 2598 930 2655 ctoriae
959 2602 1073 2653 romani
1104 2606 1270 2661 renaturus
1308 2641 1309 2644 η

831 2703 867 2743 ru.
879 2685 921 2745 b:
940 2683 1056 2752 ‚‚iaetuti
1069 2682 1222 2745 seriiur‘m
1231 2689 1270 2761 qui

831 2775 883 2828 nt“
902 2780 953 2829 cet.
971 2771 1035 2829 dein
1047 2776 1142 2829 romi
1152 2790 1206 2850 pro
1218 2789 1269 2839 „ra

830 2862 939 2917 ΜΨ.
957 2860 987 2915 ἰιι
1004 2860 1130 2931 margine
1145 2860 1268 2917 etiamne

833 2943 895 3002 dern
916 2964 956 3005 na.
970 2946 997 3003 4.
1019 2946 1157 3021 scriptun
1180 2954 1222 3004 ui
1242 2944 1268 3014 „i

830 3035 974 3091 rumanu“.
1095 3054 1110 3071 -·

762 3206 804 3267 to.
831 3209 934 3285 itaque
965 3216 1096 3286 quantur
1127 3226 1189 3267 non
1218 3227 1269 3267 um·

820 3316 923 3373 -quum
944 3304 1034 3353 antea
1059 3298 1212 3355 exercitur
1233 3294 1270 3352 ud

823 3383 967 3443 ¹·Sutrr‘um
992 3385 1088 3441 unu:
1116 3382 1155 3443 li,
1182 3414 1219 3431 -
1240 3382 1268 3438 1¹:

829 3480 946 3549 qucum
957 3481 1142 3546 nonunquam,
1149 3479 1232 3533 attin
1241 3496 1270 3510 ··

829 3555 1019 3618 Mm3.1’:
1047 3554 1270 3641 neqnoe‘ciinis
1296 3564 1302 3579 “

830 3654 932 3706 tuntum
949 3645 1033 3703 modo
1045 3654 1172 3719 promota
1183 3653 1269 3707 utra.

827 3731 856 3789 ll
884 3753 920 3793 nr.
949 3736 986 3792 ta
1014 3740 1152 3810 promoto.
1190 3727 1271 3803 „Und

829 3819 914 3879 brach
940 3822 1016 3879 nicbt
1041 3818 1209 3889 cilitium
1228 3836 1269 3876 aar

829 3905 1270 3971 denWtidcttnbmcr‘ffissA:

828 3992 979 4060 „exiluia“.
1000 3991 1066 4053 bina
1081 3991 1164 4059 Van.
1176 3998 1216 4057 aa.
1227 3988 1270 4053 eta

826 4078 963 4141 ssliittil.
1057 4092 1132 4139 «πμ
1180 4100 1205 4167 ι’.
1252 4092 1276 4107 “”
