2618 4590
535 228 734 370 rernm
787 342 797 357 ,
1089 258 1198 363 ιιι-

70 464 169 532 quam
191 437 385 531 aliquamdiu
407 460 544 528 aequam
566 449 600 505 ct
620 437 695 527 quia
716 459 776 527 pro
799 436 860 503 aris
883 460 921 504 ae
942 436 1022 505 locis
1043 436 1170 507 dimica·

70 547 165 613 batur
187 556 219 611 et
247 543 320 634 quia
343 568 385 610 ex
407 543 499 610 tectis
528 541 697 610 adiuvabat
723 541 847 610 inbellis
870 541 1039 610 multitudo
1061 554 1171 611 tamen

68 649 247 739 Fregellani
275 648 500 715 sustinuerunt.
535 647 621 715 fraus
644 645 763 742 deinde
790 669 861 712 rem
887 645 1048 715 inclinavit
1080 647 1170 737 quod

68 777 185 822 vocem
208 753 307 819 audiri
329 752 495 843 praeconis
517 750 603 841 passi
617 761 701 833 sunt,
722 749 917 818 incolumem
932 751 1092 818 abiturum
1114 751 1169 841 qui
1253 780 1256 793 ·

69 883 158 925 arma
180 856 354 960 posuisset:
378 880 416 924 ea
438 878 512 946 spes
533 854 655 923 remisit
676 878 695 920 a
717 854 889 923 certamine
907 855 1030 922 animos
1053 867 1205 946 cepaea

70 963 133 1028 sim
156 986 242 1028 arma
264 939 372 1027 iaciari
394 972 522 1050 coepta:
550 958 741 1079 pertinacior
762 983 836 1050 pars
861 971 981 1027 armata
1003 984 1061 1051 per
1083 983 1170 1028 aver·

69 1091 139 1132 sam
161 1077 287 1156 portam
309 1064 412 1153 erupit
432 1065 594 1155 tutiorque
621 1063 667 1131 eis
695 1063 826 1131 audacia
853 1064 914 1132 fuit
940 1088 1039 1154 quam
1064 1064 1170 1133 incau-

68 1183 121 1238 tus
145 1171 185 1236 ad
208 1167 401 1236 credendum
424 1168 537 1236 ceteris
558 1192 668 1259 pavor,
691 1186 787 1258 quos
797 1147 1040 1237 circunidatos'
1030 1170 1095 1260 :gni
1116 1192 1170 1237 ne

66 1275 223 1365 quiquam
250 1275 328 1340 deos
355 1272 516 1363 fidemque
543 1273 729 1341 invocantes
757 1273 916 1341 Samnites
949 1296 1171 1341 concremave-
1227 1302 1230 1311 ·

33 1406 36 1411 ·
66 1391 151 1448 runt.
189 1377 347 1447 Consules
368 1376 450 1445 inter
471 1400 507 1445 se
528 1378 633 1469 partiti
654 1379 850 1469 provincias:
871 1378 1045 1470 Papirius
1035 1402 1069 1445 m
1084 1378 1219 1468 Apu-to

88 1602 113 1657 1.
142 1617 232 1674 qnam
243 1596 432 1673 aliquamdiu
443 1615 588 1675 acquum:
675 1599 703 1658 6.
726 1599 906 1674 pertinacior
923 1596 982 1667 (ttz
995 1599 1192 1673 pertinatiam:

141 1684 205 1743 Pu:
228 1684 302 1753 „stit
318 1683 524 1759 Tagoranbrucb
539 1683 586 1740 be·

141 1791 210 1848 genn
229 1771 278 1828 der
295 1770 403 1847 Rumpi,
420 1771 517 1838 werin,
538 1771 587 1826 ob·

142 1858 230 1935 gleicb
248 1878 277 1914 er
288 1857 366 1933 lange
377 1855 587 1914 uneutscbieden

143 1945 225 2014 blieb,
245 1944 290 2001 die
304 1942 473 2020 Fregellaner
488 1943 587 2027 gleiqb·

141 2030 217 2089 wohl
232 2030 307 2089 ulobt
324 2031 487 2106 unterlagen‚
505 2029 585 2089 theiis

141 2118 585 2179 weilsieliiribreellttreundl'u-

140 2208 358 2276 milienatritteu‚
367 2205 447 2262 tbeils
457 2205 522 2262 weil
530 2225 585 2262 ron

140 2296 193 2354 den
206 2293 331 2351 Dtcbern
348 2290 514 2351 berabAllec
527 2293 585 2350 vdes
657 2302 703 2403 10¹
726 2355 777 2405 0⁰3
805 2349 882 2405 mer
897 2369 931 2406 M
940 2350 1171 2426 parm-prom

116 2452 119 2457 ι
139 2379 585 2441 nicbtdieWaffenffilrreulmnn·

140 2480 167 2526 ta
188 2469 429 2547 dieKtmpienden
449 2488 483 2524 ru
496 2477 585 2524 unter-

141 2563 247 2616 stlitreu
261 2559 315 2615 und
334 2556 495 2614 anzuleuem
506 2554 585 2613 euch-

141 2643 586 2712 te“.VideturLivius‚cumcumeu

142 2732 281 2799 scriberet,
298 2732 446 2807 exprimere
457 2730 587 2797 voluisse,

141 2819 282 2876 victoriam
299 2817 388 2894 primo
403 2835 433 2872 se
449 2816 533 2891 magis
551 2814 587 2870 ad

140 2904 275 2963 Samnites
284 2903 413 2963 inclinare
424 2904 509 2961 visum
518 2921 587 2962 esce.
666 2922 669 2929 ·

88 2997 116 3054 3.
143 2992 227 3070 quod
238 3011 338 3051 uocem
351 2990 454 3048 audiri
465 3009 588 3066 procce-

140 3083 189 3141 uie
207 3082 296 3155 posci
319 3087 405 3137 cunt:
428 3076 485 3137 PM.
514 3076 588 3133 Haec

142 3168 224 3227 rerba
242 3167 394 3242 significare
409 3174 525 3245 possum
541 3171 588 3221 aut

141 3275 197 3312 non
220 3273 279 3310 erse
303 3255 414 3311 vetitum
437 3251 587 3309 :Satrica-

142 3343 185 3399 nis
197 3360 356 3419 praeconem
369 3339 587 3417 Samnitiumper

143 3447 189 3485 ear
202 3427 276 3483 urbis
289 3436 377 3502 partes
389 3446 457 3503 quae
468 3425 587 3483 boatium

144 3535 200 3573 uon
218 3521 309 3570 essent
332 3513 458 3569 incedere
479 3511 516 3568 ud·
531 3513 587 3569 aui·

143 3622 203 3663 mos
221 3600 254 3656 ab
271 3600 415 3656 certamine
426 3599 589 3668 avocandos,

145 3700 191 3751 aut
207 3695 366 3766 potestatem
384 3685 417 3743 ab
435 3686 511 3745 urbia
533 3704 589 3743 ma·

144 3775 298 3853 gistratibue
310 3774 398 3830 datam
411 3773 516 3830 civibus
529 3792 589 3830 ease

145 3883 215 3920 arma
236 3859 357 3937 ponendi
380 3859 526 3937 urbemque
546 3879 588 3916 re·

145 3948 294 4025 linquendi.
316 3980 351 3993 -
374 3946 410 4004 P:
437 3946 589 4005 incolumen

145 4037 305 4094 babituram.
329 4065 364 4076 -
388 4033 428 4091 tt:
451 4037 498 4112 qui
515 4053 587 4093 arma

142 4125 273 4202 perisset.
290 4141 325 4182 m.
342 4124 381 4182 Ἅι
399 4126 543 4201 peruuart

726 1705 801 1762 porc
819 1694 937 1742 armatu
955 1705 1010 1761 per
1030 1704 1172 1743 auersum

726 1782 844 1849 portem
854 1775 966 1848 erupit:
976 1770 1032 1830 ΡΜ.
1043 1802 1075 1819 ...
1090 1771 1171 1831 lleoc.

727 1859 825 1919 codd:
843 1860 991 1919 aduersam.
1003 1891 1037 1903 -
1050 1858 1112 1917 Plll:
1131 1869 1171 1917 tu·

727 1947 834 2023 tiorque
851 1951 895 2004 cic
907 1948 1017 2004 audacia
1029 1946 1081 2005 luit
1091 1967 1172 2023 quum

727 2034 849 2089 incautus
867 2033 902 2090 ad
923 2034 1085 2093 credendum
1101 2044 1172 2091 cete·

727 2122 766 2176 ris
784 2141 878 2198 pauor.
892 2153 926 2163 -
944 2121 982 2177 bl:
1000 2123 1171 2198 nequiquam.

726 2207 762 2263 P:
780 2209 966 2284 nequicquam.

726 2436 790 2493 ciac
816 2434 872 2503 llll:
899 2438 1064 2513 prouintias)
1088 2438 1171 2514 popi-

727 2525 792 2580 riue
819 2525 851 2578 irc
875 2525 1007 2598 apuliam
1031 2524 1075 2581 ud
1095 2525 1173 2584 tucc-

727 2612 803 2667 riom
819 2613 928 2684 pergit:
945 2609 1054 2671 Plll-
1020 2610 1174 2691 -Quam

728 2717 808 2773 quam
826 2695 997 2765 Lucerinid,
1016 2700 1041 2756 ὓ.
1058 2698 1124 2754 boni
1141 2718 1174 2756 uc
1201 2736 1204 2741 -

728 2780 822 2837 fideles
840 2784 908 2839 socii
927 2784 1099 2839 nominantur
1115 2767 1173 2860 qui-

728 2868 780 2924 bus
798 2888 878 2944 opem
896 2868 965 2925 ierre
976 2868 1113 2926 Romanus
1124 2867 1174 2925 du·

729 2954 816 3011 bitere
832 2975 887 3012 non
900 2955 1018 3025 deberet,
1035 2965 1124 3013 tamen
1140 2957 1174 3013 ll·

729 3041 804 3110 dem,
831 3062 892 3099 cum
914 3042 1029 3101 Romani
1050 3042 1084 3101 ad
1103 3041 1173 3101 Cau·

728 3128 803 3186 dium
815 3131 881 3186 victi
896 3139 993 3200 essent,
1011 3150 1059 3187 suc
1077 3139 1174 3209 apeme

728 3215 762 3272 ad
779 3216 915 3274 Samnites
933 3217 1064 3275 deiecisse
1080 3218 1174 3274 viden·

728 3313 772 3360 tur
790 3304 912 3381 adeoque
933 3325 1065 3362 novorum
1086 3307 1175 3363 socio·

728 3409 788 3445 rum
804 3389 886 3447 fidem
899 3390 1015 3449 coluisse
1034 3401 1065 3448 nt
1080 3393 1120 3449 eia
1131 3382 1175 3450 rel

728 3475 838 3533 obsides
862 3477 977 3535 Romani
1004 3479 1175 3537 custodiendi

729 3562 865 3623 darentur.
885 3595 917 3608 -
941 3563 983 3622 M:
1011 3566 1083 3635 „ubl
1100 3568 1175 3643 equi·

731 3659 772 3706 ter
790 3654 895 3709 rornani
913 3655 1029 3730 equites
1046 3654 1190 3729 romanii,

730 3738 840 3795 obsides
866 3739 901 3795 ad
930 3740 1056 3799 caudium
1082 3741 1175 3801 dati“:

730 3824 779 3880 sed
805 3825 892 3882 media
918 3829 999 3885 verba
1022 3849 1059 3889 m.
1080 3831 1107 3889 3.
1130 3848 1175 3887 cx·

729 3923 828 3990 puncta
852 3924 924 3972 sunt.
946 3947 981 3958 —
1008 3915 1043 3974 P:
1067 3914 1176 3995 publiue

729 4001 758 4055 in
776 4002 880 4056 samnio
903 4002 1025 4062 substitit
1045 4003 1175 4063 atim

730 4085 857 4145 modium
874 4086 1002 4165 legiones.
