2618 4590
168 207 236 280 41⁰
442 244 446 251 ·
563 206 566 213 “
625 216 821 279 1111111111

171 410 288 478 anceps
311 382 422 452 dieitur
442 392 605 450 certamen
631 381 756 450 stetisse
778 393 815 448 ut
834 405 940 474 neque
956 380 1089 467 elamor,
1112 395 1153 452 ut
1174 384 1265 475 primo

171 489 272 561 semel
293 510 448 557 concursu
472 497 522 555 est
542 486 706 571 sublatus,
738 487 868 555 iteratus
886 487 930 555 sit
958 511 1065 578 neque
1089 488 1186 579 signa
1207 515 1264 580 pre

171 608 259 667 mota
281 595 354 663 loco
377 604 503 660 retrove
524 603 653 683 recepta
668 615 773 682 neque
790 593 953 662 recursum
969 593 1009 660 ab
1025 593 1093 660 ulln
1111 595 1156 663 sit
1170 607 1263 686 perte:

169 703 203 769 in
224 724 284 769 suu
307 697 451 790 quisquis
479 697 578 788 gradu
605 697 714 764 obnixi
741 709 888 790 urgentes
916 698 1013 766 scutis
1042 699 1113 766 sine
1143 701 1262 791 respue

141 807 256 884 atione
283 827 321 872 ac
348 813 497 899 respectu
526 801 725 895 pugnabant:
762 803 907 873 fremitus
941 804 1085 898 aequalis
1113 814 1260 898 tenorque

237 1024 327 1085 lorum
351 1023 483 1079 exercitus
502 1052 536 1065 ·-
553 1022 582 1080 in
605 1018 684 1078 cnm·

238 1113 346 1190 puniam
358 1110 502 1168 transierit.
515 1141 548 1151 -
561 1107 584 1165 Ρ
595 1128 630 1167 m.
643 1110 683 1169 2:

239 1199 273 1258 nb
291 1199 357 1254 bore
377 1197 431 1254 diei
454 1197 531 1252 tertie
554 1196 590 1254 ad
611 1207 683 1254 octa·

238 1307 300 1344 unm
323 1290 360 1343 ite
383 1305 482 1362 anceps
504 1283 602 1341 dieitur
625 1304 682 1341 cer·

237 1383 326 1430 tamen
344 1372 458 1429 stetisse.
475 1368 498 1427 Ρ
516 1391 550 1428 m
571 1369 681 1430 11111.

237 1461 389 1521 93111111.
408 1458 480 1518 um.
492 1461 531 1518 L:
550 1457 583 1514 ab
597 1476 681 1517 orem.

133 1588 137 1595 ·
185 1551 211 1610 1.
237 1557 270 1606 ut
292 1550 388 1623 primo
416 1547 510 1604 semel
535 1565 681 1604 concursu

236 1644 283 1695 m
299 1635 451 1696 rubtatus:
468 1632 496 1692 11
513 1655 549 1693 nr.
567 1635 639 1693 1.-
653 1632 682 1692 bl

237 1744 273 1784 m.
304 1716 380 1783 151³
409 1719 483 1782 Heri
512 1741 530 1784 1.
559 1719 636 1780 Leid.
661 1740 680 1781 1.

233 1808 313 1869 Voss.
327 1830 356 1871 11.
367 1809 435 1875 Lov,
451 1811 477 1866 1.
487 1808 537 1871 ab:
550 1818 580 1866 ut
591 1810 679 1889 primo
747 1808 750 1815 '

233 1898 318 1958 semel
327 1918 488 1955 concursum
497 1906 539 1955 est
549 1895 679 1955 subintus.

179 1989 205 2049 1.
232 1989 264 2045 in
282 2007 337 2044 suo
357 1987 494 2063 quisquis
510 1983 612 2064 gradu
629 1983 678 2038 ob·

232 2076 315 2147 nixi]
338 2075 367 2130 in
389 2094 439 2130 suo
463 2073 576 2150 quisque
593 2068 678 2145 gradu

230 2163 332 2220 obnixi.
350 2193 383 2202 -
403 2157 468 2218 PM:
487 2161 516 2215 in
533 2178 583 2214 suo
603 2159 676 2234 quis·

230 2251 293 2326 quis
310 2247 395 2324 gradu
417 2248 528 2303 obnoxii
551 2245 677 2315 (111111.

231 2332 307 2393 Leid.
317 2355 334 2391 1.
355 2333 387 2392 111.
395 2338 415 2402 ).
429 2364 464 2373 -
484 2333 616 2389 Obnoxii
631 2352 677 2389 ve-

229 2442 287 2481 ram
295 2420 375 2477 buius
385 2418 438 2474 luci
448 2420 608 2494 scripturam
617 2439 678 2475 esse

230 2529 286 2564 non
296 2525 378 2585 posse
387 2505 465 2561 facile
479 2515 520 2562 est
531 2505 677 2567 intellectu.

229 2597 271 2653 sie
287 2613 394 2672 quoque
411 2596 444 2661 7,
461 2592 505 2648 33.
527 2594 556 2649 in
573 2592 601 2650 Μ
618 2596 677 2671 qui·

143 2744 146 2753 ,
231 2683 293 2741 dem
312 2682 422 2750 obnixi,
440 2679 536 2755 sedin
555 2679 577 2738 P
595 2703 630 2740 m.
650 2685 675 2742 1.

209 2760 355 2838 ¹edumei,
384 2771 413 2827 in
434 2764 508 2829 Harl.
527 2788 544 2828 1.
562 2767 639 2827 Leid.
655 2788 674 2830 1.

213 2884 219 2891 ’
229 2860 355 2918 obnoxii
364 2859 503 2915 inventum
515 2864 563 2916 est
581 2876 675 2913 verum

164 2954 170 2963 ’
231 2948 368 3028 quisquis
385 2965 436 3023 pro
450 2948 577 3022 quisque
589 2944 621 3001 ab
633 2964 673 3000 er-

227 3032 674 3104 rantibuslibrariisseriptnmeese

225 3120 389 3199 persuadere
400 3118 467 3174 mibi
483 3137 539 3173 non
549 3137 674 3192 possum:

137 3213 144 3223 '
226 3228 277 3266 nee
303 3205 376 3287 eliud
403 3205 548 3262 discrimen
570 3205 602 3263 in
630 3205 673 3261 his

226 3295 330 3354 duabus
351 3293 464 3352 vocibus
487 3291 540 3350 boe
563 3292 674 3370 quidem

225 3384 287 3441 loeo
297 3383 404 3442 videtur
413 3378 590 3459 inesse'quem
600 3380 673 3459 quod

186 3453 199 3476 ⁴
227 3473 364 3547 qurquir
374 3471 476 3532 maiore
484 3467 512 3528 11
520 3469 591 3531 idem
599 3468 673 3556 quod

226 3561 356 3636 quisque
385 3559 524 3635 exprimat.
554 3565 672 3621 ceterum

224 3647 415 3722 propriisque
428 3644 529 3717 dictum
541 3663 671 3700 nonnum-

225 3751 306 3807 quam
330 3734 466 3807 quisquis
490 3751 549 3788 esse
572 3728 615 3789 vel
638 3728 671 3786 il-

162 3810 164 3814 *
225 3817 273 3876 lud
298 3839 388 3876 unum
417 3818 567 3896 quidquid
591 3817 672 3873 donet

226 3905 301 3984 qnod
323 3905 396 3985 apud
412 3905 520 3968 Lueret.
537 3908 569 3975 5,
592 3906 671 3966 1387.

825 1024 896 1102 epud
922 1010 1063 1083 11111111
1091 1022 1173 1084 Tria.
1197 1024 1260 1091 1,1.

823 1115 885 1171 881.
912 1110 1020 1186 legitur,
1050 1119 1078 1168 et
1107 1113 1190 1169 euius
1211 1110 1259 1167 leet

824 1198 896 1277 npud
908 1198 1015 1256 Terent.
1033 1199 1061 1255 in
1072 1198 1129 1258 Ad.
1142 1203 1172 1269 4,
1189 1201 1214 1258 9.
1227 1200 1259 1256 bl.

824 1307 915 1343 unum
947 1286 1088 1364 quodque
1119 1290 1188 1367 puni
1217 1305 1259 1343 nen

823 1375 951 1452 oportuit
978 1393 1040 1430 nem
1056 1394 1223 1452 quamquem
1236 1373 1259 1428 li·

823 1463 911 1518 eentie
934 1461 1047 1540 quadam
1069 1470 1213 1540 poetarum
1227 1462 1260 1518 nit

822 1551 953 1628 scriptum
975 1569 1035 1606 esse
1056 1548 1148 1607 videri
1174 1557 1260 1628 potest

821 1646 912 1694 temen
924 1637 952 1694 id
964 1646 1037 1695 certe
1048 1657 1105 1695 nen
1118 1646 1211 1717 potest
1222 1634 1260 1692 dr·

821 1723 897 1781 bium
915 1745 975 1782 esse
992 1726 1057 1803 quin
1069 1723 1155 1782 latine
1165 1727 1203 1781 ite
1215 1722 1260 1780 did

821 1815 949 1889 potuerit.
973 1833 1023 1870 nee
1044 1811 1099 1869 hoe
1127 1832 1182 1871 uno
1208 1811 1260 1867 lucu

819 1898 893 1979 apud
904 1896 1012 1958 bivium
1030 1901 1060 1957 iu
1077 1899 1132 1956 bne
1148 1919 1216 1958 voce
1225 1919 1259 1955 er·

819 1995 908 2043 retum
932 2007 992 2043 esse
1013 1985 1060 2044 elii
1078 1985 1139 2044 leei
1163 1987 1260 2053 docent,

819 2093 860 2134 ex.
878 2094 917 2149 gr.
934 2076 979 2145 ut,
991 2074 1035 2146 28.
1054 2094 1107 2151 quo
1126 2073 1189 2135 locu
1207 2095 1260 2132 enm

767 2152 770 2157 ¹
817 2157 879 2221 Put.
891 2157 1189 2240 (0111111111311111.)
1200 2165 1259 2219 seri·

818 2249 936 2305 bendum
965 2257 1020 2304 est:
1050 2247 1218 2328 „Crispinus
1238 2258 1260 2305 et

818 2347 905 2394 morte
932 2335 1059 2411 conlegae
1087 2340 1114 2391 et
1136 2358 1187 2394 sne
1208 2335 1260 2395 11]·

817 2443 882 2479 nere
910 2425 1020 2489 ¹territus
1051 2423 1161 2480 silentio
1195 2427 1260 2481 inse·

818 2510 1259 2591 quentisnoetipproieetns,quos·

818 2617 894 2674 quos
909 2604 1075 2672 proxumos
1094 2609 1208 2656 nanctus
1223 2608 1260 2655 est

815 2685 929 2752 montis,
956 2684 985 2739 in
1007 2687 1043 2742 iis
1065 2683 1126 2769 lnce
1154 2686 1208 2744 alto
1234 2696 1260 2742 et

795 2768 798 2775 ’
817 2781 875 2831 tuto
894 2771 1013 2850 undique
1031 2776 1116 2830 casira
1134 2777 1258 2852 posuit“:

815 2859 844 2916 b.
862 2881 885 2918 e.
907 2861 935 2916 in
957 2861 1087 2937 proximis
1109 2861 1260 2940 quibusque

815 2946 962 3008 montibus.
1110 2952 1113 2960 '

762 3035 789 3093 5.
808 3032 956 3106 fremitus
968 3033 1101 3113 aequalis
1113 3042 1261 3111 tenorque

814 3120 894 3177 idem
913 3122 1085 3199 pugnacite
1108 3120 1259 3201 defatiga-

814 3209 923 3264 tionem
937 3209 1070 3271 ultr'mam
1081 3217 1135 3266 aut
1146 3209 1258 3269 noctem

813 3296 979 3369 spectabat:
1000 3295 1070 3353 Pblr-
1088 3297 1168 3368 „und
1186 3297 1257 3353 diese

814 3381 863 3438 auf
895 3382 993 3440 beiden
1028 3384 1122 3441 Seiten
1157 3383 1257 3460 gleiebe

812 3467 1028 3547 Hartuttekigireit
1045 3471 1102 3529 und
1118 3471 1257 3530 Ausdauer

798 3554 912 3631 ‘liessen
939 3569 1088 3629 erwarten,
1118 3560 1182 3618 dass
1208 3579 1255 3616 nur

812 3646 873 3701 eine
905 3644 1041 3720 ginzlicbe
1070 3647 1255 3727 Erschbpiung

812 3729 878 3787 ulier
895 3730 988 3796 Krtiite
1015 3734 1081 3790 oder
1104 3733 1150 3791 die
1170 3732 1255 3792 Naebt

812 3818 874 3875 dem
898 3816 1014 3899 Kampse
1037 3823 1081 3878 ein
1102 3819 1181 3899 Ende
1203 3840 1254 3877 ma-

813 3900 880 3964 ebeu
904 3908 1029 3968 werde“.
1065 3906 1253 3969 1.fr.Gron.
