2618 4590
185 233 228 302 12
580 228 586 239 '
650 241 760 304 nuru
778 243 823 304 vr.

184 409 288 476 minor
308 408 412 476 moles
434 407 652 497 superantibus
674 406 793 475 vallum
820 406 852 474 iu
882 418 984 476 castra
1007 406 1200 476 Vulscorurn
1223 411 1284 479 lio

115 572 121 579 ,
184 513 285 580 manis
319 512 412 580 luerit
443 536 540 601 quam
572 510 865 580 transcendentibus
893 536 1023 603 saepem
1056 512 1203 580 incendio
1233 516 1284 581 ab

153 690 169 713 Ι,
184 630 345 709 sumptam
360 618 469 684 iuerat
507 616 586 683 fusis
600 617 746 685 hostibus
770 617 933 706 oaesisque
949 641 1023 683 eum
1038 629 1139 685 eastra
1161 619 1284 709 impetu

186 725 321 815 cepisset
344 722 490 803 dictator,
516 722 668 811 praedam
690 721 779 787 militi
802 721 887 788 dedit
909 747 974 812 quo
998 723 1101 788 minus
1124 730 1287 813 speratam

49 882 53 891 .
153 839 229 895 5..‚
249 827 377 895 minime
398 827 546 916 largitore
569 827 650 893 derce
672 864 716 875 —
738 850 779 894 eo
806 826 895 892 militi
922 827 1101 916 gratiorem.
1137 852 1284 918 perseeu-

182 944 234 1000 tus
257 932 371 1002 deinde
392 931 549 1026 fugientes
571 956 646 998 cum
671 955 801 998 onmem
823 931 979 999 Volscum
1008 956 1118 1023 agmm
1142 933 1284 1025 depopu-

181 1037 264 1104 latus
281 1047 374 1118 esset,
390 1036 431 1101 ad
446 1035 639 1103 deditionem
649 1035 788 1105 Vulscos
802 1036 1037 1126 septuagesimo
1053 1037 1184 1104 demum
1200 1062 1283 1106 auno

181 1141 316 1231 subegit.
354 1141 457 1209 victor
478 1165 520 1208 ex
542 1141 667 1210 Vulscis
694 1141 727 1208 in
748 1139 879 1231 Aequos
907 1141 1029 1208 transiit
1050 1153 1084 1208 et
1107 1141 1196 1231 ipsos
1219 1143 1282 1211 bel-

181 1245 251 1311 lum
276 1244 459 1312 molientes:
494 1246 669 1313 exereitum
696 1270 807 1313 eorum
835 1245 875 1311 ad
898 1246 998 1314 Volas
1024 1247 1193 1338 oppressit,
1224 1273 1283 1317 nee

86 1335 92 1354 ’
137 1361 172 1417 10
183 1361 285 1417 castra
300 1351 398 1417 modo
414 1351 472 1417 sed
488 1351 601 1418 urbem
616 1351 712 1418 etiam
728 1351 894 1440 adgressus
909 1350 1031 1442 impetu
1046 1352 1149 1441 primo
1166 1353 1262 1443 cepit.

270 1455 322 1522 ΠΙ.
368 1455 452 1521 Cum
472 1456 505 1521 in
527 1480 566 1522 ea
592 1467 682 1547 parte
704 1455 736 1521 in
759 1481 823 1545 qua
850 1467 947 1546 eaput
971 1457 1017 1523 rei
1038 1457 1204 1524 Romanae
1225 1456 1282 1524 (la

182 1560 289 1631 millus
312 1569 380 1628 erat
401 1582 439 1627 ea
458 1560 587 1631 fortuna
608 1571 707 1644 esset,
734 1559 828 1628 ubam
849 1559 881 1624 in
903 1573 1027 1651 partem
1047 1572 1149 1631 terror
1171 1562 1281 1653 ingens

181 1665 350 1756 ingruerat.
385 1663 510 1732 Etruria
532 1688 633 1755 prope
662 1665 767 1731 omnis
792 1676 911 1732 uuuata
933 1665 1075 1733 Sutrium
1096 1650 1204 1733 socios
1225 1691 1281 1756 po-

180 1769 248 1859 puli
269 1770 405 1836 Romani
428 1768 607 1851 obsidebat,
636 1792 773 1859 quorum
795 1769 889 1860 legati
911 1793 1008 1860 opem
1028 1771 1124 1838 rebus
1151 1770 1281 1838 adieetis

72 1891 74 1895 ’
135 1883 169 1939 15
182 1884 308 1941 orantes
332 1897 406 1940 curn
428 1884 575 1948 senatum
597 1873 749 1954 adissent,
778 1875 941 1943 decretum
967 1874 1069 1941 tulere
1091 1885 1127 1940 ut
1148 1875 1282 1943 dictator

178 1980 283 2069 primo
308 2002 438 2070 quoque
460 1991 606 2068 tempore
628 1977 780 2044 auxilium
800 1978 936 2046 Sutrinis
957 1979 1062 2047 ferret.
1101 1979 1191 2047 cuius
1214 1979 1281 2075 spei

93 2144 97 2154 .
178 2104 305 2161 morum
325 2108 400 2152 cum
421 2082 487 2176 pati
508 2083 635 2151 fortuna
658 2083 864 2152 obsessorum
884 2107 951 2151 uon
978 2084 1148 2175 potuisset,
1175 2086 1280 2154 conse

186 2276 194 2288 “
253 2260 305 2316 hus
323 2261 438 2336 quisque
453 2267 560 2336 poterat
578 2257 697 2327 olatis—
786 2259 1280 2320 9.adVolmP-h1:adoolao.

251 2349 306 2404 iam
324 2349 464 2403 continens
478 2366 573 2420 agmen
583 2348 697 2419 migrari·
836 2346 881 2406 Gi.
899 2350 925 2416 l,
944 2349 986 2404 49.
1009 2348 1056 2404 ubi
1079 2346 1131 2405 hoc
1151 2347 1280 2426 oppidum

250 2437 319 2499 tium
340 2434 488 2511 inpleverat
509 2435 603 2492 vias“·:
626 2443 653 2489 et
669 2435 697 2501 l,
837 2437 946 2513 saepius
981 2434 1079 2494 Volua
1112 2437 1281 2493 nominatur:

248 2525 308 2580 395
330 2517 453 2598 „quibus
474 2530 580 2597 poterat
596 2523 696 2577 sauciis
836 2525 863 2591 4,
881 2525 925 2581 51.
943 2524 1047 2579 uolani
1062 2525 1148 2602 agri:
1166 2521 1201 2582 ul.
1238 2523 1281 2582 vi·

249 2610 339 2665 ductis
352 2608 521 2665 seeum-ad
530 2608 623 2665 urbem
632 2628 695 2683 pro·
836 2609 915 2666 detur
931 2608 959 2673 h.
975 2609 993 2666 l.
1007 2610 1103 2668 Bolus
1120 2630 1170 2688 pro
1184 2611 1281 2668 Volua

249 2699 329 2752 ximis
348 2697 489 2753 itineribus
506 2698 624 2772 porgit“.
650 2700 696 2765 21,
836 2700 965 2775 seriptum
983 2717 1057 2766 esse,
1074 2697 1208 2775 quemad
1224 2717 1280 2757 mo·

136 2809 146 2845 .’
250 2787 293 2843 45.
316 2784 350 2842 al.
387 2781 430 2844 Gi.
457 2784 492 2843 N.
515 2784 633 2840 Baebius
660 2785 695 2841 ad
836 2785 899 2841 dum
918 2787 946 2841 iu
963 2784 991 2840 Μ
1008 2787 1035 2854 4,
1052 2787 1096 2844 32.
1113 2807 1134 2843 u
1151 2787 1297 2861 beispro‘

124 2941 128 2949 Ι
247 2871 311 2933 Tac.
321 2861 395 2931 hun.
410 2874 435 2941 1,
447 2872 505 2930 59.:
520 2882 573 2941 „ut
584 2873 693 2948 quibus·
833 2892 855 2928 u
867 2871 950 2940 Veis,
968 2874 994 2940 6,
1006 2875 1033 2932 3.
1052 2873 1095 2929 ad
1106 2873 1281 2930 bsuu'boato

248 2958 693 3037 quebellumiuvitisuutcupieu·
751 2991 754 2995 ·
832 2957 983 3017 litterarum
1006 2961 1148 3019 metathesi
1168 2979 1219 3034 pro
1240 2960 1296 3025 ab,

246 3045 320 3101 tibus
338 3049 431 3100 erat“:
450 3044 483 3102 al.
832 3065 911 3101 nouo
930 3046 1016 3105 beata
1028 3047 1163 3126 multaque
1178 3046 1278 3104 similia

67 3146 71 3155 ⁴
192 3132 221 3191 5.
247 3133 365 3188 minime
382 3131 527 3210 largitore
551 3133 639 3191 duce.-
660 3133 694 3202 P.¹
832 3135 934 3210 scripta
953 3146 1025 3194 suut.
1053 3135 1103 3192 sed
1122 3133 1156 3192 cl.
1175 3136 1201 3202 Ξ,
1219 3136 1276 3192 39..

246 3217 374 3291 Sigonius
384 3238 443 3274 cum
453 3238 521 3277 reue.
532 3219 692 3296 quibusdam
831 3222 967 3282 Labicos.
997 3223 1039 3286 Μτ
1065 3225 1167 3300 impetu
1185 3224 1276 3299 primo

246 3305 325 3365 codd.
344 3325 389 3374 „a
406 3307 517 3362 minime
532 3304 692 3384 laeg.“'eet.,
831 3312 931 3386 saepit.
1111 3304 1114 3308 ’

242 3393 326 3448 scribi
334 3392 432 3451 ¹voluit.
444 3425 479 3444 -÷
489 3392 516 3450 Μ
525 3395 621 3452 mediis
630 3417 689 3454 ver·
761 3397 804 3455 132
828 3396 964 3456 Sutrium
973 3399 1079 3457 socios.
1087 3418 1148 3474 pn:
1159 3395 1210 3455 ΡΜ
1218 3395 1275 3454 rell.
1289 3431 1293 3442 ·

241 3477 287 3535 bis
305 3481 427 3537 omissis:
452 3480 544 3551 „fusis
566 3478 689 3540 hostibus
831 3517 865 3527 —-
887 3484 919 3541 lu
936 3486 958 3542 P
976 3487 1130 3542 obsidebat
1151 3486 1188 3541 ita
1210 3486 1275 3542 suri·

244 3568 382 3644 caesisque
400 3589 461 3626 eum
479 3580 565 3627 castra
587 3573 690 3648 impetu
830 3581 907 3650 ptum
925 3583 967 3629 est
984 3583 1014 3629 ut
1031 3573 1112 3628 etiam
1128 3574 1274 3650 proubae·

246 3655 379 3729 coepisset
413 3656 530 3714 dictatur-
563 3659 707 3734 praedam
831 3661 921 3717 debat
929 3660 1022 3717 haberi
1031 3670 1133 3737 posset.
1146 3659 1221 3728 ets,
1231 3662 1274 3718 37.

243 3743 331 3799 miliat
345 3745 350 3812 1
365 3746 538 3817 gratioreml‘.
829 3775 865 3789 -
882 3747 910 3806 Μ
928 3770 963 3808 m.
985 3752 1021 3806 1.:
1040 3767 1178 3824 „quorum
1194 3747 1274 3822 legali

188 3829 216 3886 6.
241 3828 277 3887 V
272 3830 386 3895 ulseum
403 3851 525 3910 ugrum.-
543 3833 573 3891 P.
592 3867 626 3876 -
647 3833 687 3890 ul:
830 3856 885 3910 ope
896 3837 976 3894 rebus
989 3835 1136 3892 adiectis“:
1155 3835 1219 3891 deiu
1230 3833 1272 3891 lir-

241 3916 361 3974 uolscum
374 3919 688 3996 agrum-Paulopost
828 3933 901 3979 torae
920 3946 937 3980 o
963 3934 989 3980 et
1007 3922 1144 3982 adeletae
1163 3923 1273 3981 suntin

240 4003 289 4073 ΡΜ
302 4015 329 4060 et
341 4007 461 4063 uuiscoa
475 4017 502 4063 et
513 4029 554 4064 ex
567 4009 686 4068 uolscis.
828 4032 891 4085 ope.

240 4122 274 4137 -
292 4090 335 4150 uz
354 4096 553 4170 septuagesimo.
695 4175 702 4183 .
757 4098 887 4159 tumn
906 4099 1067 4175 potuisset:
1089 4095 1139 4156 ΡΜ
1161 4095 1235 4158 Harl
1253 4116 1271 4157 r.
