2618 4590
151 292 216 365 aar
240 338 243 357 ι
401 374 404 381 ,
608 306 718 367 LIBER
734 305 794 369 vu

152 470 372 563 penarumque
395 471 538 539 cladibus
554 470 745 538 Samnitium
767 470 969 538 aestimarent
990 468 1153 537 virtutem:
1176 491 1253 557 qua-

153 572 345 666 lescumque!
365 577 447 642 inter
468 599 504 642 sc
527 575 729 677 certaverint,
756 600 888 644 neccsse
910 574 1007 642 luisse
1030 573 1162 639 alteram
1184 597 1254 662 par-

153 691 220 747 tem
240 680 337 747 vincI:
361 679 543 772 Campanus
566 679 696 770 quidem
717 680 804 747 haud
826 682 920 748 dubie
936 678 1037 768 magis
1052 677 1150 743 nimiu
1173 677 1254 743 luxu

153 784 322 851 fluentibus
351 785 446 853 rebus
480 784 678 875 mollitiaque
706 810 763 852 sua
797 811 895 876 quam
921 785 954 852 vi
981 783 1122 850 hostium
1152 781 1255 848 victos

117 901 135 953 5
156 911 237 955 esse.
275 888 351 977 quid
374 901 482 956 autem
510 913 580 956 csse
610 891 673 957 duo
703 915 855 981 prospera
883 891 916 956 in
937 900 987 957 tot
1011 886 1146 955 saeculis
1168 885 1254 953 bella

153 992 345 1060 Samnitium
368 995 519 1062 adversus
541 1005 591 1060 tot
613 994 729 1062 decora
756 995 868 1087 populi
889 993 1039 1075 Romani,
1069 991 1123 1081 qui
1147 989 1257 1055 trium-

152 1096 235 1187 phos
257 1121 359 1188 paene
381 1098 489 1188 plures
512 1121 610 1188 quam
633 1102 795 1167 annusab
818 1101 896 1167 urbe
920 1098 1046 1165 conditu
1078 1106 1256 1175 numerent,

225 1273 306 1332 Recc.
325 1274 398 1351 quid.
417 1274 509 1332 codd:
528 1292 582 1330 nec
598 1273 669 1332 sidi-

224 1363 346 1418 cinorum
364 1370 414 1422 cet.

171 1449 196 1505 1.
224 1451 456 1526 qualescumque
469 1452 545 1507 inter
562 1471 597 1506 ae
609 1470 668 1507 cer·

223 1536 669 1605 tauerintrPIll.—chimenda‚

221 1611 276 1698 dun
294 1622 362 1679 nihil
386 1623 551 1700 lrequeutius
573 1626 601 1680 in
623 1645 669 1681 an·

167 1722 168 1727 ’
223 1712 271 1785 tiq.
282 1710 360 1771 codd.
371 1713 514 1782 invenitur,
526 1715 555 1770 iu
564 1711 641 1770 Leid.
650 1732 668 1769 1.

223 1793 257 1855 al.
293 1801 423 1875 scriptum
458 1810 499 1856 est
529 1809 668 1869 „certaue-

127 1920 134 1936 ,.
221 1890 318 1945 runt“.
349 1888 382 1945 cl.
400 1891 427 1956 7,
446 1890 506 1946 33.:
525 1907 592 1963 quus
610 1905 669 1960 ges-

191 2016 193 2021 .
222 1972 308 2026 serint
326 1974 483 2032 animos.—
502 1973 586 2042 „Von
603 1972 668 2031 wel-

223 2056 287 2113 cher
298 2058 516 2116 Beschufl'euheit
534 2061 601 2118 auch
619 2064 667 2118 im·

156 2164 159 2177 ¹
221 2162 279 2200 mer
293 2145 353 2202 ihre
364 2150 561 2222 gegeuseitigen
572 2147 668 2204 Streit·
709 2194 724 2228 ο

221 2229 307 2286 truste
325 2253 449 2307 geweseu
464 2237 522 2291 sein
535 2235 668 2300 mhchten,

222 2316 298 2372 einer
315 2339 369 2375 von
391 2320 487 2377 beiden
506 2322 574 2377 habe
596 2320 668 2377 doch

222 2403 356 2462 natiirlich
379 2408 432 2464 den
453 2407 517 2487 Sieg
544 2429 595 2464 nur
622 2408 667 2466 da-

223 2500 368 2568 vantragcn
382 2494 503 2552 hannem
521 2516 577 2552 nun
595 2488 681 2552 seien'

222 2577 287 2634 aher
314 2579 358 2637 die
387 2581 539 2659 Campaner
567 2586 668 2658 wenig-

193 2726 196 2735 .
222 2672 297 2722 rtens
315 2667 385 2724 ohne
398 2670 510 2728 Zweilel
528 2671 605 2727 mehr
622 2670 668 2727 da·

221 2749 306 2810 durch
325 2755 387 2813 dass
409 2757 468 2814 ihre
486 2758 564 2816 Krait
582 2759 668 2816 durch

223 2837 275 2896 den
291 2841 498 2902 iibertriehenen
511 2846 604 2904 Luxus
621 2848 667 2904 he-

221 2929 668 3002 reitsgehrcchcnwarunddurclr

221 3012 280 3068 ihre
298 3019 390 3089 eigene
402 3018 612 3076 Weichlichlreit
628 3021 668 3076 als

222 3097 308 3153 durch
325 3101 370 3157 dic
388 3103 482 3160 Stttrlre
500 3106 549 3162 der
566 3107 668 3163 Feinde

221 3182 325 3260 beaiegt
358 3190 471 3247 worden
479 3197 505 3252 ⁶⁶.
544 3224 578 3235 -—
618 3195 668 3250 PM

221 3269 295 3332 Harl.
320 3294 337 3333 r.
365 3274 414 3335 al:
449 3281 558 3348 „nimio
578 3283 667 3356 fluxu

215 3361 374 3433 fluentibus
392 3366 508 3425 rehus“:
526 3369 576 3425 sed
594 3370 627 3429 el.
639 3375 666 3439 7,

222 3449 278 3505 aa:
291 3449 404 3508 fluentes
416 3452 489 3514 luxu.
500 3486 535 3500 -·
546 3455 569 3512 P
581 3461 666 3516 m.1.=

221 3553 302 3609 quarn
320 3540 362 3594 uis
381 3540 507 3602 hostiurn.
525 3546 611 3602 mh:
629 3547 666 3603 ui.

169 3617 197 3674 6.
223 3621 373 3682 aduersus
395 3638 439 3684 tot
460 3631 571 3687 decora
591 3634 665 3706 pir..-

222 3705 257 3808 ll.
274 3738 310 3753 ·-
336 3710 371 3768 P:
389 3721 431 3791 pi.
449 3749 483 3758 —
501 3717 541 3774 ld:
568 3723 666 3776 samni-

223 3812 303 3855 crum.

169 3880 197 3935 7.
222 3889 666 3951 numerent—habeunt-con-

218 3972 364 4045 pulerint]
384 3989 505 4035 numeret
517 4011 551 4021 —
569 3980 666 4037 habeat

221 4085 256 4098 -
274 4061 441 4135 compulerit.
469 4096 503 4106 —
533 4065 665 4123 Pluralem

220 4160 358 4231 numerum
389 4149 487 4207 lrurnrn
521 4153 665 4211 verborum

799 1275 990 1341 ¹restituimus,
1011 1270 1085 1348 quod
1104 1279 1258 1326 numerent

811 1366 839 1419 in
852 1362 900 1419 Pit
913 1361 987 1419 Harl.
1000 1382 1017 1418 r.
1031 1359 1107 1418 Laid.
1117 1378 1135 1416 r.
1149 1357 1193 1425 al,
1205 1357 1258 1412 lra-

810 1452 897 1507 beunt
909 1452 937 1505 in
949 1448 997 1504 Pll
1009 1446 1086 1506 Leid.
1100 1467 1118 1504 r.
1128 1445 1172 1513 al,
1190 1466 1257 1500 con·

809 1538 941 1613 pulerint
962 1537 987 1592 si
1009 1556 1065 1591 nou
1092 1536 1120 1589 in
1148 1533 1259 1610 optimis

811 1627 884 1681 utin
902 1623 994 1681 multis
1012 1643 1081 1680 rece.
1104 1621 1183 1679 codd.
1201 1639 1257 1676 ser·

810 1722 901 1770 vatum
929 1721 977 1771 est.
1008 1731 1070 1767 narn
1097 1720 1258 1784 quamquam

810 1801 975 1875 conpulerit
993 1798 1119 1867 ctiam'in
1132 1794 1180 1850 l'll
1191 1795 1258 1848 scri-

810 1896 887 1963 ptum
910 1896 964 1953 est,
989 1894 1016 1941 et
1038 1883 1131 1940 Livius
1155 1881 1259 1938 eisdem

809 1961 879 2030 locis
897 1972 979 2030 medo
997 1971 1161 2046 singularem
1174 1968 1257 2024 ruodo

810 2060 942 2139 pluralem
950 2059 1088 2116 collectiva
1098 2059 1205 2114 nomina
1216 2076 1267 2111 sev

811 2151 858 2225 qui
890 2147 988 2214 voluit,
1018 2156 1107 2202 tamen
1135 2145 1258 2201 diversus

811 2239 869 2291 eius
881 2237 986 2310 generis
998 2253 1124 2290 numerus
1136 2241 1193 2288 turn
1212 2231 1258 2286 de·
1288 2302 1291 2307 Ι

810 2343 884 2379 nrum
901 2325 966 2378 satis
984 2323 1093 2400 probari
1117 2340 1200 2398 posse
1217 2321 1258 2376 vi-

810 2411 897 2477 detur,
916 2431 976 2467 cum
995 2409 1091 2486 plurali
1106 2409 1258 2484 excipiatur

810 2497 968 2572 singularis,
995 2499 1048 2554 uisi
1064 2515 1094 2552 rc
1112 2498 1172 2572 ipsa
1190 2494 1259 2551 illud

811 2585 923 2642 alterum
942 2586 993 2654 (cl.
1012 2605 1053 2643 cx.
1071 2603 1110 2657 gr.
1133 2584 1178 2650 34,
1197 2584 1258 2650 47.)

810 2673 928 2749 quodam
951 2672 1032 2728 modo
1058 2669 1192 2748 postulari
1217 2671 1256 2726 vi·

810 2760 912 2818 deutur.
943 2761 1101 2837 saepissime
1130 2777 1194 2815 vero
1228 2759 1257 2812 in

808 2849 888 2904 tertia
905 2849 1049 2906 verborum
1067 2865 1183 2923 persona
1202 2846 1257 2900 sin·

809 2935 927 3010 gularcrn
947 2933 1062 3012 pluralis
1081 2932 1142 2988 lacn
1160 2932 1193 2987 ah
1215 2952 1256 2987 er-

809 3021 1256 3096 rantibuslibrariisscrlptumesse

809 3113 943 3166 neminem
952 3109 1131 3186 praeterierit:
1151 3127 1204 3183 qua
1217 3126 1256 3173 re,

810 3217 871 3253 cum
891 3196 1026 3253 interdum
1050 3197 1130 3251 ctiam
1150 3202 1256 3249 contra-

807 3286 849 3339 rio
868 3294 984 3342 erratum
996 3287 1032 3340 sit
1046 3287 1086 3352 (7,
1098 3282 1174 3351 35.),
1193 3280 1256 3337 suh-

808 3370 851 3428 tili
869 3391 933 3428 sane
948 3371 1048 3428 iudicis
1064 3373 1092 3426 in
1110 3369 1153 3425 his
1174 3368 1257 3424 rebus

784 3524 786 3531 Ι
808 3459 937 3516 utendum
955 3462 999 3517 sit.
1024 3456 1068 3517 Cf.
1087 3460 1113 3526 1,
1126 3459 1183 3515 41.ε
1203 3455 1257 3512 cla·

806 3567 867 3604 mur
893 3547 956 3603 inde
981 3564 1180 3620 concursusque
1202 3564 1255 3618 po-

804 3637 872 3712 puli
887 3637 1056 3691 mirantium
1077 3632 1142 3710 [prid
1155 3633 1195 3688 rei
1213 3650 1255 3686 es·

807 3734 857 3781 ret.
887 3725 935 3792 24,
958 3725 1015 3780 ut:
1044 3719 1188 3777 multitudo
1222 3749 1254 3759 -

805 3829 869 3886 pars
887 3812 916 3866 iu
932 3809 1073 3867 vestibulis
1096 3816 1163 3874 stat,
1189 3825 1254 3883 pars

806 3915 841 3953 ex
858 3899 935 3954 tectis
947 3896 1125 3970 fenestrisque
1140 3914 1255 3972 prospe-

806 3992 882 4039 ctant
907 3994 934 4040 et
960 3983 1025 4061 quid
1052 3986 1093 4049 rei
1118 3986 1156 4040 ait
1181 3985 1253 4057 rogi-

806 4081 873 4130 tant.
903 4075 952 4139 24,
971 4074 1027 4129 lh:
1054 4081 1163 4127 senatus
1187 4070 1253 4126 inde

806 4157 899 4216 haberi
912 4169 1022 4241 coeptus
1032 4169 1080 4226 est,
1094 4159 1167 4235 quod
1180 4161 1253 4214 sicut

992 4292 998 4323 ,
1023 4301 1027 4309 .
