2618 4590
125 261 190 332 tot
380 282 388 291 ·
553 226 895 332 'tamum‘

127 440 197 507 eius
223 439 318 506 fuerit
344 460 441 528 quam
469 437 557 528 quod
584 445 673 526 grato
702 434 807 501 animo
836 456 875 499 ea
902 452 977 497 cura
1005 437 1145 519 accepta
1173 408 1224 492 est

126 543 249 611 reiecto
271 543 413 610 exercitu
435 564 510 609 cnm
531 539 624 606 hoste
647 546 836 628 congressus
858 537 944 602 haud
969 534 1067 601 dubia
1090 554 1152 623 spe
1174 552 1225 596 sua

129 646 329 736 militumque
351 646 393 713 ita
415 645 498 712 fudit
518 645 701 734 fugavitque
718 644 887 725 Samnites,
909 651 946 707 ut
965 638 1020 706 ille
1035 637 1172 704 ultimus
1185 633 1223 700 eis

129 749 197 816 dies
219 750 401 818 confercndi
423 750 510 840 signa
533 774 608 816 cum
637 749 789 816 dictatore
817 747 920 814 luerit.
958 741 1091 810 incessit
1115 738 1222 807 deinde

55 880 59 895 ¹
98 864 260 946 t-qua
284 855 374 923 duxit
394 855 531 945 praedae
553 876 627 944 spes
651 854 811 921 -victor
833 850 990 920 exercitus
1012 841 1221 938 perlumavit-

129 980 195 1050 que
214 957 356 1027 bostium
378 983 470 1051 agros
491 959 579 1025 nulla
601 983 688 1026 arma
708 959 830 1025 nullam
845 957 910 1023 vim
925 977 985 1021 nec
1001 962 1149 1041 apertam
1169 969 1222 1012 nec

129 1063 173 1130 'ex
192 1061 310 1130 insidiis
326 1074 495 1153 expertus:
518 1065 655 1130 addebat
672 1060 866 1130 alacritatem
889 1046 976 1152 quod
991 1058 1129 1124 dictator
1141 1074 1223 1143 prae·

130 1166 208 1265 dam
227 1189 357 1261 omnem
379 1168 520 1235 edixerat
541 1169 702 1250 militibus,
723 1191 784 1235 nec
805 1168 850 1234 ira
865 1165 965 1255 magis
979 1162 1110 1254 publica
1132 1180 1222 1248 quum

130 1270 289 1361 privatum
311 1271 525 1362 conpendium
544 1272 579 1338 in
596 1272 727 1340 bostem
743 1272 888 1340 acuebat
924 1270 974 1335 his
991 1265 1136 1335 cladibus
1158 1261 1222 1329 sub

84 1373 195 1442 toaeti
209 1374 369 1443 Samnites
391 1399 505 1466 pacem
525 1401 545 1443 a
567 1377 721 1466 dictatore
741 1377 878 1467 petiere:
901 1399 976 1442 cum
997 1395 1064 1463 quo
1086 1367 1174 1460 pacti
1191 1374 1224 1430 ut

130 1477 253 1568 singula
274 1479 462 1584 vestimenta
484 1481 635 1549 militibus
663 1492 696 1548 et
721 1505 863 1548 annuum
889 1477 1079 1570 stipendium
1111 1474 1224 1551 darent,

131 1605 206 1690 cum
224 1583 273 1667 ire
295 1584 337 1649 ad
353 1596 505 1652 senatum
531 1585 609 1652 iussi
635 1597 755 1667 essent,
783 1597 949 1653 secuturos
978 1607 1014 1650 se
1042 1580 1224 1646 dictatorcm

129 1688 365 1778 respondemnt
385 1680 486 1757 unius
499 1688 570 1756 eius
591 1688 665 1756 fidei
686 1689 857 1781 virtutique
879 1713 1008 1758 causam
1029 1708 1124 1753 suam
1145 1703 1224 1753 com-

130 1793 333 1864 merdanus:
356 1792 400 1859 ita
422 1792 577 1860 deductus
600 1817 641 1860 ex
663 1794 858 1862 Samnitibus
880 1793 1048 1863 exercitus.
1072 1839 1075 1845 ·
1117 1804 1120 1809 '

29 1918 32 1922 ’
85 1905 119 1960 15
175 1940 179 1947 -
218 1896 383 1964 XXXVII.
402 1918 405 1924 ·
428 1896 573 1965 Dictator
594 1899 793 1991 triumphans
807 1901 921 1966 urbem
936 1908 985 1965 est
1006 1895 1176 1986 ingressus,
1197 1897 1227 1956 et

83 2056 86 2063 ,
131 2024 207 2068 euru
228 2023 264 2068 sc
286 2000 439 2069 dictatura
461 2002 607 2072 abdicare
628 2004 740 2089 vellet,
765 2005 853 2072 iussn
874 2015 1002 2095 patrum
1021 2000 1111 2091 prins
1133 2017 1226 2087 quam

787 2180 929 2240 metathesi
962 2177 995 2237 Τ.
1024 2175 1087 2233 biri
1120 2171 1141 2230 l·
1168 2189 1227 2229 ¹¹¹·

201 2347 239 2403 ei:
251 2350 345 2412 7‚33.:
359 2369 412 2424 qua
424 2351 531 2407 micant.
549 2353 576 2419 1,
589 2353 647 2410 22:
718 2357 761 2416 10.
784 2269 1087 2432 {xxj-dmm
1102 2347 1227 2424 petiere:

787 2443 845 2502 Pii
866 2474 901 2484 —
924 2440 990 2498 [ιον.
1008 2439 1048 2497 t:
1069 2438 1228 2515 petiueruut

149 2177 176 2234 t.
204 2196 265 2252 quo
290 2176 379 2233 duxit
402 2178 535 2254 praedae
561 2199 646 2254 spes:

25 2292 33 2301 -
134 2277 148 2339 ‘⁴
203 2261 335 2321 prlicit:
351 2264 646 2330 ‚‚molrinsioltihrta“.

200 2451 302 2506 qus-
316 2452 355 2488 ea.
375 2465 408 2475 -
425 2435 466 2490 id:
483 2433 556 2491 nulla
574 2456 647 2494 arma

203 2517 251 2574 nul
266 2525 271 2588 Ι
286 2518 385 2577 tamum
399 2541 449 2578 nec
461 2534 579 2599 apertam
595 2546 646 2581 nec

203 2623 245 2662 ea:
266 2607 385 2663 insidiis
408 2619 542 2686 expertus.
571 2610 647 2672 Pm.

109 2769 112 2773 Ι
178 2718 182 2729 ·
203 2693 229 2751 i.
253 2690 324 2759 ralis
346 2713 397 2751 nec
418 2696 527 2755 insidiis
553 2718 647 2778 exper-

202 2784 255 2839 tus.
280 2777 356 2840 Pm.
375 2783 413 2841 1.:
432 2794 565 2862 expertos.
602 2787 647 2848 Cf.

178 2917 181 2929 ,
202 2866 235 2933 8,
252 2866 310 2925 aa:
335 2868 509 2930 circumventi
532 2894 566 2932 ex
583 2877 647 2934 insi·

113 2944 115 2949 ¹
202 2950 257 3008 diis
275 2957 354 3015 caesi.

138 3041 176 3098 ’7.
203 3039 335 3097 addebat
351 3043 555 3103 alacritatem!
567 3047 598 3106 P.
611 3081 647 3094 -

193 3123 242 3182 tt:
262 3125 383 3186 adderat.
411 3129 445 3189 ci.
463 3134 495 3200 8,
513 3137 553 3191 9.:
577 3135 646 3203 „ad-

202 3209 355 3290 debantque
377 3216 484 3273 uirea“=
513 3239 567 3296 quo
584 3219 646 3279 loco

201 3298 298 3356 eodem
324 3300 421 3361 mendo
448 3306 478 3361 in
501 3305 530 3365 ll
554 3309 646 3367 adde·
673 3353 676 3357 «

169 3391 176 3414 ’
202 3395 330 3462 ronique
350 3391 482 3467 scriptum
508 3405 575 3456 crat.
602 3399 647 3468 22,

138 3506 141 3513 ,
203 3472 538 3542 intepescunt:
563 3485 647 3563 impe-

113 3576 119 3583 -
202 3556 459 3642 perabat=impar
476 3579 541 3629 erat.
559 3571 593 3630 sl.
613 3604 647 3615 -

203 3641 226 3698 Ρ
254 3641 328 3703 llari.
352 3668 384 3708 1.:
414 3671 464 3710 nec
494 3657 534 3713 ira
564 3661 649 3733 magis

100 3788 106 3805 Ι
201 3747 293 3804 quom
309 3734 415 3806 publica
428 3743 563 3818 priuatum
581 3766 670 3802 con·-

201 3814 331 3916 pendium
348 3833 399 3884 cet.
427 3826 467 3885 ll:
485 3850 535 3888 uec
552 3835 647 3891 irama-

199 3918 241 3974 grs
251 3924 330 3981 quem
342 3910 477 3988 publicam
492 3925 498 3989 Ι
513 3921 647 3996 priuatum

200 3994 379 4068 conpendium
395 4011 446 4064 cet.
479 4002 522 4065 cf.
541 4006 575 4063 dc
593 4008 644 4066 lue

787 2562 823 2572 -
844 2529 884 2586 ii:
906 2547 967 2584 cum
987 2525 1060 2602 pacti
1080 2533 1111 2581 ut
1127 2519 1228 2595 singula

787 2619 947 2674 uestimenta
972 2611 1102 2669 militibus
1129 2618 1158 2665 et
1185 2627 1228 2663 an·

787 2725 870 2762 nuum
887 2700 1050 2776 stipendium
1062 2698 1158 2754 darent
1169 2715 1229 2753 cum

788 2794 829 2848 ire
846 2801 897 2850 cet
914 2788 951 2845 P:
969 2806 1029 2843 cum
1047 2804 1102 2862 quo
1116 2784 1231 2860 pactiut

785 2878 891 2954 singula
917 2877 1073 2932 uestimenta
1099 2869 1231 2927 militibus

789 2977 817 3023 et
830 2986 901 3023 annu
916 2971 969 3033 (m.
978 2965 1019 3022 Ἅι
1032 2957 1230 3032 ιωῆμῑίρεη-

788 3052 864 3110 dium
882 3051 976 3107 darent
987 3066 1045 3106 cum
1060 3046 1108 3101 ire
1126 3046 1175 3113 (m.
1188 3043 1229 3101 a:

788 3141 849 3208 ire)
866 3146 916 3198 cet.
943 3168 979 3182 -
1004 3133 1045 3194 ll:
1068 3132 1149 3189 unius
1172 3131 1229 3186 eiua

786 3225 853 3282 fidei
869 3228 1015 3303 uirtutique
1026 3241 1075 3279 cau
1088 3221 1096 3290 Ι
1110 3236 1170 3276 sam
1187 3221 1229 3274 co·

787 3313 954 3374 mendantcs.
982 3314 1019 3368 ita
1040 3307 1172 3385 deductos
1198 3324 1230 3361 ex

785 3402 945 3458 samnitibus
967 3399 1107 3456 mucius.
1136 3413 1172 3453 m.
1193 3394 1229 3451 Ἅι

789 3486 929 3546 deductus.

721 3575 763 3634 15.
789 3574 917 3632 dimeter
932 3569 1121 3646 triumphans
1132 3567 1229 3625 urbem

790 3671 837 3720 esi
854 3664 1008 3740 ingressus
1020 3667 1049 3715 ei
1060 3675 1126 3715 cum
1143 3675 1177 3712 ae
1189 3653 1229 3709 di·

789 3748 1050 3807 ctainraabdicore
1060 3738 1230 3801 uelletel'll.

788 3836 820 3892 ln
836 3833 910 3893 llari
923 3854 941 3893 ι.
958 3832 1114 3889 exciderunt
1131 3829 1229 3886 urbem

787 3931 867 3998 atque
882 3931 918 3980 et.
936 3951 972 3963 -
992 3917 1053 3976 Pu:
1066 3914 1229 3976 cinerescit

788 4007 829 4076 (P
846 4028 881 4066 m.
900 4011 940 4066 1.:
959 4007 1093 4075 cereanit)
1112 4025 1136 4062 e.
1148 4000 1228 4079 sulpi-
