2618 4590
55 182 223 285 ''xn

170 388 267 463 iuter
294 388 426 464 multos
455 386 535 461 illos
559 385 797 462 Askewianos
832 386 974 463 codices
1006 406 1065 463 en·
1080 389 1202 467 Sicilia
1229 392 1268 465 in

172 508 393 585 Britanniam
417 506 540 583 allatos
565 507 831 582 commemorari
855 511 960 585 etiarn
977 511 1136 585 codicem
1153 514 1269 589 Livia-

171 657 239 706 nae
276 632 419 707 decadis
455 630 600 733 primae
624 631 871 731 perantiquum
907 632 1035 709 litteris
1072 633 1268 710 uncialibus

173 754 354 854 scriptum.
391 754 453 829 ⁴De
484 752 703 828 Askewiano
738 750 828 827 libro
864 753 953 828 nihil
981 754 1098 830 adhuc
1136 757 1267 833 certius

62 946 69 965 ,
170 877 369 977 comperire
383 875 502 976 potui:
526 884 564 948 ct
579 874 641 950 vix
657 872 745 947 mihi
760 874 997 974 persuaserim
1013 877 1090 951 fieri
1105 878 1268 979 potuisse

170 1008 213 1072 ut
243 999 399 1099 scriptus
432 996 578 1071 alicuius
609 995 847 1096 praestantiae
876 996 968 1072 liber
996 997 1054 1073 ita.
1077 1025 1123 1073 ex
1153 1000 1267 1074 Aske-

26 1202 29 1207 Δ
170 1121 290 1195 aviana
312 1117 526 1194 bibliotheca
550 1117 590 1190 in
612 1116 860 1217 Taylorianam
883 1120 1087 1221 migraverit
1116 1131 1157 1195 ut
1179 1118 1267 1195 nihil

124 1302 131 1333 ,
173 1242 251 1316 eius
274 1241 367 1315 lama
392 1240 436 1314 ad
461 1265 563 1314 aures
588 1238 771 1313 hominum
792 1252 981 1316 emanaret
1005 1241 1112 1343 longe
1124 1242 1266 1316 maioris

119 1380 125 1415 l
170 1388 231 1438 res
263 1362 373 1438 altera
395 1362 537 1438 videtur
565 1362 760 1438 momentis
789 1388 859 1437 nec
889 1361 1012 1438 dubito
1035 1364 1122 1464 quin
1147 1364 1267 1439 multis

170 1484 260 1560 locis
282 1485 403 1560 'dubiis
428 1511 473 1559 ex
497 1484 718 1560 Veronensis
748 1483 830 1559 libri
847 1486 1069 1561 auctoritate
1093 1485 1150 1563 vel
1179 1485 1267 1560 fides

14 1624 19 1643 ¹
76 1640 86 1708 ‘.
169 1607 228 1681 uel
252 1607 419 1680 auxilium
444 1604 587 1707 aliquod
618 1605 734 1681 afferri
763 1609 891 1708 possit
934 1633 1016 1681 nam
1040 1619 1082 1683 nt
1112 1607 1268 1709 complu.

169 1754 229 1804 res
253 1729 322 1803 loci
347 1728 473 1804 tertiae
498 1726 642 1802 decadis
673 1754 868 1829 numquam
897 1740 995 1804 recte
1025 1728 1180 1806 discerni
1203 1756 1266 1831 po-

169 1851 342 1938 tuissent,
369 1851 440 1924 nisi
464 1848 625 1924 Puteano
650 1851 897 1950 antiquissimo
922 1850 1046 1927 codice
1070 1861 1266 1952 appareret,

169 1972 256 2072 quid
280 1973 425 2073 antiqua
449 1997 574 2046 manus
600 1971 686 2071 quid
710 1983 873 2049 recentes
892 1971 1139 2048 emendatores
1164 1972 1268 2046 libra-

89 2196 95 2209 *
168 2095 213 2169 rii
238 2094 347 2170 scribi
369 2093 578 2183 uoluissent,
603 2095 652 2168 ita
677 2120 814 2170 summo
832 2097 948 2196 pretio
964 2095 996 2170 is
1020 2095 1111 2169 liber
1126 2094 1265 2170 loturus

48 2258 51 2269 ·
93 2256 96 2263 ·
170 2227 279 2306 esset,
291 2216 355 2316 qui
365 2215 464 2291 velut
476 2216 557 2299 lons
568 2215 893 2315 antiquissimorum
907 2217 952 2292 ad
964 2216 1031 2290 boc
1043 2225 1184 2316 tempus
1196 2216 1267 2290 col-

53 2390 57 2395 -
168 2339 323 2413 latorum
339 2337 499 2413 codicum
513 2335 539 2410 Ι.
560 2335 704 2413 decadis
726 2339 953 2416 inueniretur.
983 2364 1051 2412 nec
1068 2346 1188 2413 tamen
1204 2364 1267 2411 nc-

88 2474 94 2491 *
169 2460 336 2562 gaverim,
360 2485 435 2535 rem
454 2458 555 2535 aliter
570 2484 611 2533 se
635 2460 767 2535 babere
791 2459 829 2533 in
851 2459 964 2560 prima
983 2470 1091 2560 atque
1108 2460 1146 2533 in
1161 2460 1265 2533 tertia

87 2667 100 2699 Ι
169 2581 312 2658 decade.
336 2581 615 2681 praestantiores
635 2582 730 2657 enim
746 2580 836 2670 libri,
856 2581 918 2686 qui
935 2580 1065 2655 bellum
1079 2607 1158 2655 cum
1171 2581 1267 2655 Han·

142 2684 285 2779 snibale
300 2713 441 2802 gestum
453 2702 747 2804 complectuntur,
759 2728 805 2780 ne
815 2702 1002 2780 Harleiano
1016 2702 1160 2805 quidem
1170 2702 1266 2777 Rhe-

168 2824 392 2925 canianoqne
417 2824 516 2904 libris
542 2825 703 2924 exceptis
719 2824 776 2899 ita
794 2848 839 2898 ex
859 2825 921 2902 illo
941 2852 1013 2901 uno
1030 2825 1266 2925 liquidissimo

168 2947 267 3024 fonte
282 2946 400 3021 hausti
416 2946 592 3036 videntur,
617 2956 659 3021 ut
670 2944 758 3019 nibil
769 2949 1030 3052 pmrsm:·inter
1046 2958 1109 3022 'eos
1126 2945 1267 3019 intersit

168 3094 276 3169 qnam
301 3067 399 3171 quod
423 3066 482 3145 alii
505 3069 593 3143 alias
618 3066 876 3161 emendatrices
893 3088 1029 3157 manus,
1056 3074 1267 3165 quaequet-

22 3248 26 3259 .
96 3255 98 3259 .
168 3201 251 3265 tuor
274 3190 312 3265 iu
337 3189 538 3291 antiquiore
562 3188 653 3267 libro
679 3187 1002 3297 deprehendantur,
1026 3188 1131 3288 sequi
1148 3187 1268 3299 volue-

84 3374 89 3381 .
167 3312 259 3390 rint:
297 3311 405 3387 huius
440 3337 527 3386 uero
564 3310 880 3411 primae-decadis
902 3311 974 3415 iam
1010 3309 1267 3412 antiquissimis

37 3490 40 3497 .
166 3434 390 3535 temporibus
426 3435 549 3534 plnres
582 3434 698 3509 iustas
733 3434 962 3510 recensiones
998 3441 1139 3508 exortas
1176 3457 1267 3520 esse,

168 3560 310 3657 praeter
334 3556 401 3630 alia
416 3557 473 3634 vel
489 3554 676 3633 Harleiana
693 3556 871 3661 'scriptura
889 3553 1122 3655 persuaserit:
1148 3564 1188 3628 ut
1205 3551 1268 3626 du-

167 3679 265 3755 bium
291 3704 376 3755 csse
400 3688 535 3779 posset,
560 3704 606 3751 an
631 3678 686 3755 illi·
698 3676 900 3753 Veronensi
925 3678 1026 3768 libro,
1046 3676 1077 3752 si
1095 3675 1181 3774 quid
1195 3674 1265 3747 dis-

107 3806 112 3819 ‘
167 3811 340 3904 creparet,
359 3824 431 3873 non
448 3799 532 3900 plus
546 3800 766 3876 auctoritatis
780 3799 937 3874 tribucre
953 3801 1078 3878 liceret
1090 3822 1194 3897 quam
1207 3794 1268 3869 tri·

49 4006 53 4014 ,
168 3920 252 4022 plici
276 3920 480 3998 auctoritati
505 3921 728 3998 Rhenaniani
742 3920 900 3997 Medicei
920 3920 1073 3995 Parisini
1097 3919 1266 3993 codicum.

166 4053 250 4140 utut
278 4068 338 4119 res
366 4046 413 4117 se.
440 4042 565 4134 habet,
601 4043 689 4120 nihil
716 4053 837 4121 tamen
869 4043 958 4119 mihi
988 4040 1174 4156 antiquius
1200 4048 1267 4125 est,
