2618 4590
414 218 425 253 Ι

122 240 133 257 ”
168 267 236 338 306
400 286 403 296 ·
624 279 734 341 uuus
751 279 821 340 uu.

172 459 262 516 metu
284 445 383 536 magis
406 465 503 534 quarn
525 441 681 509 modestia
709 444 874 534 quievere:
906 443 1015 533 itaque
1037 442 1126 511 velut
1148 467 1276 513 emerso

173 554 216 620 ab
229 551 436 619 admiratione
462 547 577 630 animo,
599 571 674 614 curn
688 548 814 616 silentio
830 548 926 614 defixi
939 547 1110 630 stetissent,
1132 562 1276 640 repente,

54 648 61 665 '
174 667 347 748 postquam
375 652 499 721 cervice
528 676 622 720 caesa
643 652 734 719 fusus
762 665 813 721 est
841 678 950 729 cruor,
984 664 1054 719 tum
1075 653 1179 722 libero
1203 679 1275 722 cou-

166 772 291 853 ‚questu
320 770 450 827 coortae
482 781 580 825 voces
608 769 683 825 sunt
709 758 878 849 ut¹neque
905 758 1053 825 lamentis
1074 783 1182 848 neque
1205 784 1275 827 exe

114 918 117 925 .
143 864 366 934 suasionibus
389 873 581 954 parceretur,
603 863 777 953 spoliisque
799 875 983 931 contectum
1003 863 1126 930 iuvenis
1150 888 1275 956 corpus,

173 981 330 1063 quantum
353 969 540 1035 militaribus
562 967 672 1034 studiis
695 967 789 1034 iuuus
811 968 914 1033 ullum
931 969 1146 1038 concelebrari
1161 981 1275 1058 potest

173 1086 294 1143 structo
318 1085 407 1141 extra
428 1072 550 1139 vallum
570 1095 649 1160 rogo
672 1083 874 1154 cremaretur,
896 1070 1119 1163 Manlianaque
1142 1074 1274 1165 imperia

175 1203 242 1247 uon
264 1177 497 1268 inpraesentia
519 1177 618 1243 modo
640 1174 798 1243 horrenda
820 1177 877 1244 sed
900 1178 1040 1268 exempli
1063 1179 1159 1244 etiarn
1181 1178 1275 1246 tristis

173 1282 394 1373 inposterum
424 1293 540 1348 essent.
572 1362 579 1385 ι

130 1394 166 1450 10
267 1387 350 1454 vlll.
395 1385 484 1454 Fecit
505 1397 614 1453 tamen
629 1387 777 1459 atrocitas
798 1411 922 1478 poenae
939 1387 1192 1455 obedientiorem
1206 1389 1277 1456 duci

173 1491 319 1575 militem,
341 1502 375 1558 et
396 1502 619 1582 praeterquam
640 1494 728 1582 quod
751 1493 913 1580 custodies
930 1493 1119 1583 vigiliaeque
1142 1505 1176 1560 et
1198 1494 1276 1560 ordo

174 1596 347 1663 stationum
366 1594 552 1667 ,intentioris
580 1594 699 1687 ubique
730 1621 824 1664 curae
851 1610 955 1680 erant,
987 1598 1020 1665 iu
1045 1597 1158 1664 ultimo
1182 1601 1278 1666 etiarn

174 1701 361 1783 certamine,
390 1723 465 1767 curn
487 1698 677 1766 descensum
699 1701 731 1767 in
754 1702 855 1769 aciem
878 1712 941 1783 est,
970 1726 1008 1769 ea
1034 1702 1186 1770 severitas
1207 1728 1278 1794 pro-

177 1803 247 1871 fuit.
286 1804 345 1870 fuit
368 1816 476 1870 autern
499 1803 582 1870 civili
604 1805 744 1873 maxime
766 1805 853 1872 bello
875 1829 981 1896 pugna
997 1806 1115 1890 similis,
1137 1808 1219 1876 adeo
1236 1808 1278 1874 ni-

129 1916 163 1970 15
175 1905 222 1973 hil
245 1907 330 1998 apud
353 1907 483 1974 Latinos
497 1908 677 1975 'dissonum
704 1912 744 1977 ab
766 1911 911 1978 Romana
939 1934 973 1977 re
1001 1924 1127 2002 praeter
1155 1915 1277 1982 animos

245 2114 360 2172 standen
385 2114 491 2184 hatten,
521 2136 553 2172 so
575 2115 693 2174 bruchen

247 2222 316 2270 nun,
339 2202 378 2258 ris
401 2201 471 2258 nach
495 2202 555 2259 dem
574 2203 693 2261 Schreck

247 2286 296 2343 das
320 2287 420 2344 Getuhl
446 2289 505 2345 sich
532 2291 636 2346 wieder
659 2312 693 2347 zu

247 2393 328 2449 regen
346 2375 444 2449 ersing,
461 2373 520 2430 ihre
532 2373 635 2452 Klagen
647 2398 692 2435 um

247 2478 279 2515 so
299 2461 380 2516 ireier
397 2462 527 2522 hervor“.

194 2589 221 2647 4.
248 2599 281 2646 ut
307 2611 404 2667 neque
430 2592 568 2650 lomentis
596 2615 693 2671 neque

247 2681 691 2756 execrationidparcereturrP.

247 2793 281 2805 -
299 2762 405 2825 dibon.
419 2770 459 2826 d:
477 2778 507 2824 ut
524 2788 621 2847 neque
633 2792 692 2828 exe·

246 2853 387 2913 orationib.
405 2875 486 2933 parce
501 2859 507 2928 Ι
522 2868 604 2919 retur.
619 2859 692 2917 -Μ

246 2957 281 2998 ru.
301 2944 341 2998 1.=
359 2943 464 2998 iuuenis
483 2953 575 3021 corp'u.
594 2968 629 3006 m.
652 2950 691 3006 Ἅι

246 3045 352 3102 corpus.
363 3058 396 3068 -
409 3028 436 3085 Μ
448 3027 515 3088 Lov.
527 3035 552 3089 4.
565 3032 611 3091 ai:
624 3034 691 3091 cole·

248 3111 321 3167 brari
339 3121 437 3189 potest.
672 3126 675 3131 '

195 3243 221 3301 8.
248 3262 309 3299 non
335 3243 366 3298 in
388 3248 560 3317 praesentio
586 3251 693 3308 modo:

247 3327 278 3387 P.
291 3326 366 3385 -Μ
383 3350 418 3391 m.
439 3336 476 3391 1.:
496 3356 550 3394 nou
568 3339 596 3394 in
614 3345 692 3418 psen-

247 3417 284 3470 eii
314 3417 404 3475 modo.
441 3441 475 3481 m.
506 3426 545 3482 2:
575 3446 630 3482 non
664 3429 692 3483 iu

189 3566 192 3573 ι
247 3506 338 3580 psenti
355 3507 445 3568 modo.
469 3508 513 3570 Cf.
532 3513 558 3579 2,
576 3514 631 3571 dd:
652 3516 692 3570 ri·

248 3597 319 3644 ctam
341 3593 510 3655 tribunicium
532 3609 692 3675 potestatem
711 3638 716 3647 x

249 3672 340 3732 dicere
358 3684 448 3757 priore
466 3705 536 3743 auno
559 3689 590 3744 in
604 3708 691 3762 prue-

239 3763 343 3827 'sentia
366 3787 408 3837 re,
435 3773 556 3852 exemplo
580 3777 610 3832 in
624 3796 691 3850 per·

245 3859 375 3924 petreum.
410 3859 441 3925 7,
466 3859 523 3918 37.:
545 3864 575 3919 iu
597 3883 690 3939 perpe·

248 3936 324 3995 tuirm
342 3971 376 3983 -
394 3943 421 3996 in
433 3951 592 4018 praesentia.
609 3948 641 4007 al.
656 3980 689 3991 -

247 4020 309 4088 PM:
338 4026 388 4085 sed
410 4031 524 4107 exempli
546 4037 626 4090 stiam
643 4039 691 4091 tri·

834 2106 884 2175 stis
893 2121 1063 2199 inposterum
1072 2131 1151 2180 esset.
1164 2119 1278 2182 Leidu:

834 2206 883 2262 sed
914 2208 1043 2285 exemplis
1073 2211 1152 2265 etium
1185 2213 1278 2268 tristis.

834 2291 908 2352 Harl.
927 2313 956 2353 r.:
981 2294 1030 2352 sed
1053 2296 1181 2375 exemplis
1200 2301 1278 2355 etiam

835 2383 932 2440 tristis.
950 2379 1030 2441 Recc.
1049 2383 1142 2443 codd:
1169 2385 1218 2442 sed
1237 2407 1279 2442 ex·

834 2468 930 2546 emplis
948 2471 1029 2526 etiam
1046 2471 1178 2531 tristibus.

764 2556 807 2615 10.
834 2557 1083 2614 oboedientiorem
1110 2558 1182 2616 duci
1208 2563 1280 2616 mili·

833 2652 906 2699 tem:
928 2641 984 2703 PM.
1007 2674 1041 2687 —
1069 2645 1104 2702 P:
1127 2648 1279 2703 intentioris

835 2732 935 2807 ubique
953 2751 1032 2789 curae
1050 2742 1133 2792 erant.
1157 2733 1197 2791 tl:
1217 2738 1278 2802 „in-

834 2820 958 2877 tentioris
988 2830 1091 2876 curent
1120 2823 1148 2877 iu
1163 2826 1169 2890 Ι
1184 2820 1279 2878 ultimo

834 2907 934 2963 etirm“
951 2916 1002 2965 cet
1024 2905 1111 2963 Simili
1129 2909 1228 2963 mendo
1242 2912 1281 2967 ri·

819 2993 913 3051 detur
935 2994 984 3061 30,
1001 2994 1043 3051 28.
1065 2994 1093 3049 io
1114 2992 1175 3052 Put.
1196 2992 1280 3055 colo.

832 3080 927 3139 Bemb.
937 3099 1024 3137 curus
1036 3081 1202 3149 interstioris
1212 3086 1278 3139 sori·

834 3178 911 3243 ptum
937 3186 996 3224 esse
1023 3175 1051 3229 ‚et
1078 3167 1181 3242 integra
1211 3172 1277 3225 scri·

765 3312 768 3320 ,
811 3263 911 3329 ptura
951 3255 1046 3312 fuisse:
1079 3258 1131 3322 „ei
1162 3277 1278 3332 quoque,

834 3342 932 3418 quibus
960 3351 1018 3399 eret
1044 3342 1138 3417 iugens
1164 3345 1193 3399 in
1220 3345 1277 3401 set-

832 3430 914 3507 pioue
923 3429 1021 3500 [iduciq
1032 3440 1059 3487 et
1068 3431 1197 3487 victoriae
1207 3449 1279 3507 spes,

796 3560 801 3571 .
832 3536 887 3592 quo
897 3520 980 3592 magis
992 3520 1021 3593 in
1029 3519 1208 3603 propinquam
1221 3538 1279 3574 earn

833 3605 999 3663 inminebunt
1017 3606 1129 3673 animis,
1150 3625 1182 3661 eo
1200 3624 1279 3661 curre

832 3703 908 3750 erunt
931 3694 1116 3752 intentioris“.
1143 3724 1176 3733 -
1202 3691 1279 3748 ttulit

831 3799 901 3839 rece.
925 3779 1019 3839 codd:
1044 3781 1198 3836 intentioris
1221 3780 1279 3835 ubi·

832 3887 884 3945 que
903 3878 978 3925 erant
996 3888 1085 3927 corae.
1107 3899 1141 3910 -
1163 3863 1244 3925 Leid.
1261 3887 1278 3925 r.

790 4010 793 4017 .
831 3952 910 4013 Voss.
926 3973 952 4012 rr.
973 3954 1019 4013 at:
1039 3953 1280 4013 condescensum

830 4041 859 4096 iu
878 4045 934 4098 scie
954 4040 1003 4100 esi.
1105 4116 1108 4121 Ι
