2618 4590
521 259 630 320 uuus
646 236 702 324 rx.'
811 264 828 345 κ·
1073 243 1159 315 tls
1190 323 1192 331 ,

61 424 286 492 miserarentur
308 425 397 516 quod
416 425 464 492 vir
486 423 557 491 talis
585 423 681 491 etiam
705 423 913 515 praecipuum
941 424 1024 513 apud
1046 423 1162 491 hostes.

58 529 250 618 supplicium
279 552 429 619 passums
457 540 542 596 esset
569 529 612 595 ob
637 529 718 595 iram
747 530 919 617 diremptae
947 528 1045 616 pacis.
1082 551 1157 595 oum

58 656 170 700 omnes
203 633 350 700 laudibus
377 634 475 701 modo
500 644 732 724 prosequentes
765 626 869 720 virum
901 630 933 696 in
965 633 1154 699 senteutiam

57 738 125 803 eius
153 736 287 826 pedibus
315 738 411 817 irent,
444 748 598 827 temptata
626 738 787 827 paulisper
813 735 998 803 intercessio
1031 746 1081 802 est
1112 736 1152 802 'ab

56 841 93 907 L.
108 840 198 908 Livio
221 853 253 909 et
274 842 314 926 Q.
330 835 447 906 lilaelio
470 841 601 908 tribunis
622 841 735 930 plebis,
759 840 813 931 qui
834 864 940 930 neque
963 840 1085 908 exsolvi
1106 853 1183 908 rob

55 945 171 1035 ligione
192 943 350 1035 populum
372 943 498 1035 aiebant
518 944 678 1012 deditione
700 967 766 1027 sua,
798 944 857 1010 nisi
880 944 985 1011 omnia
1003 944 1153 1039 'Samniti-

55 1049 116 1116 bus
139 1050 244 1139 qualia
267 1048 352 1139 apud
375 1047 531 1116 Caudium
553 1049 686 1116 luissent
706 1048 960 1132 restituerentur,
989 1073 1094 1139 neque
1115 1058 1171 1116 se‘
1224 1121 1233 1136 Ι
1279 1072 1282 1079 ’

56 1177 115 1243 pro
138 1177 178 1220 eo
201 1155 289 1244 quod
311 1152 498 1242 spondendo
519 1177 634 1244 pacem
656 1163 836 1220 servassent
852 1153 1027 1220 exereitum
1042 1153 1154 1244 populi
1230 1172 1236 1179 ‘

54 1256 191 1324 Romani
211 1280 351 1347 poenam
371 1256 472 1345 ullam
498 1257 629 1323 meritos
657 1281 743 1340 esse,
771 1281 875 1347 neque
904 1259 943 1324 ad
974 1270 1153 1326 extremum

55 1385 129 1426 oum
151 1360 343 1435 sacrosancti
366 1373 474 1428 essent
494 1361 567 1428 dedi
589 1361 735 1428 hostibus
757 1362 908 1429 violarive
931 1385 1036 1454 posse.
1063 1349 1069 1359 ’
1166 1376 1201 1433 10
1292 1382 1294 1388 ’

142 1464 197 1532 ΙΧ.
241 1466 328 1532 lum
349 1465 532 1532 Postumius
560 1467 690 1549 „dedite
717 1467 798 1534 inter
826 1490 864 1533 ea
893 1467 997 1536 dedite
1005 1471 1024 1503 “
1052 1466 1153 1558 inquit
1265 1482 1268 1489 '

126 1597 220 1670 ruptis
233 1596 379 1669 dirempta
389 1593 506 1652 simulet
517 1597 571 1671 pri·
707 1597 773 1653 buni
800 1595 930 1670 designati
958 1596 1002 1652 ads
1019 1595 1152 1659 Caudium

126 1693 186 1738 vata
208 1683 266 1736 iura
289 1701 348 1738 esse
369 1690 446 1759 putet
463 1690 513 1741 eet.
535 1713 571 1761 ᾗ·
709 1683 813 1740 fuerant
825 1692 852 1736 et
864 1685 963 1738 reversi
972 1682 1089 1743 Romam*
1097 1708 1151 1742 ma·

125 1767 161 1824 P:
179 1769 284 1836 „modo
297 1771 497 1825 miserarentur
509 1789 571 1848 neq.
707 1772 847 1846 gistratum
860 1780 1028 1848 occeperunt,
1039 1771 1073 1831 ei.
1085 1794 1151 1850 quo-

125 1875 156 1910 se
178 1876 228 1932 pro
254 1875 288 1911 eo
311 1854 385 1932 quod
411 1855 570 1934 spondendo
711 1877 764 1934 que
780 1857 905 1934 interprr.
924 1857 958 1912 ad
977 1855 1038 1917 Cio·
1054 1859 1088 1916 de
1106 1860 1152 1919 off.
1236 1860 1239 1865 ’

125 1948 409 2022 Ῑιαοεηιιειετιηεεσιιιϋι
420 1951 471 2000 eet
484 1944 568 1999 omui·
708 1945 737 2010 ³,
753 1945 798 2002 30:
811 1973 844 1984 -
862 1942 924 2000 PM:
942 1954 1095 2004 seruassent
1107 1967 1152 2005 ex·

125 2026 176 2086 bus
196 2032 395 2107 praetermissis
413 2049 481 2106 quae
499 2031 570 2085 inter
710 2031 822 2085 ercitum
839 2037 882 2109 pii.
1001 2030 1003 2036 '

127 2119 372 2187 ‚‚miserarentur“
386 2125 412 2187 et
424 2118 568 2184 „restitue-

126 2209 250 2261 rentur“
267 2207 368 2280 scripta
386 2211 469 2262 eraut.

71 2293 97 2349 b.
124 2311 190 2348 cum
203 2311 304 2348 omnes
319 2292 461 2348 laudidus
478 2290 567 2347 modo

121 2388 334 2454 prosequentes
347 2382 443 2435 uirum
455 2379 485 2434 in
501 2398 567 2434 sen·
650 2410 653 2415 ·

123 2468 245 2521 tentiam
260 2468 325 2522 cius
336 2466 464 2540 pedibus
476 2467 567 2523 irent:
649 2498 652 2503 ·

94 2595 96 2599 .
123 2551 159 2608 ld.
183 2551 344 2621 „Laudibus
366 2553 455 2609 modo
473 2571 566 2630 prose·

124 2634 262 2714 quentes“
282 2642 411 2716 seriptum
430 2648 470 2694 est
487 2660 502 2694 a
519 2637 566 2694 Li·

123 2727 169 2779 vio
188 2735 217 2780 ut
234 2726 287 2781 iam
301 2733 416 2781 mutatos
429 2724 566 2782 bominum

124 2812 227 2866 animos
254 2811 368 2878 diceret,
396 2813 496 2888 quippe
519 2813 567 2888 qui

121 2897 201 2976 paulo
220 2908 281 2954 aute
294 2898 446 2975 opprobriis
458 2908 486 2975 et
502 2918 566 2954 eou-

122 2987 200 3043 rioiis
219 2995 246 3042 et
262 2985 429 3043 Postumium
450 2993 478 3039 et
496 2994 566 3041 oeta

121 3093 168 3130 ros
197 3094 342 3152 sponsores
371 3074 494 3129 insectati
524 3091 566 3129 es·

120 3168 194 3216 sent:
212 3158 356 3236 „obgleieh
368 3162 433 3234 jetzt
444 3159 503 3217 dile
517 3159 566 3217 der
647 3190 651 3204 ·

122 3244 269 3319 Erldtirung
282 3245 330 3301 des
342 3245 494 3303 Postumius
511 3245 567 3303 bei-

123 3331 279 3408 piliclrteten
297 3333 353 3390 und
376 3353 426 3389 nur
443 3333 491 3390 aul
505 3335 566 3392 eins

124 3418 242 3476 ehrende
267 3417 361 3474 Weiss
387 3420 435 3475 des
456 3419 567 3477 donnes

656 2164 683 2221 9.
709 2182 806 2237 neque
833 2163 877 2218 ad
901 2173 1066 2221 extremum
1087 2185 1152 2222 cum

708 2252 894 2306 sacrosancti
903 2261 1002 2307 essent
1014 2252 1086 2308 dedi
1099 2251 1151 2308 ho·

708 2337 803 2393 stibus
827 2338 973 2394 uiolariue
994 2350 1107 2412 possm:
1129 2336 1152 2395 Ρ

707 2422 932 2484 m.1.b1m.1.
968 2424 1047 2481 lilauu
1070 2423 1151 2488 ultera

679 2582 683 2587 1
707 2510 771 2567 dein
790 2513 818 2566 iu
841 2520 953 2589 utroque
976 2511 1047 2585 libro
1068 2533 1090 2570 n
1106 2533 1151 2569 su-

706 2618 755 2672 pra
770 2610 793 2650 ‘t
808 2598 971 2676 adscriptum
984 2609 1025 2655 est
1037 2610 1068 2657 ut
1080 2621 1150 2675 pos-

707 2693 773 2739 sent
782 2683 867 2743 lieret.
880 2716 912 2728 —
924 2684 1001 2744 Voss.
1014 2705 1041 2743 11.
1050 2684 1149 2745 Lond.

708 2767 837 2843 multique
854 2769 900 2825 alii
918 2771 1013 2828 codd:
1030 2771 1150 2828 immola·

707 2856 765 2910 riue
783 2864 902 2930 possent.
923 2885 959 2898 -
981 2857 1034 2913 Ad
1054 2867 1150 2915 extre·

707 2961 787 2997 mum
796 2941 902 2999 videtur
910 2942 1150 3021 plusdieerequam

628 3051 631 3057 ¹
704 3037 869 3105 postremo:
907 3029 1001 3098 „noeb
1031 3031 1150 3091 isbunten
1197 3054 1200 3067 ·

706 3118 747 3172 sie
764 3115 911 3194 iiberbsupt
928 3118 983 3175 uud
1000 3131 1078 3177 unter
1094 3120 1150 3177 lrei·
1234 3186 1237 3199 Ι

706 3223 756 3260 ner
773 3204 929 3279 Bediuguug
951 3205 1063 3263 verletzt
1079 3227 1149 3271 wer·

706 3289 790 3348 den“.
809 3322 843 3333 -
868 3289 911 3348 Cl.
929 3294 959 3360 3,
976 3295 1037 3352 55.:
1058 3312 1148 3351 sacro·

705 3379 804 3459 saneti.¹

123 3504 310 3564 erwtlrnten“.
330 3535 362 3567 -,-
380 3503 419 3562 Μ;
438 3515 567 3584 temptats
638 3507 680 3566 11.
707 3508 807 3565 dedite
829 3508 905 3565 inter
926 3529 964 3565 eo
985 3509 1086 3568 dedite
1107 3512 1148 3570 in·

122 3591 260 3671 paulisper
285 3593 443 3649 intercessio
463 3601 507 3664 ¹est
532 3592 566 3650 ab
656 3630 659 3635 »
708 3596 773 3669 quit
785 3595 935 3669 profanos
952 3596 1069 3674 nosrpl’
1086 3597 1147 3659 eod.
1209 3610 1212 3615 '
1296 3644 1302 3653 .

123 3681 149 3738 l..
160 3679 226 3737 liuio
244 3687 340 3754 etque
361 3677 459 3737 moelio
476 3685 511 3739 ti.
528 3677 567 3759 pl.
706 3679 817 3752 Klool.]
835 3683 934 3738 interea
953 3683 1042 3740 dedite
1054 3687 1149 3764 inquit
1191 3717 1197 3732 ι

124 3769 171 3842 qui
197 3785 284 3844 neque
310 3763 413 3821 exsolui
438 3765 566 3841 religione
707 3765 1148 3839 eet(ll.)-Cl.8,l.:uudeuuds

123 3853 253 3930 populum
269 3853 394 3927 *agebant
428 3852 573 3910 deditione
704 3852 772 3909 haec
789 3853 842 3912 illis
859 3865 932 3912 tanta
950 3857 1090 3920 modestia.
1113 3889 1148 3901 —

124 3949 240 3997 suaset.
259 3936 302 3998 cl.
321 3942 347 4007 6,
365 3937 566 4013 b.:tsQSer·
705 3938 888 4000 Pm.1.:tum
898 3955 1046 4021 postumus.
1064 3943 1148 4007 mdis
1176 3940 1182 3963 “

123 4025 180 4084 vili.
206 4058 240 4068 —
267 4024 310 4081 De
332 4028 484 4085 nominibus
504 4024 565 4084 illo·
704 4032 863 4103 postumius.
893 4031 934 4091 ld:
961 4042 1018 4093 tum
1039 4032 1148 4113 postia*
1213 4026 1216 4033 “

58 4123 62 4129 ·
123 4112 367 4173 rumtribunorum
385 4113 564 4196 pl.,quitr1·
661 4127 664 4132 *
693 4110 784 4174 'miuss
