2818 4728
552 299 725 364 annun.
790 331 792 340 ι
997 341 1000 380 ,
1108 287 1188 364 :aso

71 398 79 428 l
447 415 457 438 o

78 463 258 555 signiferis,
280 463 394 534 deinde
414 459 636 559 ipsisignileri
656 467 739 536 trahi
761 467 990 536 adcumulem
1012 467 1186 562 armatique
1285 470 1287 479 '
1311 555 1320 564 ο

78 569 205 638 milites
226 592 269 638 ex
290 570 358 639 acie
380 571 413 638 in
434 571 537 640 aciem
558 571 720 640 transferri
740 583 789 656 et,
823 572 925 642 sicubi
946 583 995 640 est
1016 583 1186 655 certamen,

79 673 188 742 scutis
208 673 309 765 magis
331 697 429 765 quam
450 676 562 767 gladiis
583 677 701 768 geritur
726 699 795 744 res:
828 676 1022 744 umbonibus
1049 676 1185 744 incussa·

80 795 152 868 que
173 778 225 846 ala
248 790 430 846 sternuntur
451 780 576 850 llostes:
597 781 671 871 plus
688 780 809 871 capitur
822 779 989 848 hominum
1003 805 1102 872 quam
1116 805 1186 848 eac·

80 883 179 965 ditur,
201 893 299 974 atque
320 905 384 950 uua
405 907 472 952 vox
494 907 614 977 ponere
637 909 724 952 arma
747 881 924 952 iubentium
937 908 996 976 per
1008 895 1111 954 totam
1126 885 1220 956 fervo

32 996 37 1003 ’
81 998 138 1056 tur
161 987 278 1055 aciem:
305 987 413 1080 itaque
434 988 517 1058 inter
536 991 652 1084 ipsum,
664 1001 828 1058 certamen
849 988 934 1056 facta
955 988 1073 1058 deditio
1096 999 1146 1056 est
1164 1013 1185 1054 a

79 1091 196 1182 primis
217 1091 398 1167 auctoribus
420 1093 512 1162 belli:
539 1105 673 1185 postero
690 1091 993 1191 insequentibusque
1019 1093 1131 1175 diebus
1153 1102 1186 1160 et

82 1195 185 1264 ceteri
206 1195 536 1290 Umbrorumpopuli
558 1197 730 1274 deduntm:
758 1195 939 1266 Ocriculani
960 1195 1132 1287 sponsione
1152 1195 1186 1262 in

81 1299 257 1368 amicitiam
278 1303 410 1394 accepti.

177 1401 273 1472 XLII
317 1406 434 1477 Fabius
452 1405 576 1475 alienae
603 1407 697 1475 sortis
719 1407 820 1475 victor
847 1405 955 1474 belli
945 1430 978 1512 ιιι
999 1428 1092 1474 suam
1113 1427 1183 1497 pro·
1197 1423 1232 1480 to

82 1506 223 1604 vinciam
251 1511 426 1580 exercitum
452 1510 593 1580 reduxit.
590 1506 732 1615 itaque
760 1511 791 1579 ei
819 1511 862 1579 ob
888 1535 940 1580 res
967 1522 1034 1578 tam
1052 1510 1185 1598 feliciter

82 1595 209 1704 gestae,
240 1613 288 1682 sio
308 1625 345 1682 ut
370 1614 477 1705 priore
503 1637 588 1682 anno
614 1605 755 1706 populus
781 1614 1022 1684 continuaverat
1042 1593 1184 1684 cousula-

81 1729 164 1800 tum,
184 1716 228 1783 ita
250 1728 379 1786 senatus
399 1717 433 1784 in
452 1717 688 1815 insequentem
697 1743 832 1804 annum,
861 1742 926 1810 quo
949 1717 1010 1809 Ap.
1033 1717 1185 1786 Claudius

82 1819 122 1888 L.
145 1817 340 1888 Volumnius
361 1820 509 1890 eonsules
536 1821 680 1908 uerunt,
710 1823 893 1916 prorogavit
918 1822 1058 1890 maxime
1079 1822 1186 1914 Appio
1290 1863 1305 1888 ,ι

1257 981 1267 1014 l
1377 1001 1383 1022 ι

84 1925 315 1994 adversante'
305 1925 484 2017 imperium.
519 1925 661 2018 Appium
693 1953 861 2000 censorem
887 1928 1005 2019 petisse
1039 1926 1184 1994 consula-
1198 1946 1231 2000 15

83 2040 157 2098 tum
178 2028 371 2120 comitiaque
394 2030 462 2098 eius
482 2029 523 2098 ab
541 2030 578 2100 L
594 2032 690 2103 Furio
711 2034 838 2108 tribuno
855 2030 959 2125 plebis
978 2030 1185 2122 interpellata,

86 2132 209 2201 donec
214 2155 251 2200 se
273 2155 406 2202 censura
434 2133 642 2220 abdicavit,'
632 2162 666 2206 m
693 2138 885 2250 quibusdam
911 2134 1110 2204 annalibus
1096 2158 1185 2205 rnre

740 2343 812 2381 anno
837 2321 890 2398 Ap.
912 2317 1028 2380 Claudio
1049 2317 1083 2380 L.
1104 2317 1184 2378 Volu-

739 2413 813 2470 mnio
836 2407 992 2468 consulibus
1014 2408 1111 2465 creatis
1128 2402 1185 2464 im·

737 2500 854 2574 perium
862 2497 1066 2566 Fabiqseuatus
1079 2495 1188 2552 decreto
1313 2563 1319 2572 N

739 2594 912 2666 prorogatum
930 2594 984 2654 est,
1010 2593 1041 2641 ut
1058 2583 1105 2662 qui
1122 2603 1186 2642 con·

80 2667 133 2725 .6.
156 2668 260 2744 itaque
283 2668 360 2724 inter
385 2669 481 2742 ipsum
507 2675 599 2726 urfa·
728 2672 785 2738 2sal
806 2694 861 2730 non
887 2681 959 2728 esset
982 2691 1038 2746 pro
1065 2672 1187 2727 consule

156 2771 224 2810 men
247 2753 339 2825 sacta
365 2753 477 2809 dodun
507 2763 552 2811 eat
580 2773 601 2810 a
741 2758 842 2816 bollum
872 2778 932 2815 cum
961 2756 1142 2823 Samnitibus,
1170 2775 1188 2812 a

150 2838 260 2915 primia
268 2838 438 2896 auctoribus
446 2838 531 2895 belli:
543 2837 601 2897 ΡΜ
742 2864 796 2922 quo
815 2855 943 2901 avocatus
960 2852 1041 2910 esset,
1058 2841 1157 2902 finiret.

85 2953 88 2960 ·
157 2957 193 2970 -
212 2922 280 2985 ΡΜ.
309 2927 333 2984 1.
354 2927 381 2983 3.
404 2923 487 2983 Voss.
499 2943 531 2984 ιι.
551 2924 601 2984 ab:
674 2933 717 2990 16.
743 2923 921 3010 romuloque
938 2931 1003 2987 eius
1021 2929 1111 2988 aaz.
1128 2929 1186 2985 Fu·

155 3014 247 3091 itaqne
262 3015 335 3072 inter
355 3013 445 3090 ipsum
468 3021 602 3070 conamen
742 3018 787 3078 rio
805 3025 842 3080 ti.
852 3018 894 3098 pl.
906 3017 1110 3104 interpellato:
1128 3014 1185 3076 ΡΜ

135 3145 139 3152 .
157 3101 227 3158 facta
244 3101 383 3159 deditione
404 3121 420 3157 r
442 3093 537 3179 primis
555 3120 600 3158 au·
743 3105 826 3182 Quod
839 3104 1003 3182 interpellari
1014 3113 1114 3183 potest,
1132 3105 1186 3161 iam

156 3187 276 3252 ctoribus
295 3186 357 3269 belli
375 3196 483 3265 postero
501 3198 600 3246 oet.—
742 3197 785 3276 agi
803 3203 927 3272 coeptum
944 3213 1004 3250 esse
1019 3191 1108 3252 (lebet.
1125 3211 1186 3248 cum

156 3274 233 3332 Pru.
251 3276 291 3330 1..
313 3274 489 3336 deducuntur.
518 3275 542 3332 P
564 3297 600 3338 nr
742 3283 824 3359 igitur
841 3283 949 3339 comitia
974 3279 1123 3337 consularia
1141 3278 1186 3334 ba·

85 3397 87 3402 ·
157 3361 656 3440 amandantur,
720 3363 868 3426 ‘berentur
893 3377 920 3424 et
937 3365 1186 3445 Appiussuiiragia
1248 3411 1259 3436 ,
1302 3429 1304 3436 Α

93 3449 134 3508 to.
159 3451 203 3522 rto
232 3447 356 3507 senatus
386 3450 418 3505 in
449 3450 602 3526 insequen-

155 3547 215 3595 tem
231 3555 343 3594 annum
360 3554 420 3611 quo
437 3538 493 3613 Ap.
513 3537 601 3596 Clau·

157 3625 228 3681 dius
253 3623 291 3681 L.
318 3623 497 3681 Volumnius
523 3631 601 3686 ccii.

9 2333 20 2354 ⁸
56 2379 58 2384 ,
137 2315 241 2375 .‹lnrcb
256 2315 600 2385 Sebuftersttssemertlen

5 2395 10 2402 ’
122 2441 124 2448 ,
156 2404 201 2462 die
218 2403 320 2464 Funde
340 2405 599 2484 niedergestrecltt“.

83 2516 85 2522 ·
155 2523 190 2536 -
208 2491 246 2550 P:
268 2513 442 2571 conponere
462 2513 534 2552 arma
556 2495 598 2552 in·

154 2581 283 2641 nonnum.

742 3453 813 3512 ferre
842 3455 995 3523 videretur,
1026 3451 1059 3512 L.
1088 3451 1186 3511 Furius

741 3543 805 3602 trib.
822 3541 860 3621 pt.
878 3542 1030 3599 intercessit
1046 3560 1081 3598 nc
1096 3561 1140 3597 res
1152 3539 1186 3598 acl

742 3627 1186 3707 linemperalneeretnnrlcneorip·
1217 3690 1222 3700 ,

152 3711 283 3785 suerunt
302 3712 493 3790 prorogauit:
515 3711 542 3768 Μ
565 3731 602 3774 ιιι.

136 3798 290 3858 .3.Ρ.-
312 3796 397 3857 Μιιι.
421 3799 459 3856 1.=
485 3798 602 3856 ininso-

159 3894 257 3962 quonte
269 3905 374 3944 annum.
384 3915 416 3928 -
429 3883 603 3944 Prioreanno
673 3925 677 3930 -

125 3981 134 3996 “
158 3971 602 4045 Q.I'abiustertiu1nconsulcrea-

158 4067 202 4114 tas
218 4068 289 4127 erat,
315 4067 344 4116 ct
358 4079 431 4122 cum
447 4079 480 4117 eo
497 4059 530 4122 P.
546 4060 602 4118 De·

160 4147 217 4204 cius
230 4145 396 4206 consolatum
405 4159 531 4223 gesserat
549 4149 610 4208 boo.

742 3718 806 3793 pius
833 3735 1002 3798 temerasse
1025 3717 1187 3788 abdicasset,

733 3803 819 3882 ‘quod
835 3813 942 3881 praeter
959 3805 1129 3862 tribuniciam
1147 3807 1188 3860 in-

745 3891 900 3948 tercedendi
924 3901 1084 3971 potestatem
1108 3891 1188 3950 facile
1283 3945 1285 3952 ,

744 3978 846 4057 populo
856 3983 997 4057 persuasit,
1007 3991 1099 4059 utpote
1111 3983 1188 4038 cuius

743 4085 845 4124 summa
868 4067 969 4123 invidia
986 4068 1091 4144 Appius
1113 4067 1188 4126 solua

682 4222 685 4225 ι
744 4173 884 4224 censuram
901 4165 1006 4229 gereret
1022 4158 1064 4226 (9,
1081 4158 1152 4228 34).
