2618 4590
454 828 899 933 ARGUMENTA
1226 828 1233 915 l

339 994 626 1067 nrnnonun
651 995 1035 1079 mvmuonouu
1228 936 1236 1111 l

1230 1120 1236 1169 l

1232 1248 1240 1401 l

253 1134 676 1228 soumcrrnsrnnbusruas
689 1171 947 1241 counranrcnrs
962 1141 1135 1225 aounurn'
1232 1178 1237 1239 r

605 1365 753 1377 ——u—

646 1548 709 1621 Vl.

214 1710 280 1780 Res
308 1713 460 1787 advorsus
483 1715 621 1784 Volscos
643 1723 677 1781 et
697 1711 830 1804 Aequos
856 1721 891 1780 ct
912 1709 1169 1795 Praenestinos,
1183 1733 1228 1800 pro

128 1833 222 1904 spere
243 1827 349 1910 gestas
378 1819 529 1889 continet.
563 1829 715 1910 quattuor
740 1817 841 1884 tribus
869 1815 1010 1884 additae
1041 1827 1127 1884 sunt
1148 1815 1231 1883 Stele

129 1917 196 1987 tina
217 1921 424 1991 Tromentina
447 1923 596 1992 Sabatina
619 1920 790 1989 Arniensis.
827 1919 879 1988 Μ.1
895 1910 1066 2006 Manlius,
1092 1921 1152 2013 qui
1167 1918 1255 2019 Capi}

128 2022 244 2093 toltum
266 2051 285 2097 a
305 2027 405 2095 Gallis
427 2028 621 2111 defenderat,
643 2050 718 2094 cum
740 2012 910 2097 obstrictos
935 2049 1021 2094 aere
1047 2026 1161 2095 alieno
1181 2026 1233 2092 libo
1251 2046 1258 2097 t

100 2136 218 2198 oraret
239 2154 342 2199 nexos
365 2133 554 2215 exsolveret,
577 2131 706 2199 crimine
729 2129 877 2199 adfectati
898 2128 994 2222 regni
1012 2132 1222 2199 damnatusd
1254 2162 1258 2185 ι

129 2252 209 2302 taxo
232 2233 374 2302 deiectus
397 2247 461 2302 ests
482 2236 516 2303 in
538 2235 628 2305 cuius
643 2245 754 2302 notam
768 2245 896 2307 senatus
911 2236 1121 2304 consultum
1137 2237 1235 2303 lactum

130 2345 243 2403 estne
265 2339 317 2404 cui
339 2338 380 2405 de
402 2338 520 2406 Manlia
543 2349 638 2430 gente
660 2337 772 2410 Marco
794 2362 978 2429 cognomen
1000 2351 1111 2412 esset.
1149 2341 1185 2408 C.
1203 2339 1237 2408 li·

129 2437 229 2508 cintus
252 2453 285 2511 et
305 2441 343 2510 L.
366 2441 495 2510 Sextius
513 2441 628 2510 tribuni
638 2442 748 2545 plebis
764 2442 870 2533 legem
890 2445 1199 2535 promulgaverrmt
1213 2455 1238 2511 ut

130 2544 278 2613 consules
302 2548 398 2616 ctiam
420 2571 461 2614 cx
483 2546 576 2637 plebe
597 2545 710 2613 fierent
731 2545 787 2638 qui
809 2569 850 2613 cx
871 2547 1024 2637 patribus
1047 2552 1239 2630 creabantur,

61 2720 64 2725 ,
83 2663 118 2718 10
131 2671 267 2739 eamque
289 2651 395 2742 legem
417 2674 492 2718 cum
514 2674 629 2741 magna
651 2649 853 2722 contentione
867 2654 1140 2742 repugnantibus
1163 2653 1240 2746 patri·

129 2751 208 2837 bus,
229 2770 309 2821 ¹cum
330 2755 417 2823 idem
437 2753 678 2845 tribuniplebis
699 2778 759 2844 per
779 2753 1040 2845 quinquennium
1065 2759 1136 2826 soli
1158 2759 1241 2849 magi·

108 2866 246 2944 *stratus
274 2858 424 2942 fuissent,
454 2859 667 2949 pertulerunt,
700 2867 734 2926 et
764 2856 884 2948 primus
910 2881 954 2925 ex
989 2859 1102 2950 plebe
1140 2863 1242 2934 consul

150 3032 175 3091 1.
203 3029 242 3087 tta
267 3031 308 3088 Ex
325 3030 396 3088 libro
413 3044 498 3092 sexto.
525 3033 580 3088 Res
598 3033 641 3090 ad·
731 3033 759 3095 6.
784 3033 814 3090 in
838 3031 914 3088 culos
936 3038 1005 3089 nota
1027 3035 1161 3099 Senatus
1179 3039 1243 3100 cor·

133 3167 136 3176 .
202 3136 297 3181 uersus
322 3119 415 3195 Equos
441 3130 462 3173 tc
485 3119 597 3177 Volscos
623 3133 646 3176 κ
784 3116 857 3175 uultis
873 3117 1017 3192 foetiscat,

76 3210 79 3226 '
200 3204 643 3311 Prenestinoapspeoegcstasoom
731 3207 758 3266 7.
785 3211 923 3278 cognorat.

146 3294 150 3315 ¹
195 3300 277 3369 sinet·
731 3293 758 3356 8.
783 3289 817 3350 Ia.
846 3291 959 3355 Sestius.
989 3293 1050 3358 Tri.
1087 3299 1135 3362 Pl.
1165 3287 1246 3380 legen

148 3384 174 3442 u.
201 3385 292 3463 audite
309 3394 361 3447 sut.
785 3378 969 3477 pmulgarunr.
1132 3390 1135 3395 '

148 3503 181 3514 —
200 3471 349 3533 Stellatina.
385 3473 540 3532 Sabbatioa.
578 3475 644 3534 Pro·
732 3477 759 3534 9.
785 3476 838 3531 etii
855 3495 889 3538 cx
906 3474 996 3536 Plebs.

200 3562 326 3620 mentina.
352 3559 500 3622 Arnensis.
528 3561 565 3629 tl.
590 3561 645 3623 ΜΞ·
717 3562 759 3621 10.
786 3561 853 3623 Eam
870 3560 964 3638 legem.

189 3638 254 3703 ¹lius
273 3658 324 3707 cet.
716 3651 760 3708 11.
787 3669 849 3706 cnm
866 3649 938 3708 idem
954 3648 1012 3711 Tri.
1031 3651 1077 3722 Pl.
1098 3675 1157 3732 per
1173 3660 1248 3738 quin·

147 3732 173 3796 5.
200 3753 285 3792 nexos
304 3735 451 3794 exolueret:
479 3738 589 3793 crimine
607 3737 644 3794 al·
787 3739 941 3812 quennium.
1110 3746 1114 3761 ’

199 3819 290 3879 sectati
320 3824 395 3896 regni
425 3823 579 3881 damnatusr
609 3822 644 3879 ule
715 3825 757 3882 tu.
785 3823 821 3879 Et
837 3826 939 3902 primus
961 3827 1088 3885 omnium
1113 3849 1153 3888 ex
1170 3831 1250 3909 plebe

198 3923 264 3964 saxo
282 3908 402 3967 deiectus
419 3919 468 3970 est.
785 3909 888 3970 consol.
900 3908 931 3970 1..
944 3910 1188 3977 Sestius-creatus
1200 3929 1249 3978 est
