2618 4590
540 254 650 317 emm
667 255 764 318 Vl·

1154 251 1176 316 9

27 408 156 509 ''ffrunt
178 420 338 515 qrridam,
360 421 447 512 quod
468 419 620 512 postridie
634 420 704 487 idus
721 418 868 508 Quintilis
889 444 954 488 non
970 421 1091 491 litasset
1105 423 1175 492 Sul-

74 525 176 618 picius
174 516 344 594 tribunus
365 526 499 594 militum
514 549 619 616 neque
635 525 762 592 inventa
780 548 860 616 paee
881 526 976 593 deum
997 539 1073 617 post
1089 529 1174 597 diem

40 631 207 698 tertium
229 630 369 699 obiectus
388 630 472 698 hosti
495 630 652 699 exereitus
674 631 838 697 Romanus
866 642 964 712 esset,
994 631 1088 699 etiam
1116 646 1217 725 po

78 735 187 802 stridis
209 735 278 801 idus
300 734 392 801 rebus
415 735 527 804 divinis
542 722 765 827 supersederi
756 758 886 818 russum,
909 733 980 801 inde
1002 748 1039 803 ut
1059 728 1172 827 postii

80 838 131 906 die
145 839 207 906 kal
222 864 350 930 quoque
365 864 403 907 ae
413 864 514 907 nonas
528 843 641 908 eadem
655 840 763 930 religio
779 851 873 922 esset,
888 839 1037 907 traditum
1048 852 1172 930 putant.
1184 860 1202 915 5

163 944 200 1010 ll.
244 944 315 1014 Nec
328 948 330 952 ’
343 944 398 1012 diu
424 939 512 1013 licuit
540 945 653 1036 quietis
680 943 810 1014 consilia
843 943 1010 1034 erigendae
1039 968 1080 1012 ex
1107 957 1173 1016 tam

73 1045 160 1137 gravi
182 1071 258 1115 casu
279 1049 494 1140 reipublicae
516 1073 627 1119 secum
655 1049 780 1142 agitare.
818 1049 891 1118 hinc
915 1048 1027 1118 Vulsci
1048 1060 1174 1119 veteres

51 1151 182 1248 ,hostes
205 1154 246 1220 ad
274 1155 523 1246 extinguendum
549 1178 669 1224 nomen
689 1155 868 1222 Romanum
898 1179 985 1222 anna
1014 1165 1174 1243 ceperant,

72 1255 146 1323 hine
167 1246 311 1326 Etruriae
334 1260 512 1352 principum
534 1286 575 1329 ex
603 1260 751 1328 omnibus
772 1260 898 1350 populis
922 1257 1173 1328 coniurationem

71 1362 112 1429 de
134 1363 220 1431 bello
239 1363 280 1429 ad
294 1363 405 1431 lanum
419 1365 612 1434 Voltumnae
627 1366 744 1434 laetam
758 1377 951 1433 mercatores
967 1364 1170 1432 adferebant:
1186 1381 1218 1432 10

15 1548 19 1569 ί
70 1490 174 1534 novus
197 1492 328 1560 qnoque
355 1481 457 1552 terror
485 1460 663 1539 accesserat
689 1469 866 1537 delectione
887 1470 1073 1537 Latinomm
1095 1468 1173 1535 ller-

70 1571 296 1664 nieorumque,
329 1575 385 1664 qui
413 1585 487 1665 post
514 1588 655 1668 pugnam
683 1576 723 1641 nd
748 1574 854 1641 laeum
876 1574 1034 1664 Regillum
1056 1572 1173 1639 laetam

69 1699 129 1765 per
151 1700 252 1748 annos
273 1703 375 1768 prope
398 1692 527 1752 centum
554 1702 731 1775 numquam
758 1678 904 1770 ambigua
930 1678 992 1746 fule
1015 1679 1048 1744 in
1070 1677 1173 1744 amiei-

145 1833 291 1912 iueignem
301 1834 443 1906 fecerunt
461 1839 507 1896 rei
523 1841 587 1896 nul·

145 1921 206 1976 lius
224 1922 392 2000 egeudee“.

90 2009 115 2063 1.
140 2010 306 2082 postridie:
318 2009 349 2070 P.
363 2041 400 2085 ·*.
408 2009 448 2067 lll:
455 2009 588 2086 p'tridie:

142 2093 170 2152 lr.
184 2115 207 2151 e.
223 2098 396 2170 posttridie:
416 2099 494 2153 etsie
507 2098 587 2176 paulo

109 2177 117 2188 ⁸
141 2190 204 2257 post
223 2192 249 2238 et
260 2184 289 2240 in
299 2181 328 2240 Μ
340 2193 367 2239 et
385 2186 412 2240 in
425 2184 448 2240 P
465 2186 508 2242 bis
521 2188 586 2242 seri·
632 2210 636 2215 ·

140 2280 218 2346 ptum
236 2279 284 2329 est.
303 2304 337 2314 -—
355 2270 396 2328 ll:
413 2263 483 2329 idus
502 2275 586 2349 quiti-

140 2359 201 2414 Ies:
219 2340 282 2415 lein
299 2359 393 2417 eadem
405 2380 445 2420 m.
464 2363 504 2419 l.:
523 2362 585 2438 qui·
649 2362 656 2370 '

140 2447 211 2504 tilis.

86 2560 123 2578 ·-
141 2553 201 2588 non
227 2534 344 2591 litasset
371 2534 522 2610 Sulpicius
548 2543 584 2595 ts.

140 2620 218 2678 mil:
230 2619 287 2678 ΡΜ.
306 2619 349 2678 Cl.
362 2624 388 2690 5,
400 2625 459 2681 38.:
478 2643 527 2679 nen
539 2642 585 2678 au-

138 2708 249 2782 spicato
269 2728 320 2763 nee
347 2707 424 2765 litato
450 2713 586 2766 instruunt

141 2795 235 2853 aciem.
248 2825 281 2836 -
294 2795 338 2851 Ad
356 2817 451 2871 neque
465 2798 585 2852 invento

139 2900 214 2954 paee
231 2860 310 2949 „nul
329 2880 399 2939 ohne
411 2880 542 2956 gelunden
553 2902 586 2950 zu

139 2966 250 3023 haben“
264 2966 300 3024 el.
310 2970 354 3036 32,
368 2971 423 3025 10.=
435 2989 512 3036 „uec
523 2968 585 3024 Phi·

138 3053 243 3132 lippum
261 3057 294 3112 ab
312 3055 386 3114 illius
403 3055 473 3112 bello
492 3057 585 3112 Inces-

139 3145 229 3198 situm
246 3144 365 3220 priorem
382 3145 438 3200 vim
460 3144 585 3199 orn'nibus

140 3228 275 3286 lecisse“:
299 3233 347 3300 m,
365 3235 409 3291 59.
427 3230 461 3290 al.
486 3263 520 3272 -
545 3230 585 3292 lll:

90 3337 95 3349 ι
140 3312 270 3376 obiectus
288 3319 394 3377 tostis.
423 3339 459 3378 m.
478 3321 516 3378 l.:
534 3319 584 3376 leo-

140 3406 242 3465 stibus
264 3405 307 3466 cf.
325 3411 453 3477 3,.,·362
455 3427 529 3476 ,cnm
546 3406 585 3462 la·

122 3491 262 3550 scibuse.

83 3582 123 3637 6.
142 3581 264 3657 quietis.
298 3579 428 3640 ΡΜ.
462 3581 584 3640 Harlr.

726 1839 759 1896 In
780 1835 859 1895 Laid.
882 1857 900 1897 ι.
923 1834 957 1896 nl.
978 1855 1021 1901 ex
1044 1836 1173 1921 omissum

663 1970 667 1975 -
727 1937 777 1984 est.
795 1957 830 1967 -
854 1924 881 1981 Μ
898 1944 934 1983 m.
953 1927 977 1982 1.
995 1923 1029 1979 P:
1052 1924 1172 1978 coniura-

728 2015 804 2069 tione
827 2011 862 2066 de
885 2009 956 2065 bello
979 2008 1014 2064 ael
1032 2010 1123 2064 lanum
1140 2006 1172 2064 V.

729 2099 835 2156 facum.
857 2095 886 2152 Μ
903 2117 939 2152 m.
957 2096 996 2152 'l.:
1015 2096 1173 2151 coniuratio·
1280 2146 1284 2153 .

728 2206 779 2244 nes
798 2185 832 2241 tle
850 2181 921 2240 bello
936 2181 970 2239 ad
982 2181 1074 2240 fanum
1085 2181 1119 2241 V.
1135 2181 1173 2238 sa·

728 2283 796 2335 etas.
809 2305 843 2314 -
859 2270 895 2328 l’:
914 2271 1074 2328 uultumue.
1092 2267 1120 2326 Μ
1137 2291 1173 2335 ιιι,

729 2365 766 2421 1.:
785 2362 872 2421 uul..:
890 2358 1001 2434 reliquis
1012 2357 1109 2416 litteris
1128 2357 1172 2412 de·

726 2449 788 2506 lotis
810 2467 846 2507 m.
864 2451 890 2507 3.
914 2449 1045 2523 seriptum
1063 2454 1104 2500 est
1122 2466 1172 2500 uo·

726 2538 870 2593 luntarie:
896 2535 1012 2611 danique
1028 2553 1065 2592 m.
1083 2533 1110 2590 l.
1127 2551 1171 2588 sn·

726 2626 906 2700 proscriptum
932 2630 973 2677 est
1003 2622 1172 2678 uoltuuuae.

727 2709 897 2777 Cf.5‚17.:
922 2708 980 2779 „ad
998 2707 1090 2764 sanum
1107 2704 1172 2763 Vol·

726 2802 864 2856 tumnae‘⁴.
895 2800 925 2864 t,
947 2799 1004 2853 23³
1028 2794 1086 2861 „ad
1107 2791 1171 2848 Vol·

727 2882 978 2938 tumnaefanuu1“:
998 2879 1032 2940 al.

658 2969 701 3026 11.
726 2989 825 3025 rzouus
834 2989 953 3046 quoque
964 2978 1062 3026 terror
1077 2985 1172 3023 neees-

726 3066 809 3112 seret
820 3057 986 3129 defectione
997 3057 1173 3113 Latinorum

665 3192 671 3208 ,
723 3144 993 3221 Hernicorumque:
1030 3142 1080 3200 ΡΜ
1114 3141 1172 3200 rell.

725 3231 778 3291 lae.
796 3231 879 3293 Gron.
897 3231 1013 3289 malebat
1034 3231 1171 3302 defectio,

727 3329 758 3375 ut
775 3323 806 3387 6,
819 3322 864 3378 ‘6.:
888 3341 980 3389 „nova
1001 3338 1064 3375 eura
1081 3316 1172 3372 Latini

724 3408 922 3484 llernieique“.
939 3407 982 3461 De
992 3404 1100 3462 loedere
1111 3424 1173 3460 cum

726 3493 831 3551 Latinis
854 3490 925 3550 licto
948 3493 982 3554 cf.
1001 3496 1031 3564 2,
1049 3495 1093 3554 33
1111 3511 1171 3550 cum

725 3583 894 3651 Hernicisl,
912 3582 956 3640 41.

105 3665 216 3724 Leid.
230 3687 260 3724 n:
273 3669 355 3741 quieti
368 3667 497 3728 suntCl.
509 3671 585 3737 2,7.:
657 3673 699 3730 13
725 3690 886 3746 nunrquam
904 3672 1043 3750 ambigua
1053 3669 1164 3745 fide
1141 3689 1172 3723 m

138 3755 217 3811 iussi
233 3762 357 3812 suut.-
368 3754 431 3812 ΡΜ.
450 3759 520 3832 reip.
539 3778 584 3815 se·

137 3861 204 3897 eum
216 3842 342 3920 agitare.
353 3841 429 3900 Leid.
439 3863 456 3902 ι.
468 3843 548 3904 Voss.
556 3864 584 3906 u.

138 3925 187 3985 al:
205 3947 290 4002 agere.
304 3960 338 3974 -μ
350 3927 411 3984 Pu:
430 3951 502 3991 arma
521 3953 584 3991 cee-

136 4026 240 4091 perant.

85 4104 112 4160 9.
140 4122 181 4159 ee
208 4105 341 4162 omuibus
365 4108 501 4182 populis:
528 4097 583 4168 ΡΜ.

727 3760 885 3814 urnieitiem
901 3758 1127 3832 pesuerunt:
1145 3733 1172 3812 Μ

726 3844 800 3904 Harl.
812 3864 830 3904 ι.
842 3844 917 3902 Laid.
929 3866 947 3904 1.
959 3877 993 3888 -
1011 3845 1072 3904 P:'
1065 3865 1094 3900 m
1106 3846 1171 3899 ami·

727 3934 795 3989 citio
804 3955 830 4010 p.
837 3932 1040 3993 r.-Dral<enh.
1052 3932 1171 4000 „inami-

727 4022 844 4079 ιιίιίιιιιιιι
863 4024 899 4078 ita
917 4030 947 4078 ut
959 4022 985 4087 2,
999 4021 1041 4077 lt.
1059 4022 1112 4087 „in
1123 4039 1171 4096 po·

728 4118 854 4167 euntem
870 4108 964 4188 populi
973 4110 1077 4167 romani
1088 4109 1172 4165 esse⁴‘
