2618 4590
121 264 188 337 610
591 276 702 341 [ΜΚ
720 278 756 340 X.
808 286 812 311 ¹

15 452 29 491 t'
126 441 340 534 conspiciatur
368 465 444 512 corn
470 441 583 535 capide
611 466 648 511 oc
676 442 757 509 lituo
785 439 889 532 eapite
908 437 1043 522 velato,
1080 434 1235 504 victimam

123 548 237 617 caedet
263 548 470 640 auguriumve
499 572 540 616 ex
569 570 642 615 arce
669 547 795 637 capiet?
831 545 922 614 cuius
956 542 1119 635 imaginis
1154 539 1234 609 titulo
1263 550 1266 557 '

122 653 307 721 consulatus
329 677 528 745 censuraque
557 664 590 721 et
616 651 796 743 triumphus
824 674 929 742 aequo
959 649 1081 716 animo
1112 647 1233 737 legetur,

122 757 150 824 si
177 769 366 848 auguratum
394 771 449 826 aut
475 759 695 851 pontificatum
723 756 913 838 adieceritis,
949 755 1008 846 qui
1033 751 1233 821 sustinebunt

94 860 299 952 tiegeutium
327 863 434 930 oculi?
470 865 620 953 equidem
642 901 686 912 -
712 886 793 954 pace
821 858 956 928 dixerim
986 861 1099 927 deum
1122 896 1169 908 -
1188 876 1232 922 eos

120 990 181 1035 nos
204 968 268 1034 iam
289 969 401 1058 populi
417 969 553 1036 Romani
574 966 730 1037 beneficio
753 990 824 1034 esse
847 989 952 1057 spero,
976 963 1038 1054 qui
1063 958 1231 1030 sacerdotis

1 1089 2 1094 ’
120 1086 194 1139 nou·
208 1072 315 1139 minus
337 1073 509 1140 reddamus
531 1073 712 1163 dignatione
734 1082 842 1139 nostra
863 1068 998 1136 honoris
1021 1092 1134 1158 quarn
1157 1088 1231 1134 acce·

119 1177 271 1266 perimus,
293 1188 327 1244 et
349 1177 483 1243 deorum
505 1178 607 1268 magis
631 1200 729 1268 quam
751 1186 859 1242 nostra
875 1196 973 1241 causa
989 1184 1192 1265 expetamus
1204 1179 1230 1235 ut

121 1304 204 1371 quos
225 1280 374 1370 privatim
396 1281 532 1349 colimus
556 1282 684 1372 publice
708 1281 887 1349 colamus“.

74 1390 110 1446 1⁰
211 1384 295 1453 VIII.
329 1385 439 1472 „Quid
451 1398 560 1455 autem
571 1411 631 1477 ego
649 1387 695 1453 sic
716 1386 822 1454 adhuc
839 1384 898 1475 egi,
918 1393 1099 1474 tamquam
1122 1382 1229 1471 integra

122 1486 165 1557 sit
185 1512 281 1557 eausa
302 1490 510 1580 patriciorum
533 1491 572 1558 de
595 1490 778 1559 'sacerdotiis
807 1500 840 1557 et
866 1512 933 1557 non
961 1489 1030 1555 iam
1054 1488 1093 1556 in
1116 1509 1231 1580 posses-

190 1680 290 1738 velato
312 1702 368 1739 non
391 1682 566 1760 sequentibus
582 1701 641 1740 ver·

190 1767 235 1826 his
262 1768 312 1826 sed
337 1772 411 1828 lr'tuo
442 1768 641 1844 adiungendum

191 1864 242 1914 est.
273 1886 306 1897 -
337 1857 445 1915 Deinde
473 1858 640 1914 restituimus

190 1939 240 1999 PII
259 1953 286 1999 et
303 1943 362 2004 rell.
384 1947 575 2020 mscriptorom
593 1964 639 2000 au·

192 2031 317 2087 ctoritate
329 2033 435 2089 caedet
446 2043 473 2089 ct
481 2034 577 2108 copied
588 2052 638 2108 pro

190 2118 302 2174 caedat
319 2128 346 2174 et
364 2121 470 2194 capiat,
488 2119 561 2195 qood
574 2120 640 2175 scri·

190 2203 309 2261 bendum
340 2206 483 2263 videbatur
513 2217 543 2263 ut
578 2227 643 2262 con·

192 2291 328 2347 iunctivus
364 2292 460 2348 horum
497 2294 640 2350 verborum

191 2377 275 2432 verbo
303 2380 501 2452 conspiciatur
528 2400 640 2457 respon·

193 2460 283 2518 deret:
300 2463 349 2519 scd
368 2467 640 2544 praeterquamquod

189 2551 358 2606 coniunctivi
376 2555 526 2627 praesentis
544 2573 641 2612 sensus

119 2697 121 2701 y
144 2680 149 2687 .
188 2635 225 2691 sb
243 2636 389 2694 indicativo
402 2638 486 2696 futuri
499 2661 554 2698 non
566 2662 641 2699 num-

192 2742 273 2801 quam
290 2727 337 2783 vix
353 2725 497 2797 obhorret,
515 2729 641 2807 permulti

188 2830 301 2888 quoque
318 2810 373 2870 loci
392 2814 500 2886 docent,
517 2819 641 2895 inprimis

191 2893 300 2955 Livium
318 2899 371 2956 hoc
388 2921 485 2976 genere
497 2906 640 2961 mutandae

192 2987 324 3042 orationis
351 3008 429 3044 usum
452 3010 520 3049 esse.
552 2992 585 3050 ci.
608 2996 640 3061 9,

192 3072 252 3129 ro:
274 3074 321 3148 qui
338 3104 368 3114 -
381 3076 567 3151 inquinaverat
589 3089 640 3139 cet.

192 3157 220 3227 9,
238 3159 296 3218 23.ε
315 3159 383 3217 ferte
401 3193 436 3204 -
448 3165 640 3223 incendant·
679 3164 682 3171 ’

192 3247 349 3307 sarcientur.
368 3247 401 3309 aI.
420 3283 455 3293 -
477 3251 507 3308 In
527 3252 604 3313 Leid.
623 3275 641 3316 r.

194 3330 272 3392 Voss.
286 3353 315 3394 11.
339 3335 407 3396 Lov.
424 3343 450 3398 4.
474 3339 507 3400 ol.
534 3341 640 3399 excide·

192 3430 257 3477 runt
272 3423 353 3480 verba
362 3445 419 3498 per·
431 3427 540 3487 urbem.
552 3461 586 3470 —
599 3427 638 3488 M:

196 3510 336 3582 augurium
353 3521 384 3566 ut
402 3532 434 3568 ex
452 3534 513 3571 arce
527 3518 623 3593 capiet.

782 1679 897 1738 dinerirn
915 1678 1006 1739 deum.
1024 1677 1076 1740 Cf.
1096 1681 1126 1748 3,
1146 1680 1187 1737 19.
1204 1707 1232 1717 -

780 1767 812 1824 Iu
825 1767 950 1824 omnihus
961 1787 1052 1845 prope
1063 1766 1153 1825 Drak.
1163 1763 1233 1822 codd.

781 1857 912 1930 scriptum
931 1863 984 1911 est:
1004 1856 1080 1930 „qui
1091 1851 1233 1911 sacerdotii

781 1961 837 1999 uon
860 1943 949 1998 minus
970 1940 1126 1998 reddamus
1147 1941 1233 2016 digua·

782 2030 858 2086 tione
886 2020 978 2084 nostra
1009 2027 1137 2086 honores
1145 2033 1173 2088 “.
1207 2030 1232 2083 in

780 2115 849 2176 Lov.
862 2118 902 2174 ht
923 2114 1139 2184 „sacerdotio“.
1157 2125 1184 2172 et
1195 2114 1233 2174 vel
1274 2116 1277 2125 '

781 2205 812 2261 in
829 2202 880 2260 PII
901 2206 1073 2280 repperimus
1094 2204 1231 2261 honores.

782 2290 854 2361 „Ich
880 2290 954 2347 hoffe
980 2309 1043 2346 man
1072 2292 1149 2348 wird
1180 2291 1232 2357 das,

781 2398 840 2434 was
866 2380 919 2435 wir
946 2378 1032 2435 durch
1060 2378 1113 2435 das
1140 2377 1232 2435 Wohl·

782 2464 882 2523 wolleu
907 2464 955 2520 de's
977 2472 1049 2524 rona
1066 2465 1169 2524 Voiires
1191 2485 1231 2539 ge·

781 2551 896 2609 worden
922 2538 1000 2620 sind{
1025 2572 1059 2609 so
1090 2552 1164 2610 hoch
1189 2572 1230 2610 en-

780 2638 924 2715 chlagen,
947 2638 1011 2696 dass
1030 2640 1086 2697 den
1104 2640 1228 2698 Priestcr·

782 2727 896 2784 whrdeo
919 2726 1004 2784 durch
1027 2725 1229 2801 unomen-Adel

783 2816 860 2873 nicht
876 2817 997 2889 weniger
1014 2815 1089 2873 Ehre
1107 2837 1143 2873 su
1154 2813 1228 2872 'thet

781 2902 894 2960 werden
911 2902 1007 2960 winde
1025 2902 1065 2959 als
1087 2903 1176 2960 durch
1192 2904 1228 2959 sie

782 2991 832 3048 aui
846 3011 896 3047 uns
914 2990 1066 3066 dhergehcn
1083 2981 1229 3050 tannia-

783 3076 861 3136 Leid.
877 3097 895 3138 1.
919 3077 998 3138 Voss.
1016 3098 1045 3138 11.
1074 3077 1124 3138 ah:
1151 3099 1227 3156 expe-

782 3173 894 3227 ctamus.
908 3198 942 3208 -
960 3164 997 3223 P:
1015 3175 1071 3235 „ut
1087 3186 1160 3244 quos
1176 3167 1229 3244 pri-

783 3253 1230 3330 notimpublicecolamus=“hood

781 3341 840 3396 seio
854 3344 893 3396 'an
916 3345 1006 3398 verius
1030 3339 1158 3418 quamdi
1178 3349 1231 3409 „ut

759 3447 851 3505 .quos
880 3430 1007 3506 priuatim
1036 3427 1154 3486 colimus
1182 3448 1230 3505 pu·

782 3513 853 3572 blico
871 3515 1021 3576 colamus“.
1055 3543 1059 3548 ·

141 3591 249 3668 4,,ᾳυί
270 3598 458 3655 sustinebunt
480 3602 641 3681 legentium
712 3601 756 3662 11.
784 3610 814 3660 et
830 3622 891 3660 noo
913 3605 1022 3661 iamin
1036 3603 1229 3678 possessione

193 3681 289 3738 oculi.-
300 3682 338 3756 Ρ]
347 3705 400 3742 non
411 3689 582 3745 sustinebunt
592 3701 642 3752 cet.

193 3764 232 3836 (P
244 3787 280 3828 ur.
292 3771 318 3829 2.
329 3770 357 3828 sd
368 3772 425 3833 rell.
434 3778 457 3844 ).
476 3774 507 3831 In
521 3775 599 3836 Voss.
612 3796 641 3836 u.

124 3866 127 3871 ·
193 3850 640 3939 honunnorrscriptumnonest.

139 3940 167 4000 6.
196 3940 380 4004 sacerdotis:
411 3947 449 4020 P]
479 3951 639 4007 sacerdotiis

194 4023 260 4107 (Il).
280 4027 323 4089 Cf.
334 4035 360 4101 8,
373 4036 412 4093 1.:
431 4055 492 4094 cum
505 4039 639 4114 querirno-

192 4113 245 4173 nis.
275 4144 310 4159 —
338 4117 373 4175 1³2
396 4122 522 4198 equidem
545 4143 638 4201 pacem

783 3692 872 3749 onim
901 3680 1106 3766 amplissimae
1136 3707 1231 3746 socer·

782 3777 859 3835 dotto·
874 3779 903 3833 in
921 3777 943 3833 Ρ
961 3786 988 3832 et
1005 3779 1033 3833 iu
1053 3775 1115 3836 cod.
1134 3775 1231 3836 Klocir.
1308 3807 1309 3818 π

779 3865 912 3940 scripturn
930 3874 971 3920 est
989 3875 1019 3920 ut
1031 3858 1151 3920 dubitari
1169 3870 1230 3941 pos·

781 3952 819 4007 sit
845 3971 880 4008 an
902 3971 964 4009 vero
987 3953 1121 4028 scriptura
1150 3950 1232 4007 fuerit

780 4039 883 4106 „unius
902 4038 983 4116 ampli
1000 4039 1086 4095 simos
1103 4038 1231 4095 sacerdo·

732 4192 737 4209 x
779 4125 812 4182 tii
817 4129 843 4185 ⁴⁴.
861 4124 911 4183 red
923 4127 1045 4205 quamvis
1057 4124 1113 4183 dici
1124 4134 1231 4216 posset,
