2818 4728
541 239 545 244 ’
573 251 683 312 LIBER
701 249 737 315 X
1143 245 1206 316 631

99 437 177 482 rum
197 414 329 505 quando
350 436 392 482 ne
415 435 453 480 ea
475 437 607 507 quoque
628 425 784 507 temptate
805 416 853 484 vis
874 413 1051 508 proficeret,
1073 419 1207 489 consilio

96 518 357 610 grassandum
331 541 359 585 ιι
380 515 510 586 nihil
479 543 563 588 vnes
584 519 730 642 iuvarent
752 531 839 590 ratrrs
859 519 1045 612 Scipionem
1065 521 1207 643 legatum

96 623 263 704 hastatos
262 623 394 715 primae
421 622 555 715 legionis
582 599 770 693 subtrahere
797 649 840 694 ex
868 625 936 694 scie
965 637 998 695 et
1024 626 1066 694 sd
1086 627 1205 695 montis

95 729 267 819 proximos
290 752 388 819 quam
403 739 515 820 posset
530 728 745 798 occultissime
760 730 997 800 circumducere
1011 729 1109 815 iubet,
1130 731 1204 800 inde

96 855 236 900 ascensu
258 832 365 901 obdito
389 857 408 902 o
430 845 606 926 conspectu
629 833 748 924 erigere
770 835 951 908 inmontes
980 831 1095 927 agnren
1117 858 1233 914 aver-5

95 963 203 1028 soque
225 937 311 1006 hosti
333 936 373 1004 ab
396 949 486 1030 tergo
509 949 643 1030 repente
663 962 699 1006 se
718 941 897 1009 cotendere.
922 940 1046 1032 equites
1069 939 1203 1007 ducibus

92 1043 231 1110 tribunis
253 1042 339 1110 haud
361 1044 464 1112 multo
493 1044 567 1134 plus
589 1043 735 1111 hostibus
763 1068 862 1135 quem
884 1043 950 1112 suis
972 1068 1015 1113 ex
1038 1045 1201 1134 inproviso

93 1158 171 1216 ante
192 1147 282 1239 signa
304 1147 408 1216 evecti
428 1147 645 1240 praebuerunt
671 1148 843 1216 tumultus:
876 1149 1029 1218 adversus
1056 1150 1201 1228 incitatas

92 1263 218 1320 turmas
240 1252 327 1320 stetit
347 1252 468 1320 inmota
490 1253 682 1322 Samnitium
711 1253 795 1321 acies
824 1276 885 1320 nec
912 1264 1004 1345 porte
1031 1254 1096 1320 ulla
1124 1251 1201 1344 pelli

94 1367 154 1424 sut
174 1356 338 1447 penumpi
366 1359 486 1448 potuit:
520 1370 554 1428 et
579 1370 754 1450 postquem
779 1358 909 1426 inritum
936 1353 1101 1449 inceptum
1123 1369 1200 1442 eret,
1213 1377 1248 1434 10

90 1463 214 1552 recepti
242 1473 317 1552 post
344 1463 433 1554 signa
459 1465 584 1554 proelio
615 1447 832 1535 excesserunt.
871 1464 971 1533 crevit
1003 1488 1046 1532 ex
1077 1488 1117 1531 eo
1144 1462 1201 1530 ho-

89 1568 190 1672 stium
213 1567 353 1650 animus,
380 1590 441 1636 nee
463 1567 620 1637 sustinere
648 1568 736 1636 lrons
758 1566 951 1658 primatem
979 1567 1113 1660 longum
1135 1591 1200 1636 cer·

164 1767 231 1816 reret
259 1741 374 1824 docent:
403 1778 511 1828 ,,ιιιειιη
540 1759 610 1817 euch

162 1844 376 1905 dieserVersuch
388 1845 432 1904 die
438 1846 525 1904 Seehe
534 1847 611 1905 nicht

162 1933 272 1990 ldrdern
306 1932 422 1992 sollte‘⁸:
458 1935 500 1990 sic
529 1938 610 1992 etiem

160 2019 232 2096 apud
249 2038 300 2076 nos
311 2039 396 2077 menn
407 2029 434 2076 et
445 2040 532 2080 monn
545 2041 609 2079 con-

160 2106 238 2165 lundi
256 2105 353 2168 solent.
389 2106 497 2166 Deinde
518 2111 609 2167 minus

161 2195 233 2254 forte
250 2193 353 2252 dictum
371 2205 412 2252 est
425 2215 463 2254 ne
481 2217 518 2254 ee
535 2217 608 2274 quo·

154 2273 219 2360 'que
235 2281 328 2352 „such
341 2281 399 2342 dies
412 2283 510 2341 nicht“
527 2303 609 2362 quem

162 2391 199 2428 ne
217 2391 254 2428 eo
277 2370 398 2444 quidem
422 2371 530 2441 „selbot
549 2371 608 2429 dies

157 2458 234 2515 nicht
251 2457 386 2526 einmsl“,
408 2459 482 2536 quod
505 2459 607 2536 signifi·

159 2555 242 2611 caret,
259 2545 327 2604 nihil
341 2544 479 2606 dubitasse
491 2546 606 2606 Fabium

158 2634 194 2689 do
205 2652 337 2709 prospero
351 2635 483 2710 equestris
499 2627 606 2710 pugneo

158 2726 264 2775 eventu.
282 2715 329 2774 illo
347 2718 432 2776 altero
450 2739 532 2776 sensu
549 2737 605 2777 non

158 2823 303 2881 numquam
326 2813 385 2861 nec'
402 2805 474 2883 apud
497 2805 605 2864 Livium

113 2923 119 2936 ι
158 2893 289 2969 scriptum
306 2890 430 2949 videmus
445 2892 496 2961 (cl
508 2894 535 2961 5,
547 2897 605 2953 33.

157 2999 230 3050 „nec
266 2997 327 3036 eum
360 2981 559 3058 incormptum‘
561 2985 607 3051 6)ι

156 3022 295 3146 idqoolr.
323 3068 404 3124 etiem
434 3065 605 3128 leodicum

159 3154 236 3214 Leid.
256 3173 273 3213 ι.
292 3162 319 3208 et
336 3153 410 3215 Harl.
427 3175 482 3215 rec.
499 3153 605 3213 librarii

157 3243 241 3299 scribi
252 3241 395 3300 voluerunt
414 3261 486 3312 „nec
497 3262 528 3300 er
537 3263 604 3321 qno

156 3333 241 3404 que“‚
262 3328 336 3403 quod
353 3339 466 3408 propter
483 3350 605 3407 quoque

27 3427 36 3436 ·
155 3413 325 3493 probrddom
342 3435 398 3473 non
412 3427 461 3478 est.
479 3416 524 3477 cl.
536 3438 602 3495 quo·

157 3522 211 3580 que
229 3506 260 3572 9,
278 3504 318 3561 fin
340 3503 391 3560 sed
408 3523 443 3561 ne
461 3512 491 3562 ιιι
509 3505 603 3562 oculos

155 3589 265 3668 quidem
282 3589 444 3651 attollerent.
464 3623 501 3636 -
526 3591 549 3648 P
567 3613 603 3651 m.

157 3681 196 3736 1.:
220 3679 324 3754 primae
345 3677 475 3755 legiones.
505 3698 540 3737 m.
563 3681 603 3737 Ἅι

156 3764 278 3843 legionis.
307 3764 348 3824 ll:
371 3787 404 3826 ex
422 3768 504 3826 eciee.
522 3797 556 3808 -
579 3765 603 3822 P

157 3873 192 3913 ιιι.
216 3857 255 3915 1.:
278 3863 305 3910 et
327 3853 363 3912 sd
385 3857 476 3913 motis.
504 3873 540 3913 m.
563 3855 601 3912 2:

156 3943 265 4001 montis.
283 3941 325 4000 ld:
346 3951 459 4001 montes.
482 3974 515 3984 -
540 3940 601 3999 Plll:

155 4047 236 4101 quem
277 4039 371 4106 posset
411 4028 600 4086 occultissime.

155 4112 235 4177 Voss.
251 4135 278 4176 ιι.
303 4116 351 4178 ol:
377 4121 483 4196 queque
508 4123 602 4195 posset
663 4162 671 4174 .

753 1755 944 1822 occultissime.
955 1789 989 1800 -
1001 1756 1039 1815 lll:
1051 1756 1199 1816 circumdu-

752 1845 851 1903 dncere
864 1837 954 1906 iubet.¹
965 1843 1042 1906 laeid.
1051 1865 1069 1906 1.
1081 1844 1160 1904 Voss.
1170 1864 1199 1905 ιι.

751 1931 820 1993 Lov.
833 1935 858 1992 d.
878 1932 928 1993 alt
946 1931 1045 1990 ducere
1062 1933 1145 1991 iubet.
1164 1962 1199 1974 -
1222 1919 1226 1932 „

750 2019 814 2078 PM:
840 2019 905 2077 inde
929 2039 1042 2078 escensu
1065 2020 1157 2078 abdito
1183 2039 1199 2076 e

751 2117 899 2186 conspectu
922 2110 1024 2183 erigere
1041 2109 1070 2163 in
1093 2115 1199 2163 montes

750 2213 858 2271 egmcm
877 2193 971 2266 „deun
984 2193 1033 2251 aul
1048 2196 1122 2249 einer
1136 2212 1199 2251 vom
1226 2265 1234 2271 ο

749 2281 852 2340 Foinde
864 2281 1058 2360 obgewendten
1067 2281 1141 2348 Seite
1154 2280 1199 2346 die

748 2367 877 2448 Truppeo
896 2369 945 2426 aul
959 2368 1004 2426 die
1022 2367 1118 2426 Htilren
1136 2367 1197 2423 hin·
1218 2417 1230 2444 N

748 2456 925 2524 eolzuldhren
948 2455 1005 2514 und
1027 2455 1086 2512 sich
1110 2452 1197 2532 plou-

748 2543 804 2604 lich
817 2544 972 2602 demselben
990 2545 1026 2614 im
1040 2541 1151 2600 Riclen
1163 2561 1197 2598 eu

748 2635 875 2709 seigen“.

693 2722 720 2780 7.
747 2717 834 2776 haud
855 2720 947 2777 multe
968 2721 1039 2795 plue
1061 2718 1196 2776 hostibus

749 2825 840 2882 quem
870 2807 936 2862 suis
966 2825 1007 2861 en:
1043 2805 1195 2878 inprouiso
1250 2805 1256 2816 ”

691 2897 693 2904 ’
748 2900 817 2956 onte
835 2893 925 2970 sIgno
948 2893 1043 2950 euecti
1055 2890 1196 2966 praebue-

745 2986 816 3035 runt
832 2979 993 3038 tumultus:
1010 2977 1033 3036 P
1051 2997 1087 3038 m.
1105 2979 1130 3035 2.
1149 2975 1194 3035 lll:

746 3064 825 3136 „den
842 3063 923 3124 llrren
941 3065 994 3124 last
1011 3067 1079 3123 eben
1097 3084 1128 3122 so
1146 3084 1203 3148 ιιιι-Ι

746 3163 875 3211 erwrrlet
891 3155 947 3211 wle
971 3154 1023 3211 den
1040 3151 1193 3210 Feinden“.

706 3240 711 3254 '
745 3273 779 3283 -
798 3240 821 3297 P
838 3261 873 3307 m.
893 3246 934 3301 1.:
952 3251 1014 3299 ente
1026 3243 1194 3320 signem-ee·

745 3329 870 3394 buerunt.

675 3417 718 3475 12.
743 3436 798 3473 nee
814 3416 964 3474 sustinere
980 3415 1076 3489 frons
1094 3416 1194 3491 prinus

743 3512 806 3560 tem
831 3505 955 3583 longum
975 3512 1124 3564 eeriemen
1149 3503 1193 3558 ίιι-

744 3600 983 3668 crescentemque
1000 3590 1117 3666 fidutia
1143 3589 1194 3646 sui

745 3681 807 3736 uim
821 3679 984 3754 potursset:
1001 3677 1036 3736 tl.
1050 3707 1083 3718 -
1096 3676 1132 3734 P:
1141 3679 1191 3748 'ln-

743 3774 907 3822 crescentom
935 3765 998 3843 quia
1024 3761 1122 3822 fidncia
1147 3765 1191 3821 eui

744 3853 852 3911 uim-
864 3851 927 3910 Pll:
945 3849 974 3910 ni
991 3850 1191 3916 secundracies

742 3940 819 3996 iussu
838 3947 893 3999 coi.
911 3942 940 3997 in
953 3943 1069 4018 primum
1084 3957 1189 3998 succes·
1250 3974 1253 4004 ,

743 4028 833 4087 risset.
852 4026 922 4087 God.
931 4027 988 4102 sig.
997 4026 1095 4104 aliique
1105 4045 1188 4084 rece:

743 4115 771 4172 in
788 4117 912 4192 primam.
943 4114 987 4177 cl.
1005 4119 1031 4188 3,
1049 4117 1109 4174 sur
1126 4133 1188 4191 pro·
