2618 4590
142 205 147 209 ’
168 196 239 291 ‘ms

635 236 743 297 ttntttt
760 237 817 297 llll.

113 376 117 384 ¹
177 401 301 492 busque
325 403 434 472 datrrm
455 414 492 470 ut
512 401 704 493 praesidium
726 424 766 468 eo
788 401 820 466 in
842 399 973 467 hiberna
994 399 1189 480 mitteretur,
1211 421 1271 487 quo

175 505 364 574 Samnitium
387 507 590 574 excursiones
620 516 810 573 arcerentur.
849 504 913 570 iam
940 515 1010 571 tum
1036 503 1169 569 minime
1197 502 1270 569 salu·

177 609 241 676 bris
263 611 389 677 militari
411 611 594 700 disciplinae
610 611 721 700 Capua
742 610 952 679 instrumento
975 609 1120 676 omnium
1132 607 1276 698 volupta-v

174 712 254 779 tium
282 715 437 783 delenitos
465 716 602 782 militum
631 715 753 782 animos
783 713 894 780 avertit
922 739 940 780 a
968 713 1123 781 memoria
1146 713 1269 803 patriae,

139 817 396 911 tinibanturque
421 820 552 887 consilia
574 821 607 886 in
634 819 772 888 hibernis
801 818 916 886 eodem
944 820 1065 887 scelere
1088 816 1268 895 adimendae

175 920 347 1012 Campanis
371 925 509 1015 Capuae,
531 948 590 1015 per
606 925 693 1015 quod
715 925 761 991 illi
776 948 846 991 eam
862 925 998 1016 antiquis
1015 923 1191 991 cultoribus
1206 922 1268 988 ade

173 1026 319 1096 inissent:
357 1053 463 1119 neque
491 1030 637 1099 inmerito
660 1054 755 1097 sunm
782 1029 924 1118 ipsorum
947 1028 1132 1118 exemplum
1160 1029 1194 1094 in
1219 1050 1268 1095 eos

175 1155 359 1215 versurum:
383 1157 440 1199 cur
462 1145 570 1200 autem
591 1135 697 1225 potius
721 1133 875 1224 Campani
897 1159 1008 1226 agrum
1029 1133 1137 1203 ltaliae
1160 1131 1268 1200 uberri-

173 1259 265 1301 mum
287 1237 414 1327 dignam
438 1263 513 1327 agro
536 1238 663 1322 urbem,
691 1241 746 1330 qui
772 1264 833 1306 nec
856 1263 891 1306 se
918 1263 979 1306 nec
1001 1261 1058 1304 sua
1086 1237 1184 1304 tutari
1204 1259 1269 1327 pos

126 1354 160 1407 10
173 1351 253 1422 sent,
275 1365 373 1430 quam
387 1343 488 1410 victor
510 1343 667 1410 exercitus
690 1343 831 1427 haberet,
854 1344 909 1435 qui
930 1368 990 1410 suo
1013 1342 1131 1409 sudore
1155 1365 1193 1408 ac
1208 1365 1270 1407 san-

173 1445 267 1534 guine
289 1441 362 1513 iride
385 1445 544 1531 Samnites
567 1447 760 1537 depulisset?
791 1474 832 1514 an
854 1472 994 1538 aequum
1015 1469 1087 1513 esse
1111 1446 1272 1513 dediticios

172 1571 249 1615 suos
272 1550 325 1617 illa
353 1550 512 1619 fertilitate
541 1563 637 1643 atque
667 1553 856 1620 amoenitate
879 1552 1012 1642 perfrui,
1047 1575 1082 1618 se
1110 1536 1272 1618 militando

172 1651 274 1720 fessos
297 1654 329 1720 in
351 1655 512 1746 pestilenti
534 1668 630 1748 atque
653 1658 741 1725 arido
764 1657 847 1725 circa
869 1658 982 1724 urbem
1005 1657 1076 1723 solo
1092 1655 1208 1723 luctari
1222 1665 1287 1739 autx

241 1811 349 1872 vellent.
380 1834 440 1871 cum
458 1816 540 1889 igitur
558 1817 587 1871 in
606 1817 689 1871 omni·

75 1911 81 1931 ⁴
184 1974 189 1983 θ
241 1899 291 1956 bue
308 1901 428 1960 Liuianis
448 1902 527 1961 codd.
546 1912 573 1958 et
590 1902 622 1957 ab
637 1901 688 1958 Ca-

240 2005 294 2063 pua
313 1997 340 2042 et
362 1991 394 2046 alr
414 1990 512 2047 Suessa
534 1989 635 2064 legatos
654 1989 689 2045 ad

240 2061 404 2149 praesidium
417 2078 562 2156 petendum
574 2076 688 2134 Romam

242 2164 340 2218 missus
359 2185 418 2220 esse
435 2164 567 2239 legamus,
586 2185 636 2221 nee
655 2165 688 2221 ab

240 2247 284 2305 his
301 2248 380 2305 libris
397 2271 484 2307 rerum
502 2255 570 2308 ratio
590 2251 687 2308 abhor-

241 2354 301 2389 rere
313 2336 443 2404 videatur,
462 2341 624 2413 optimorum
643 2360 688 2394 eo·

242 2419 332 2477 dicum
345 2428 489 2480 auctoritas
505 2428 596 2502 potior
608 2447 687 2502 quam

241 2506 385 2581 Sigoniaua
417 2515 570 2569 coniectura
600 2514 686 2570 videri

226 2595 329 2657 dehet.
358 2597 401 2656 Cf.
420 2598 478 2657 Cic.
496 2599 564 2660 Phil.
584 2604 627 2670 13,
645 2605 686 2660 8.:

239 2681 416 2758 lautissimum
443 2688 585 2765 oppidum,
615 2710 687 2746 nunc

240 2773 424 2849 municipium,
434 2773 685 2832 honestissimorum

240 2860 375 2935 quondam
393 2860 549 2920 colonorum
568 2863 643 2934 (Liv.
658 2870 683 2932 9,

239 2949 314 3015 28),
333 2948 459 3007 Suessam
477 2953 685 3008 fortissimorum

167 3100 171 3105 η
240 3035 684 3114 militumsanguineinplevitlscil.

187 3473 213 3530 3.

239 3121 393 3192 Antonius).
422 3125 471 3183 Sil.
490 3125 547 3182 ltal.
566 3131 592 3192 8,
610 3129 685 3184 397.:

240 3208 390 3284 detritaque
418 3210 495 3267 bellis
518 3211 625 3271 Suessa.
651 3212 684 3267 al.

240 3326 274 3338 —-
305 3296 381 3357 Leid.
399 3319 417 3357 r.
441 3298 487 3359 al.:
511 3301 539 3354 iu
563 3299 685 3356 hibernia

239 3385 391 3443 mitteretur
409 3418 442 3427 -
462 3398 590 3447 arcerent.

241 3475 434 3532 instrumento
455 3475 582 3531 oninium
602 3477 684 3531 uoln-

236 3563 361 3632 ptatinm
386 3563 533 3618 delenitos
559 3565 684 3618 militnm

238 3648 354 3703 nnineos
390 3652 513 3705 auertit:
551 3649 607 3707 Plll.
648 3682 682 3691 —
710 3651 737 3695 Ὠ

238 3731 315 3801 Leid.
339 3754 370 3791 1.:
409 3736 553 3794 delenitum
583 3737 681 3792 milites

238 3821 352 3879 animos.
378 3853 412 3862 -
439 3822 480 3879 tll:
501 3824 612 3880 consilia
631 3827 680 3881 iai·

238 3909 337 3965 bernis.
356 3940 390 3951 -
409 3908 475 3966 Plll:
494 3932 579 3989 neque
597 3914 682 3968 inme·

235 3998 288 4054 rito
307 4016 384 4052 suum
392 3997 517 4073 ipsorum
531 3998 680 4076 exemplum

234 4085 263 4138 in
281 4104 327 4140 eos
346 4105 493 4145 uersurum.
518 4086 561 4145 Cl.
575 4088 602 4153 2,
623 4088 680 4144 dl:

830 1817 917 1877 omnir
935 1818 975 1871 ira
993 1813 1056 1870 belli
1078 1813 1112 1870 ad
1124 1812 1275 1892 populatio·

829 1925 891 1961 nem
909 1904 966 1978 agri
985 1904 1074 1961 vertit.

777 1993 803 2050 9.
831 1994 957 2067 quince
979 2011 1013 2046 se
1038 2011 1091 2046 nec
1109 2009 1168 2046 sna
1186 1990 1278 2044 tutori

827 2087 965 2155 possent:
983 2075 1010 2132 lll
1027 2076 1101 2159 Harl.
1120 2097 1138 2135 1.
1157 2075 1238 2136 Voss.
1251 2095 1276 2135 11.

829 2165 864 2220 al.
891 2196 925 2205 -
953 2163 1015 2220 Non
1037 2165 1117 2230 video
1141 2166 1190 2241 qui
1208 2164 1277 2219 Dra·

828 2252 1007 2308 lreuborchius
1028 2253 1158 2325 possint,
1187 2271 1277 2328 quam·

828 2341 870 2395 vis
893 2341 973 2396 etiam
995 2341 1024 2395 iu
1042 2338 1064 2394 P
1085 2340 1122 2394 ita
1144 2340 1278 2413 scriptum

829 2429 873 2494 sit,
891 2448 941 2504 pro
960 2429 1062 2500 integra
1077 2418 1212 2501 scriptura
1230 2425 1277 2481 ha-

828 2515 892 2569 lrere
918 2515 1044 2588 potuerit.
1073 2542 1107 2553 -
1138 2511 1218 2569 Leid.
1244 2533 1276 2573 1.:

828 2611 950 2678 possunt.
978 2632 1012 2642 -
1040 2598 1123 2655 Paule
1151 2609 1215 2655 ante
1232 2598 1276 2656 lll:

827 2690 962 2745 uberrima
987 2686 1077 2760 dignu.
1104 2720 1138 2729 -
1166 2686 1278 2743 Deinde

827 2775 888 2832 Plll:
908 2773 1064 2855 depulisset.
1081 2773 1109 2830 ld
1120 2795 1157 2834 m.
1170 2778 1211 2835 4.:
1229 2774 1276 2836 ,de-

826 2863 949 2942 pulisset.

759 2954 802 3013 11.
830 2972 871 3007 en
888 2971 1017 3028 aequum
1037 2970 1118 3007 esse:
1135 2947 1166 3007 P.
1179 2979 1215 2989 -
1234 2945 1276 3004 lll:
1295 2938 1299 2945 ’

827 3042 912 3108 „ania
928 3041 932 3109 Ι
949 3058 1046 3114 equum
1056 3035 1158 3094 e'rE‘er.
1170 3055 1194 3094 e.
1208 3037 1288 3113 „anit

827 3147 941 3202 aequum
952 3129 1049 3180 esse“:
1068 3133 1097 3180 ut
1109 3122 1224 3179 dubium
1240 3122 1277 3178 sit

828 3235 861 3268 an
879 3214 1004 3268 librarius
1022 3232 1100 3292 anne
1122 3210 1209 3268 scribi
1228 3220 1296 3266 vo·‘

827 3299 915 3362 luerit,
933 3333 966 3341 —
995 3299 1126 3357 Pm.1.:
1156 3296 1276 3353 deditior

826 3408 899 3446 suos.
918 3408 952 3446 m.
972 3390 1011 3445 (λε
1031 3386 1162 3443 dedicios.

756 3478 799 3536 13.
827 3478 857 3532 in
877 3477 1041 3550 pestilenti]
1065 3477 1093 3529 in
1120 3471 1276 3550 pestilente.

826 3596 860 3605 —
881 3559 1122 3621 PHarl.1.Leid.
1142 3580 1160 3618 1.
1185 3558 1276 3616 multi·

824 3671 877 3726 que
895 3649 955 3706 alii:
974 3653 1001 3704 in
1014 3649 1173 3725 pestilentia
1190 3657 1283 3724 etque·

826 3737 911 3794 arido.
930 3770 963 3779 -
992 3735 1132 3795 ttlm.1.:
1157 3738 1210 3804 „in
1229 3755 1276 3813 pe·

823 3824 939 3880 stilentie
957 3833 1036 3898 atquc
1055 3823 1171 3895 arido‘tr
1200 3821 1276 3900 quod

823 3911 918 3968 eodem
945 3911 1042 3966 mendo
1073 3912 1206 3984 seriptum
1235 3919 1276 3965 est

822 4018 876 4074 quo
895 4003 922 4065 7,
939 4000 983 4055 39.
1007 3998 1036 4052 in
1055 3995 1076 4052 F
1095 3995 1274 4064 „lecissetru-

823 4087 977 4161 riacagere“
995 4103 1047 4162 pro
1065 4083 1204 4162 „lecisset
1216 4085 1274 4140 ruri
