<?xml version="1.0" encoding="UTF-8"?>
<!DOCTYPE html PUBLIC "-//W3C//DTD XHTML 1.0 Transitional//EN"
    "http://www.w3.org/TR/xhtml1/DTD/xhtml1-transitional.dtd">
<html xmlns="http://www.w3.org/1999/xhtml" xml:lang="en" lang="en">
 <head>
  <title>
</title>
<meta http-equiv="Content-Type" content="text/html;charset=utf-8" />
  <meta name='ocr-system' content='tesseract 3.04.00' />
  <meta name='ocr-capabilities' content='ocr_page ocr_carea ocr_par ocr_line ocrx_word'/>
</head>
<body>
  <div class='ocr_page' id='page_1' title='image "./titilivirerumro01alscgoog_0150.png"; bbox 0 0 2618 4590; ppageno 0'>
   <div class='ocr_carea' id='block_1_1' title="bbox 468 267 1173 354">
    <p class='ocr_par' dir='ltr' id='par_1_1' title="bbox 468 267 1173 354">
     <span class='ocr_line' id='line_1_1' title="bbox 468 267 1173 354; baseline -0.004 -14"><span class='ocrx_word' id='word_1_1' title='bbox 468 344 471 354; x_wconf 33' lang='grc' dir='ltr'>Ι</span> <span class='ocrx_word' id='word_1_2' title='bbox 537 279 647 340; x_wconf 69' lang='lat' dir='ltr'><strong>amsla</strong></span> <span class='ocrx_word' id='word_1_3' title='bbox 662 280 709 343; x_wconf 80' lang='lat' dir='ltr'><strong>Vl</strong></span> <span class='ocrx_word' id='word_1_4' title='bbox 1109 267 1173 337; x_wconf 83' lang='lat'><strong>133</strong></span> 
     </span>
    </p>
   </div>
   <div class='ocr_carea' id='block_1_2' title="bbox 26 443 1256 1691">
    <p class='ocr_par' dir='ltr' id='par_1_2' title="bbox 26 443 1256 1691">
     <span class='ocr_line' id='line_1_2' title="bbox 74 443 1171 516; baseline 0.005 -6"><span class='ocrx_word' id='word_1_5' title='bbox 74 445 132 511; x_wconf 77' lang='lat' dir='ltr'><strong>ista</strong></span> <span class='ocrx_word' id='word_1_6' title='bbox 153 467 219 512; x_wconf 91' lang='lat' dir='ltr'><strong>non</strong></span> <span class='ocrx_word' id='word_1_7' title='bbox 242 444 478 512; x_wconf 76' lang='lat' dir='ltr'><strong>contemnendo</strong></span> <span class='ocrx_word' id='word_1_8' title='bbox 506 443 643 510; x_wconf 82' lang='lat' dir='ltr'><strong>maiores</strong></span> <span class='ocrx_word' id='word_1_9' title='bbox 670 445 766 512; x_wconf 78' lang='lat' dir='ltr'><strong>vestri</strong></span> <span class='ocrx_word' id='word_1_10' title='bbox 794 445 965 513; x_wconf 72' lang='lat' dir='ltr'><strong>marronam</strong></span> <span class='ocrx_word' id='word_1_11' title='bbox 991 447 1075 516; x_wconf 88' lang='lat' dir='ltr'><strong>hanc</strong></span> <span class='ocrx_word' id='word_1_12' title='bbox 1102 470 1171 516; x_wconf 86' lang='lat' dir='ltr'><strong>rem</strong></span> 
     </span>
     <span class='ocr_line' id='line_1_3' title="bbox 73 548 1171 645; baseline 0.005 -30"><span class='ocrx_word' id='word_1_13' title='bbox 73 549 232 618; x_wconf 76' lang='lat' dir='ltr'><strong>lecerunt:</strong></span> <span class='ocrx_word' id='word_1_14' title='bbox 269 573 355 617; x_wconf 90' lang='lat' dir='ltr'><strong>nunc</strong></span> <span class='ocrx_word' id='word_1_15' title='bbox 376 572 438 621; x_wconf 87' lang='lat' dir='ltr'><strong>nos.</strong></span> <span class='ocrx_word' id='word_1_16' title='bbox 457 559 622 640; x_wconf 81' lang='lat' dir='ltr'><strong>tamquam</strong></span> <span class='ocrx_word' id='word_1_17' title='bbox 643 548 708 617; x_wconf 90' lang='lat' dir='ltr'><strong>iam</strong></span> <span class='ocrx_word' id='word_1_18' title='bbox 728 548 805 616; x_wconf 86' lang='lat' dir='ltr'>nihil</span> <span class='ocrx_word' id='word_1_19' title='bbox 825 573 906 641; x_wconf 88' lang='lat' dir='ltr'><strong>pace</strong></span> <span class='ocrx_word' id='word_1_20' title='bbox 934 553 1067 620; x_wconf 88' lang='lat' dir='ltr'><strong>deorum</strong></span> <span class='ocrx_word' id='word_1_21' title='bbox 1089 578 1171 645; x_wconf 91' lang='lat' dir='ltr'><strong>opus</strong></span> 
     </span>
     <span class='ocr_line' id='line_1_4' title="bbox 72 653 1169 747; baseline 0.004 -28"><span class='ocrx_word' id='word_1_22' title='bbox 72 655 123 738; x_wconf 83' lang='lat' dir='ltr'><strong>sit,</strong></span> <span class='ocrx_word' id='word_1_23' title='bbox 145 678 258 720; x_wconf 87' lang='lat' dir='ltr'><strong>omncs</strong></span> <span class='ocrx_word' id='word_1_24' title='bbox 281 654 486 722; x_wconf 87' lang='lat' dir='ltr'><strong>caerimonias</strong></span> <span class='ocrx_word' id='word_1_25' title='bbox 507 655 692 745; x_wconf 87' lang='lat' dir='ltr'><strong>polluimus.</strong></span> <span class='ocrx_word' id='word_1_26' title='bbox 727 653 824 745; x_wconf 82' lang='lat' dir='ltr'><strong>vulgo</strong></span> <span class='ocrx_word' id='word_1_27' title='bbox 841 678 918 747; x_wconf 80' lang='lat' dir='ltr'><strong>ergo</strong></span> <span class='ocrx_word' id='word_1_28' title='bbox 938 658 1102 746; x_wconf 71' lang='lat' dir='ltr'><strong>pontifices</strong></span> <span class='ocrx_word' id='word_1_29' title='bbox 1117 682 1169 725; x_wconf 87' lang='lat' dir='ltr'><strong>au-</strong></span> 
     </span>
     <span class='ocr_line' id='line_1_5' title="bbox 71 758 1169 850; baseline 0.006 -28"><span class='ocrx_word' id='word_1_30' title='bbox 71 781 167 846; x_wconf 84' lang='lat' dir='ltr'><strong>gures</strong></span> <span class='ocrx_word' id='word_1_31' title='bbox 190 758 356 826; x_wconf 87' lang='lat' dir='ltr'><strong>sacrificuli</strong></span> <span class='ocrx_word' id='word_1_32' title='bbox 375 781 465 849; x_wconf 80' lang='lat' dir='ltr'><strong>regas</strong></span> <span class='ocrx_word' id='word_1_33' title='bbox 480 769 635 842; x_wconf 72' lang='lat' dir='ltr'><strong>maenum,</strong></span> <span class='ocrx_word' id='word_1_34' title='bbox 658 759 788 829; x_wconf 75' lang='lat' dir='ltr'>cuilibet</span> <span class='ocrx_word' id='word_1_35' title='bbox 810 759 937 850; x_wconf 79' lang='lat' dir='ltr'>apicem</span> <span class='ocrx_word' id='word_1_36' title='bbox 948 760 1065 828; x_wconf 76' lang='lat' dir='ltr'><strong>‹lialem</strong></span> <span class='ocrx_word' id='word_1_37' title='bbox 1082 765 1169 829; x_wconf 91' lang='lat' dir='ltr'><strong>dum-</strong></span> 
     </span>
     <span class='ocr_line' id='line_1_6' title="bbox 71 862 1199 956; baseline 0.004 -29"><span class='ocrx_word' id='word_1_38' title='bbox 71 862 172 930; x_wconf 86' lang='lat' dir='ltr'><strong>modo</strong></span> <span class='ocrx_word' id='word_1_39' title='bbox 194 862 293 931; x_wconf 91' lang='lat' dir='ltr'><strong>homo</strong></span> <span class='ocrx_word' id='word_1_40' title='bbox 315 865 356 932; x_wconf 79' lang='lat' dir='ltr'><strong>sii</strong></span> <span class='ocrx_word' id='word_1_41' title='bbox 375 865 574 955; x_wconf 84' lang='lat' dir='ltr'><strong>inponamus,</strong></span> <span class='ocrx_word' id='word_1_42' title='bbox 591 864 758 937; x_wconf 67' lang='lat' dir='ltr'><strong>,tradamus</strong></span> <span class='ocrx_word' id='word_1_43' title='bbox 774 865 886 931; x_wconf 85' lang='lat' dir='ltr'><strong>ancilia</strong></span> <span class='ocrx_word' id='word_1_44' title='bbox 900 866 1076 956; x_wconf 81' lang='lat' dir='ltr'><strong>penetralia</strong></span> <span class='ocrx_word' id='word_1_45' title='bbox 1090 866 1199 933; x_wconf 76' lang='lat' dir='ltr'><strong>deora</strong></span> 
     </span>
     <span class='ocr_line' id='line_1_7' title="bbox 71 966 1183 1061; baseline 0.006 -30"><span class='ocrx_word' id='word_1_46' title='bbox 71 966 271 1059; x_wconf 69' lang='lat' dir='ltr'><strong>duorumque</strong></span> <span class='ocrx_word' id='word_1_47' title='bbox 290 990 400 1037; x_wconf 88' lang='lat' dir='ltr'><strong>curam</strong></span> <span class='ocrx_word' id='word_1_48' title='bbox 422 968 537 1059; x_wconf 86' lang='lat' dir='ltr'><strong>quibus</strong></span> <span class='ocrx_word' id='word_1_49' title='bbox 557 968 649 1036; x_wconf 78' lang='lat' dir='ltr'><strong>nefas</strong></span> <span class='ocrx_word' id='word_1_50' title='bbox 670 979 735 1037; x_wconf 75' lang='lat' dir='ltr'><strong>esta</strong></span> <span class='ocrx_word' id='word_1_51' title='bbox 757 992 826 1035; x_wconf 87' lang='lat' dir='ltr'><strong>nou</strong></span> <span class='ocrx_word' id='word_1_52' title='bbox 844 969 934 1061; x_wconf 80' lang='lat' dir='ltr'><strong>leges</strong></span> <span class='ocrx_word' id='word_1_53' title='bbox 946 970 1183 1060; x_wconf 58' lang='lat' dir='ltr'><strong>auspicatam--</strong></span> 
     </span>
     <span class='ocr_line' id='line_1_8' title="bbox 26 1074 1184 1165; baseline 0.004 -29"><span class='ocrx_word' id='word_1_54' title='bbox 26 1131 31 1136; x_wconf 91' lang='lat'><strong>.</strong></span> <span class='ocrx_word' id='word_1_55' title='bbox 67 1081 187 1153; x_wconf 82' lang='lat' dir='ltr'><strong>rantrrr,</strong></span> <span class='ocrx_word' id='word_1_56' title='bbox 207 1095 274 1140; x_wconf 90' lang='lat' dir='ltr'><strong>nou</strong></span> <span class='ocrx_word' id='word_1_57' title='bbox 295 1074 500 1165; x_wconf 61' lang='lat' dir='ltr'><strong>maff&#39;suatus-</strong></span> <span class='ocrx_word' id='word_1_58' title='bbox 518 1083 680 1158; x_wconf 84' lang='lat' dir='ltr'><strong>crecntur,</strong></span> <span class='ocrx_word' id='word_1_59' title='bbox 701 1097 764 1142; x_wconf 89' lang='lat' dir='ltr'><strong>nec</strong></span> <span class='ocrx_word' id='word_1_60' title='bbox 784 1074 968 1142; x_wconf 80' lang='lat' dir='ltr'><strong>centuriatis</strong></span> <span class='ocrx_word' id='word_1_61' title='bbox 988 1099 1051 1143; x_wconf 83' lang='lat' dir='ltr'><strong>uec</strong></span> <span class='ocrx_word' id='word_1_62' title='bbox 1073 1075 1184 1144; x_wconf 84' lang='lat' dir='ltr'><strong>curia--</strong></span> 
     </span>
     <span class='ocr_line' id='line_1_9' title="bbox 66 1175 1206 1269; baseline 0.009 -28"><span class='ocrx_word' id='word_1_63' title='bbox 66 1175 108 1241; x_wconf 82' lang='lat' dir='ltr'><strong>tis</strong></span> <span class='ocrx_word' id='word_1_64' title='bbox 131 1176 266 1244; x_wconf 81' lang='lat' dir='ltr'><strong>conriiiis</strong></span> <span class='ocrx_word' id='word_1_65' title='bbox 287 1190 394 1269; x_wconf 71' lang='lat' dir='ltr'><strong>patres</strong></span> <span class='ocrx_word' id='word_1_66' title='bbox 417 1191 568 1248; x_wconf 77' lang='lat' dir='ltr'><strong>auctores</strong></span> <span class='ocrx_word' id='word_1_67' title='bbox 590 1181 684 1248; x_wconf 86' lang='lat' dir='ltr'><strong>fiant:</strong></span> <span class='ocrx_word' id='word_1_68' title='bbox 711 1179 842 1247; x_wconf 83' lang='lat' dir='ltr'><strong>Sextius</strong></span> <span class='ocrx_word' id='word_1_69' title='bbox 869 1190 904 1246; x_wconf 79' lang='lat' dir='ltr'><strong>et</strong></span> <span class='ocrx_word' id='word_1_70' title='bbox 923 1178 1071 1249; x_wconf 80' lang='lat' dir='ltr'><strong>Licinius·</strong></span> <span class='ocrx_word' id='word_1_71' title='bbox 1090 1193 1206 1269; x_wconf 67' lang='lat' dir='ltr'><strong>carru:⁸</strong></span> 
     </span>
     <span class='ocr_line' id='line_1_10' title="bbox 65 1280 1176 1376; baseline 0.005 -30"><span class='ocrx_word' id='word_1_72' title='bbox 65 1304 165 1371; x_wconf 89' lang='lat' dir='ltr'><strong>quam</strong></span> <span class='ocrx_word' id='word_1_73' title='bbox 192 1280 350 1353; x_wconf 80' lang='lat' dir='ltr'><strong>Roroulus</strong></span> <span class='ocrx_word' id='word_1_74' title='bbox 377 1307 416 1351; x_wconf 91' lang='lat' dir='ltr'><strong>ac</strong></span> <span class='ocrx_word' id='word_1_75' title='bbox 437 1283 549 1352; x_wconf 79' lang='lat' dir='ltr'><strong>&#39;latius</strong></span> <span class='ocrx_word' id='word_1_76' title='bbox 575 1284 608 1352; x_wconf 90' lang='lat' dir='ltr'><strong>in</strong></span> <span class='ocrx_word' id='word_1_77' title='bbox 633 1284 714 1352; x_wconf 84' lang='lat' dir='ltr'><strong>urbe</strong></span> <span class='ocrx_word' id='word_1_78' title='bbox 740 1285 885 1352; x_wconf 88' lang='lat' dir='ltr'><strong>Romana</strong></span> <span class='ocrx_word' id='word_1_79' title='bbox 912 1296 1060 1375; x_wconf 83' lang='lat' dir='ltr'><strong>regnent,</strong></span> <span class='ocrx_word' id='word_1_80' title='bbox 1093 1286 1176 1376; x_wconf 86' lang='lat' dir='ltr'><strong>quia-</strong></span> 
     </span>
     <span class='ocr_line' id='line_1_11' title="bbox 63 1384 1256 1480; baseline 0.001 -28"><span class='ocrx_word' id='word_1_81' title='bbox 63 1385 217 1476; x_wconf 84' lang='lat' dir='ltr'><strong>pecunias</strong></span> <span class='ocrx_word' id='word_1_82' title='bbox 239 1385 358 1455; x_wconf 86' lang='lat' dir='ltr'><strong>alienas</strong></span> <span class='ocrx_word' id='word_1_83' title='bbox 380 1388 455 1480; x_wconf 87' lang='lat' dir='ltr'><strong>quia</strong></span> <span class='ocrx_word' id='word_1_84' title='bbox 484 1413 576 1480; x_wconf 82' lang='lat' dir='ltr'><strong>agros</strong></span> <span class='ocrx_word' id='word_1_85' title='bbox 602 1389 689 1457; x_wconf 87' lang='lat' dir='ltr'><strong>dono</strong></span> <span class='ocrx_word' id='word_1_86' title='bbox 718 1390 803 1458; x_wconf 70' lang='lat' dir='ltr'><strong>dant.</strong></span> <span class='ocrx_word' id='word_1_87' title='bbox 839 1400 928 1457; x_wconf 78' lang='lat' dir='ltr'><strong>tanta</strong></span> <span class='ocrx_word' id='word_1_88' title='bbox 954 1389 1092 1457; x_wconf 80' lang='lat' dir='ltr'><strong>dulcedo</strong></span> <span class='ocrx_word' id='word_1_89' title='bbox 1118 1401 1168 1457; x_wconf 74' lang='grc' dir='ltr'><strong>εει</strong></span> <span class='ocrx_word' id='word_1_90' title='bbox 1181 1400 1217 1454; x_wconf 83' lang='lat'><strong>1⁰</strong></span> <span class='ocrx_word' id='word_1_91' title='bbox 1252 1384 1256 1401; x_wconf 93' lang='lat'>&#39;</span> 
     </span>
     <span class='ocr_line' id='line_1_12' title="bbox 66 1489 1167 1584; baseline 0.003 -26"><span class='ocrx_word' id='word_1_92' title='bbox 66 1514 110 1558; x_wconf 83' lang='lat' dir='ltr'><strong>cx</strong></span> <span class='ocrx_word' id='word_1_93' title='bbox 133 1489 243 1558; x_wconf 82' lang='lat' dir='ltr'><strong>alienis</strong></span> <span class='ocrx_word' id='word_1_94' title='bbox 264 1492 400 1561; x_wconf 76' lang='lat' dir='ltr'><strong>fortuma</strong></span> <span class='ocrx_word' id='word_1_95' title='bbox 421 1495 609 1584; x_wconf 87' lang='lat' dir='ltr'><strong>praedandi,</strong></span> <span class='ocrx_word' id='word_1_96' title='bbox 641 1519 703 1563; x_wconf 88' lang='lat' dir='ltr'><strong>nec</strong></span> <span class='ocrx_word' id='word_1_97' title='bbox 729 1496 762 1563; x_wconf 92' lang='lat' dir='ltr'><strong>in</strong></span> <span class='ocrx_word' id='word_1_98' title='bbox 789 1505 933 1563; x_wconf 85' lang='lat' dir='ltr'><strong>mentem</strong></span> <span class='ocrx_word' id='word_1_99' title='bbox 953 1495 1042 1564; x_wconf 83' lang='lat' dir='ltr'><strong>venit</strong></span> <span class='ocrx_word' id='word_1_100' title='bbox 1069 1495 1167 1563; x_wconf 83' lang='lat' dir='ltr'><strong>altera</strong></span> 
     </span>
     <span class='ocr_line' id='line_1_13' title="bbox 61 1590 1167 1691; baseline 0.004 -29"><span class='ocrx_word' id='word_1_101' title='bbox 61 1596 136 1688; x_wconf 80' lang='lat' dir='ltr'><strong>loge</strong></span> <span class='ocrx_word' id='word_1_102' title='bbox 157 1590 473 1667; x_wconf 78' lang='lat' dir='ltr'><strong>solitudincs&#39;vastas</strong></span> <span class='ocrx_word' id='word_1_103' title='bbox 492 1599 527 1679; x_wconf 84' lang='lat' dir='ltr'><strong>in</strong></span> <span class='ocrx_word' id='word_1_104' title='bbox 548 1599 629 1691; x_wconf 76' lang='lat' dir='ltr'><strong>agris</strong></span> <span class='ocrx_word' id='word_1_105' title='bbox 656 1599 725 1668; x_wconf 87' lang='lat' dir='ltr'><strong>lieri</strong></span> <span class='ocrx_word' id='word_1_106' title='bbox 751 1598 903 1690; x_wconf 87' lang='lat' dir='ltr'><strong>pellendo</strong></span> <span class='ocrx_word' id='word_1_107' title='bbox 925 1598 1041 1666; x_wconf 86' lang='lat' dir='ltr'><strong>linibus</strong></span> <span class='ocrx_word' id='word_1_108' title='bbox 1065 1601 1167 1668; x_wconf 74' lang='lat' dir='ltr'><strong>domi</strong></span> 
     </span>
    </p>
   </div>
   <div class='ocr_carea' id='block_1_3' title="bbox 99 1763 585 2192">
    <p class='ocr_par' dir='ltr' id='par_1_3' title="bbox 99 1763 585 2192">
     <span class='ocr_line' id='line_1_14' title="bbox 120 1763 578 1839; baseline 0.007 -17"><span class='ocrx_word' id='word_1_109' title='bbox 120 1763 230 1839; x_wconf 29' lang='lat' dir='ltr'><strong>&#39;demus</strong></span> <span class='ocrx_word' id='word_1_110' title='bbox 241 1783 365 1835; x_wconf 79' lang='lat' dir='ltr'><strong>„cerrus</strong></span> <span class='ocrx_word' id='word_1_111' title='bbox 374 1786 443 1830; x_wconf 80' lang='lat' dir='ltr'><strong>voce</strong></span> <span class='ocrx_word' id='word_1_112' title='bbox 450 1765 522 1824; x_wconf 85' lang='lat' dir='ltr'><strong>clara</strong></span> <span class='ocrx_word' id='word_1_113' title='bbox 532 1788 578 1825; x_wconf 90' lang='lat' dir='ltr'><strong>oc-</strong></span> 
     </span>
     <span class='ocr_line' id='line_1_15' title="bbox 99 1852 585 1927; baseline 0 -17"><span class='ocrx_word' id='word_1_114' title='bbox 99 1856 103 1861; x_wconf 85' lang='lat'>&#39;</span> <span class='ocrx_word' id='word_1_115' title='bbox 134 1852 252 1912; x_wconf 78' lang='lat' dir='ltr'><strong>oiuuit“.</strong></span> <span class='ocrx_word' id='word_1_116' title='bbox 269 1853 318 1910; x_wconf 86' lang='lat' dir='ltr'><strong>sed</strong></span> <span class='ocrx_word' id='word_1_117' title='bbox 336 1853 408 1927; x_wconf 85' lang='lat' dir='ltr'><strong>idem</strong></span> <span class='ocrx_word' id='word_1_118' title='bbox 425 1852 511 1914; x_wconf 85' lang='lat' dir='ltr'><strong>Prisc.</strong></span> <span class='ocrx_word' id='word_1_119' title='bbox 528 1853 547 1915; x_wconf 86' lang='lat' dir='ltr'><strong>l.</strong></span> <span class='ocrx_word' id='word_1_120' title='bbox 560 1853 585 1917; x_wconf 79' lang='lat' dir='ltr'><strong>l.</strong></span> 
     </span>
     <span class='ocr_line' id='line_1_16' title="bbox 132 1940 581 2009; baseline 0.004 -12"><span class='ocrx_word' id='word_1_121' title='bbox 132 1940 226 2009; x_wconf 75' lang='lat' dir='ltr'><strong>affert,</strong></span> <span class='ocrx_word' id='word_1_122' title='bbox 259 1940 379 2000; x_wconf 84' lang='lat' dir='ltr'><strong>Probum</strong></span> <span class='ocrx_word' id='word_1_123' title='bbox 414 1944 581 1999; x_wconf 69' lang='lat' dir='ltr'><strong>existimasse</strong></span> 
     </span>
     <span class='ocr_line' id='line_1_17' title="bbox 131 2028 581 2105; baseline 0.002 -19"><span class='ocrx_word' id='word_1_124' title='bbox 131 2028 190 2086; x_wconf 81' lang='lat' dir='ltr'><strong>dici</strong></span> <span class='ocrx_word' id='word_1_125' title='bbox 209 2029 288 2085; x_wconf 85' lang='lat' dir='ltr'><strong>etiam</strong></span> <span class='ocrx_word' id='word_1_126' title='bbox 300 2043 383 2105; x_wconf 81' lang='lat' dir='ltr'><strong>porse</strong></span> <span class='ocrx_word' id='word_1_127' title='bbox 399 2032 518 2100; x_wconf 88' lang='lat' dir='ltr'><strong>„occino</strong></span> <span class='ocrx_word' id='word_1_128' title='bbox 537 2050 581 2088; x_wconf 83' lang='lat' dir='ltr'><strong>oc·</strong></span> 
     </span>
     <span class='ocr_line' id='line_1_18' title="bbox 134 2116 583 2192; baseline 0.004 -19"><span class='ocrx_word' id='word_1_129' title='bbox 134 2118 223 2185; x_wconf 87' lang='lat' dir='ltr'><strong>ciui“,</strong></span> <span class='ocrx_word' id='word_1_130' title='bbox 241 2136 295 2192; x_wconf 88' lang='lat' dir='ltr'><strong>quo</strong></span> <span class='ocrx_word' id='word_1_131' title='bbox 307 2116 391 2173; x_wconf 90' lang='lat' dir='ltr'><strong>modo</strong></span> <span class='ocrx_word' id='word_1_132' title='bbox 403 2117 528 2187; x_wconf 86' lang='lat' dir='ltr'><strong>„incido,</strong></span> <span class='ocrx_word' id='word_1_133' title='bbox 542 2121 583 2175; x_wconf 91' lang='lat' dir='ltr'><strong>iu·</strong></span> 
     </span>
    </p>
   </div>
   <div class='ocr_carea' id='block_1_4' title="bbox 718 1728 1243 1860">
    <p class='ocr_par' dir='ltr' id='par_1_4' title="bbox 718 1728 1243 1860">
     <span class='ocr_line' id='line_1_19' title="bbox 718 1728 1243 1860; baseline -0.013 -34"><span class='ocrx_word' id='word_1_134' title='bbox 718 1767 849 1839; x_wconf 73' lang='lat' dir='ltr'><strong>exierint</strong></span> <span class='ocrx_word' id='word_1_135' title='bbox 858 1774 908 1826; x_wconf 82' lang='lat' dir='ltr'><strong>cet.</strong></span> <span class='ocrx_word' id='word_1_136' title='bbox 927 1765 972 1826; x_wconf 83' lang='lat' dir='ltr'><strong>cf.</strong></span> <span class='ocrx_word' id='word_1_137' title='bbox 985 1770 1012 1836; x_wconf 81' lang='lat' dir='ltr'><strong>l,</strong></span> <span class='ocrx_word' id='word_1_138' title='bbox 1026 1769 1081 1824; x_wconf 81' lang='lat'><strong>13.:</strong></span> <span class='ocrx_word' id='word_1_139' title='bbox 1093 1776 1186 1860; x_wconf 71' lang='lat' dir='ltr'><strong>post--⁸</strong></span> <span class='ocrx_word' id='word_1_140' title='bbox 1241 1728 1243 1733; x_wconf 28' lang='grc' dir='ltr'>Ι</span> 
     </span>
    </p>
   </div>
   <div class='ocr_carea' id='block_1_5' title="bbox 721 1852 1000 1934">
    <p class='ocr_par' dir='ltr' id='par_1_5' title="bbox 721 1852 1000 1934">
     <span class='ocr_line' id='line_1_20' title="bbox 721 1852 1000 1934; baseline -0.014 -22"><span class='ocrx_word' id='word_1_141' title='bbox 721 1875 802 1934; x_wconf 86' lang='lat' dir='ltr'><strong>quam</strong></span> <span class='ocrx_word' id='word_1_142' title='bbox 819 1865 884 1912; x_wconf 81' lang='lat' dir='ltr'><strong>sunt</strong></span> <span class='ocrx_word' id='word_1_143' title='bbox 901 1852 1000 1919; x_wconf 75' lang='lat' dir='ltr'><strong>audita.</strong></span> 
     </span>
    </p>
   </div>
   <div class='ocr_carea' id='block_1_6' title="bbox 723 2027 1171 2185">
    <p class='ocr_par' dir='ltr' id='par_1_6' title="bbox 723 2027 1171 2185">
     <span class='ocr_line' id='line_1_21' title="bbox 723 2027 1170 2102; baseline -0.007 -16"><span class='ocrx_word' id='word_1_144' title='bbox 723 2029 769 2102; x_wconf 88' lang='lat' dir='ltr'><strong>al.]</strong></span> <span class='ocrx_word' id='word_1_145' title='bbox 778 2027 898 2086; x_wconf 78' lang='lat' dir='ltr'><strong>maiores¹</strong></span> <span class='ocrx_word' id='word_1_146' title='bbox 907 2030 1002 2088; x_wconf 82' lang='lat' dir='ltr'><strong>nostri.</strong></span> <span class='ocrx_word' id='word_1_147' title='bbox 1015 2058 1049 2073; x_wconf 94' lang='lat'><em>-</em></span> <span class='ocrx_word' id='word_1_148' title='bbox 1061 2027 1097 2084; x_wconf 80' lang='lat' dir='ltr'><strong>l’:</strong></span> <span class='ocrx_word' id='word_1_149' title='bbox 1114 2047 1170 2084; x_wconf 83' lang='lat' dir='ltr'><strong>ma·</strong></span> 
     </span>
     <span class='ocr_line' id='line_1_22' title="bbox 725 2113 1171 2185; baseline -0.013 -10"><span class='ocrx_word' id='word_1_150' title='bbox 725 2120 798 2175; x_wconf 83' lang='lat' dir='ltr'><strong>iores</strong></span> <span class='ocrx_word' id='word_1_151' title='bbox 815 2118 867 2176; x_wconf 75' lang='lat' dir='ltr'><strong>dri.</strong></span> <span class='ocrx_word' id='word_1_152' title='bbox 902 2113 946 2175; x_wconf 88' lang='lat' dir='ltr'><strong>Cl.</strong></span> <span class='ocrx_word' id='word_1_153' title='bbox 964 2120 995 2185; x_wconf 72' lang='grc' dir='ltr'><strong>ὃ,</strong></span> <span class='ocrx_word' id='word_1_154' title='bbox 1017 2117 1075 2175; x_wconf 66' lang='lat' dir='ltr'><strong>dl:</strong></span> <span class='ocrx_word' id='word_1_155' title='bbox 1103 2113 1171 2183; x_wconf 86' lang='lat' dir='ltr'><strong>„Iu-</strong></span> 
     </span>
    </p>
   </div>
   <div class='ocr_carea' id='block_1_7' title="bbox 131 2204 582 3161">
    <p class='ocr_par' dir='ltr' id='par_1_7' title="bbox 131 2204 582 3161">
     <span class='ocr_line' id='line_1_23' title="bbox 133 2204 580 2283; baseline 0 -21"><span class='ocrx_word' id='word_1_156' title='bbox 133 2204 203 2272; x_wconf 68' lang='lat' dir='ltr'><strong>oili,</strong></span> <span class='ocrx_word' id='word_1_157' title='bbox 222 2205 351 2280; x_wconf 79' lang='lat' dir='ltr'><strong>contingo</strong></span> <span class='ocrx_word' id='word_1_158' title='bbox 366 2208 490 2283; x_wconf 79' lang='lat' dir='ltr'><strong>coutigi“</strong></span> <span class='ocrx_word' id='word_1_159' title='bbox 507 2205 580 2262; x_wconf 91' lang='lat' dir='ltr'><strong>dice·</strong></span> 
     </span>
     <span class='ocr_line' id='line_1_24' title="bbox 133 2291 581 2370; baseline 0 -21"><span class='ocrx_word' id='word_1_160' title='bbox 133 2300 235 2351; x_wconf 84' lang='lat' dir='ltr'><strong>rentur.</strong></span> <span class='ocrx_word' id='word_1_161' title='bbox 264 2301 344 2370; x_wconf 86' lang='lat' dir='ltr'><strong>atque</strong></span> <span class='ocrx_word' id='word_1_162' title='bbox 367 2295 409 2350; x_wconf 77' lang='lat' dir='ltr'><strong>ica</strong></span> <span class='ocrx_word' id='word_1_163' title='bbox 425 2303 453 2350; x_wconf 75' lang='lat' dir='ltr'><strong>et</strong></span> <span class='ocrx_word' id='word_1_164' title='bbox 469 2291 581 2352; x_wconf 81' lang='lat' dir='ltr'><strong>lliome·</strong></span> 
     </span>
     <span class='ocr_line' id='line_1_25' title="bbox 133 2379 581 2447; baseline 0 -11"><span class='ocrx_word' id='word_1_165' title='bbox 133 2379 184 2439; x_wconf 87' lang='lat' dir='ltr'><strong>des</strong></span> <span class='ocrx_word' id='word_1_166' title='bbox 211 2380 331 2447; x_wconf 77' lang='lat' dir='ltr'><strong>„accim</strong></span> <span class='ocrx_word' id='word_1_167' title='bbox 358 2383 474 2439; x_wconf 87' lang='lat' dir='ltr'><strong>occini“</strong></span> <span class='ocrx_word' id='word_1_168' title='bbox 501 2381 581 2438; x_wconf 69' lang='lat' dir='ltr'><strong>lecim</strong></span> 
     </span>
     <span class='ocr_line' id='line_1_26' title="bbox 133 2466 580 2547; baseline -0.002 -22"><span class='ocrx_word' id='word_1_169' title='bbox 133 2476 165 2525; x_wconf 85' lang='lat' dir='ltr'><strong>ut</strong></span> <span class='ocrx_word' id='word_1_170' title='bbox 184 2466 300 2525; x_wconf 79' lang='lat' dir='ltr'><strong>dubitari</strong></span> <span class='ocrx_word' id='word_1_171' title='bbox 318 2488 373 2525; x_wconf 90' lang='lat' dir='ltr'><strong>uon</strong></span> <span class='ocrx_word' id='word_1_172' title='bbox 391 2472 491 2546; x_wconf 80' lang='lat' dir='ltr'><strong>possit,</strong></span> <span class='ocrx_word' id='word_1_173' title='bbox 514 2470 580 2547; x_wconf 82' lang='lat' dir='ltr'><strong>quin</strong></span> 
     </span>
     <span class='ocr_line' id='line_1_27' title="bbox 132 2554 580 2621; baseline -0.011 -6"><span class='ocrx_word' id='word_1_174' title='bbox 132 2555 184 2621; x_wconf 83' lang='lat' dir='ltr'><strong>hae</strong></span> <span class='ocrx_word' id='word_1_175' title='bbox 202 2554 272 2619; x_wconf 80' lang='lat' dir='ltr'><strong>duae</strong></span> <span class='ocrx_word' id='word_1_176' title='bbox 289 2556 409 2613; x_wconf 88' lang='lat' dir='ltr'><strong>eiusdem</strong></span> <span class='ocrx_word' id='word_1_177' title='bbox 427 2557 503 2615; x_wconf 82' lang='lat' dir='ltr'><strong>verbi</strong></span> <span class='ocrx_word' id='word_1_178' title='bbox 524 2556 580 2612; x_wconf 83' lang='lat' dir='ltr'><strong>lor·</strong></span> 
     </span>
     <span class='ocr_line' id='line_1_28' title="bbox 133 2643 582 2723; baseline -0.016 -19"><span class='ocrx_word' id='word_1_179' title='bbox 133 2662 195 2704; x_wconf 84' lang='lat' dir='ltr'><strong>mae</strong></span> <span class='ocrx_word' id='word_1_180' title='bbox 224 2644 298 2703; x_wconf 77' lang='lat' dir='ltr'><strong>iuxta</strong></span> <span class='ocrx_word' id='word_1_181' title='bbox 325 2645 455 2723; x_wconf 80' lang='lat' dir='ltr'><strong>probatae</strong></span> <span class='ocrx_word' id='word_1_182' title='bbox 481 2643 582 2700; x_wconf 79' lang='lat' dir='ltr'><strong>luerint</strong></span> 
     </span>
     <span class='ocr_line' id='line_1_29' title="bbox 133 2724 581 2816; baseline -0.011 -27"><span class='ocrx_word' id='word_1_183' title='bbox 133 2731 252 2808; x_wconf 70' lang='lat' dir='ltr'><strong>antiquis</strong></span> <span class='ocrx_word' id='word_1_184' title='bbox 262 2724 450 2816; x_wconf 85' lang='lat' dir='ltr'><strong>scriptoribus.</strong></span> <span class='ocrx_word' id='word_1_185' title='bbox 468 2750 503 2785; x_wconf 88' lang='lat' dir='ltr'><strong>au</strong></span> <span class='ocrx_word' id='word_1_186' title='bbox 515 2747 581 2786; x_wconf 78' lang='lat' dir='ltr'><strong>vcro</strong></span> 
     </span>
     <span class='ocr_line' id='line_1_30' title="bbox 133 2816 581 2902; baseline -0.011 -26"><span class='ocrx_word' id='word_1_187' title='bbox 133 2820 214 2877; x_wconf 77' lang='lat' dir='ltr'><strong>etiam</strong></span> <span class='ocrx_word' id='word_1_188' title='bbox 223 2820 326 2896; x_wconf 88' lang='lat' dir='ltr'><strong>primae</strong></span> <span class='ocrx_word' id='word_1_189' title='bbox 336 2816 454 2899; x_wconf 79' lang='lat' dir='ltr'><strong>syllabae</strong></span> <span class='ocrx_word' id='word_1_190' title='bbox 465 2817 581 2902; x_wconf 70' lang='lat' dir='ltr'><strong>gemina-</strong></span> 
     </span>
     <span class='ocr_line' id='line_1_31' title="bbox 132 2903 582 2985; baseline -0.013 -22"><span class='ocrx_word' id='word_1_191' title='bbox 132 2903 582 2985; x_wconf 78' lang='lat' dir='ltr'><strong>tio,quaeh.l.inomnibusmscri·</strong></span> 
     </span>
     <span class='ocr_line' id='line_1_32' title="bbox 131 2989 582 3075; baseline -0.013 -23"><span class='ocrx_word' id='word_1_192' title='bbox 131 2996 190 3075; x_wconf 87' lang='lat' dir='ltr'><strong>ptis</strong></span> <span class='ocrx_word' id='word_1_193' title='bbox 216 2993 329 3070; x_wconf 83' lang='lat' dir='ltr'><strong>legitur,</strong></span> <span class='ocrx_word' id='word_1_194' title='bbox 356 2995 386 3051; x_wconf 86' lang='lat' dir='ltr'><strong>in</strong></span> <span class='ocrx_word' id='word_1_195' title='bbox 415 2992 469 3054; x_wconf 85' lang='lat' dir='ltr'><strong>hoc</strong></span> <span class='ocrx_word' id='word_1_196' title='bbox 497 2989 582 3049; x_wconf 86' lang='lat' dir='ltr'><strong>verbo</strong></span> 
     </span>
     <span class='ocr_line' id='line_1_33' title="bbox 132 3079 582 3161; baseline -0.011 -21"><span class='ocrx_word' id='word_1_197' title='bbox 132 3085 286 3161; x_wconf 85' lang='lat' dir='ltr'><strong>composito</strong></span> <span class='ocrx_word' id='word_1_198' title='bbox 309 3091 337 3139; x_wconf 83' lang='lat' dir='ltr'><strong>et</strong></span> <span class='ocrx_word' id='word_1_199' title='bbox 360 3103 375 3138; x_wconf 88' lang='lat' dir='ltr'><strong>a</strong></span> <span class='ocrx_word' id='word_1_200' title='bbox 399 3081 479 3137; x_wconf 85' lang='lat' dir='ltr'><strong>nobis</strong></span> <span class='ocrx_word' id='word_1_201' title='bbox 503 3079 582 3146; x_wconf 79' lang='lat' dir='ltr'><strong>reati-</strong></span> 
     </span>
    </p>
   </div>
   <div class='ocr_carea' id='block_1_8' title="bbox 14 3170 582 3229">
    <p class='ocr_par' dir='ltr' id='par_1_8' title="bbox 14 3170 582 3229">
     <span class='ocr_line' id='line_1_34' title="bbox 14 3170 582 3229; baseline -0.009 0"><span class='ocrx_word' id='word_1_202' title='bbox 14 3202 19 3229; x_wconf 73' lang='lat'><strong>·‚</strong></span> <span class='ocrx_word' id='word_1_203' title='bbox 132 3171 234 3226; x_wconf 75' lang='lat' dir='ltr'><strong>tuenda</strong></span> <span class='ocrx_word' id='word_1_204' title='bbox 265 3171 346 3226; x_wconf 85' lang='lat' dir='ltr'><strong>luerit</strong></span> <span class='ocrx_word' id='word_1_205' title='bbox 375 3170 483 3225; x_wconf 88' lang='lat' dir='ltr'><strong>nescio:</strong></span> <span class='ocrx_word' id='word_1_206' title='bbox 520 3170 582 3224; x_wconf 85' lang='lat' dir='ltr'><strong>&#39;cum</strong></span> 
     </span>
    </p>
   </div>
   <div class='ocr_carea' id='block_1_9' title="bbox 89 3254 588 4207">
    <p class='ocr_par' dir='ltr' id='par_1_9' title="bbox 89 3254 588 4207">
     <span class='ocr_line' id='line_1_35' title="bbox 133 3254 581 3334; baseline -0.007 -20"><span class='ocrx_word' id='word_1_207' title='bbox 133 3257 208 3314; x_wconf 87' lang='lat' dir='ltr'><strong>idem</strong></span> <span class='ocrx_word' id='word_1_208' title='bbox 234 3259 264 3313; x_wconf 87' lang='lat' dir='ltr'><strong>in</strong></span> <span class='ocrx_word' id='word_1_209' title='bbox 289 3256 342 3313; x_wconf 85' lang='lat' dir='ltr'><strong>lroc</strong></span> <span class='ocrx_word' id='word_1_210' title='bbox 366 3257 519 3334; x_wconf 86' lang='lat' dir='ltr'><strong>composito</strong></span> <span class='ocrx_word' id='word_1_211' title='bbox 542 3254 581 3311; x_wconf 80' lang='lat' dir='ltr'><strong>ia-</strong></span> 
     </span>
     <span class='ocr_line' id='line_1_36' title="bbox 89 3343 580 3422; baseline 0 -20"><span class='ocrx_word' id='word_1_212' title='bbox 89 3397 92 3419; x_wconf 69' lang='lat'><strong>,</strong></span> <span class='ocrx_word' id='word_1_213' title='bbox 134 3354 208 3402; x_wconf 84' lang='lat' dir='ltr'><strong>ctum</strong></span> <span class='ocrx_word' id='word_1_214' title='bbox 226 3363 286 3401; x_wconf 86' lang='lat' dir='ltr'><strong>esse</strong></span> <span class='ocrx_word' id='word_1_215' title='bbox 297 3347 396 3420; x_wconf 69' lang='lat' dir='ltr'><strong>possit,</strong></span> <span class='ocrx_word' id='word_1_216' title='bbox 412 3344 486 3422; x_wconf 86' lang='lat' dir='ltr'><strong>quod</strong></span> <span class='ocrx_word' id='word_1_217' title='bbox 494 3343 580 3402; x_wconf 85' lang='lat' dir='ltr'><strong>Prisc.</strong></span> 
     </span>
     <span class='ocr_line' id='line_1_37' title="bbox 131 3428 582 3507; baseline -0.013 -16"><span class='ocrx_word' id='word_1_218' title='bbox 131 3435 224 3502; x_wconf 80' lang='lat' dir='ltr'><strong>·10‚&#39;s.</strong></span> <span class='ocrx_word' id='word_1_219' title='bbox 238 3435 281 3490; x_wconf 75' lang='lat'><strong>43.</strong></span> <span class='ocrx_word' id='word_1_220' title='bbox 293 3435 321 3488; x_wconf 91' lang='lat' dir='ltr'><strong>in</strong></span> <span class='ocrx_word' id='word_1_221' title='bbox 335 3428 494 3507; x_wconf 81' lang='lat' dir='ltr'><strong>compositis</strong></span> <span class='ocrx_word' id='word_1_222' title='bbox 504 3431 582 3489; x_wconf 75' lang='lat' dir='ltr'><strong>uerbi</strong></span> 
     </span>
     <span class='ocr_line' id='line_1_38' title="bbox 134 3516 582 3596; baseline -0.018 -16"><span class='ocrx_word' id='word_1_223' title='bbox 134 3516 367 3580; x_wconf 64' lang='lat' dir='ltr'><strong>sacrumfactum</strong></span> <span class='ocrx_word' id='word_1_224' title='bbox 380 3519 456 3588; x_wconf 88' lang='lat' dir='ltr'><strong>dicit,</strong></span> <span class='ocrx_word' id='word_1_225' title='bbox 468 3528 499 3575; x_wconf 76' lang='lat' dir='ltr'><strong>ut</strong></span> <span class='ocrx_word' id='word_1_226' title='bbox 510 3516 582 3596; x_wconf 87' lang='lat' dir='ltr'><strong>apud</strong></span> 
     </span>
     <span class='ocr_line' id='line_1_39' title="bbox 133 3606 583 3684; baseline -0.013 -17"><span class='ocrx_word' id='word_1_227' title='bbox 133 3608 203 3667; x_wconf 79' lang='lat' dir='ltr'><strong>alios</strong></span> <span class='ocrx_word' id='word_1_228' title='bbox 232 3608 380 3684; x_wconf 82' lang='lat' dir='ltr'><strong>scriptores</strong></span> <span class='ocrx_word' id='word_1_229' title='bbox 410 3606 583 3677; x_wconf 63' lang='lat' dir='ltr'><strong>„decucurri</strong></span> 
     </span>
     <span class='ocr_line' id='line_1_40' title="bbox 132 3693 583 3775; baseline 0 -22"><span class='ocrx_word' id='word_1_230' title='bbox 132 3697 320 3775; x_wconf 77' lang='lat' dir='ltr'><strong>praecucurri,</strong></span> <span class='ocrx_word' id='word_1_231' title='bbox 347 3696 530 3773; x_wconf 70' lang='lat' dir='ltr'><strong>procucurri‘⁶</strong></span> <span class='ocrx_word' id='word_1_232' title='bbox 549 3693 583 3753; x_wconf 87' lang='lat' dir='ltr'><strong>al.</strong></span> 
     </span>
     <span class='ocr_line' id='line_1_41' title="bbox 133 3779 583 3861; baseline -0.007 -21"><span class='ocrx_word' id='word_1_233' title='bbox 133 3784 282 3861; x_wconf 77' lang='lat' dir='ltr'><strong>legeretur,</strong></span> <span class='ocrx_word' id='word_1_234' title='bbox 311 3782 384 3861; x_wconf 89' lang='lat' dir='ltr'><strong>apud</strong></span> <span class='ocrx_word' id='word_1_235' title='bbox 415 3779 483 3838; x_wconf 84' lang='lat' dir='ltr'><strong>alios</strong></span> <span class='ocrx_word' id='word_1_236' title='bbox 513 3779 583 3849; x_wconf 88' lang='lat' dir='ltr'><strong>„dc-</strong></span> 
     </span>
     <span class='ocr_line' id='line_1_42' title="bbox 135 3867 584 3947; baseline -0.011 -18"><span class='ocrx_word' id='word_1_237' title='bbox 135 3874 246 3931; x_wconf 59' lang='lat' dir='ltr'><strong>carrica</strong></span> <span class='ocrx_word' id='word_1_238' title='bbox 274 3882 301 3928; x_wconf 82' lang='lat' dir='ltr'><strong>ct</strong></span> <span class='ocrx_word' id='word_1_239' title='bbox 318 3873 348 3927; x_wconf 90' lang='lat' dir='ltr'><strong>in</strong></span> <span class='ocrx_word' id='word_1_240' title='bbox 366 3872 476 3947; x_wconf 79' lang='lat' dir='ltr'><strong>optimis</strong></span> <span class='ocrx_word' id='word_1_241' title='bbox 494 3867 584 3932; x_wconf 86' lang='lat' dir='ltr'><strong>Livia·</strong></span> 
     </span>
     <span class='ocr_line' id='line_1_43' title="bbox 135 3957 585 4018; baseline -0.009 -2"><span class='ocrx_word' id='word_1_242' title='bbox 135 3963 181 4016; x_wconf 86' lang='lat' dir='ltr'><strong>nis</strong></span> <span class='ocrx_word' id='word_1_243' title='bbox 206 3959 286 4018; x_wconf 84' lang='lat' dir='ltr'><strong>codd.</strong></span> <span class='ocrx_word' id='word_1_244' title='bbox 309 3957 369 4014; x_wconf 84' lang='lat' dir='ltr'><strong>aliis</strong></span> <span class='ocrx_word' id='word_1_245' title='bbox 391 3959 461 4013; x_wconf 85' lang='lat' dir='ltr'><strong>locis</strong></span> <span class='ocrx_word' id='word_1_246' title='bbox 481 3977 585 4013; x_wconf 81' lang='lat' dir='ltr'><strong>coacu-</strong></span> 
     </span>
     <span class='ocr_line' id='line_1_44' title="bbox 139 4046 584 4122; baseline -0.002 -22"><span class='ocrx_word' id='word_1_247' title='bbox 139 4047 233 4112; x_wconf 73' lang='lat' dir='ltr'><strong>curri,</strong></span> <span class='ocrx_word' id='word_1_248' title='bbox 260 4046 321 4104; x_wconf 80' lang='lat' dir='ltr'><strong>aliia</strong></span> <span class='ocrx_word' id='word_1_249' title='bbox 347 4047 486 4102; x_wconf 78' lang='lat' dir='ltr'><strong>concurri</strong></span> <span class='ocrx_word' id='word_1_250' title='bbox 510 4065 584 4122; x_wconf 86' lang='lat' dir='ltr'><strong>repe·</strong></span> 
     </span>
     <span class='ocr_line' id='line_1_45' title="bbox 140 4128 588 4207; baseline 0.002 -19"><span class='ocrx_word' id='word_1_251' title='bbox 140 4128 234 4188; x_wconf 76' lang='lat' dir='ltr'><strong>riatur.</strong></span> <span class='ocrx_word' id='word_1_252' title='bbox 252 4159 285 4170; x_wconf 92' lang='lat'><em>-</em></span> <span class='ocrx_word' id='word_1_253' title='bbox 309 4132 345 4188; x_wconf 81' lang='lat' dir='ltr'><strong>Si</strong></span> <span class='ocrx_word' id='word_1_254' title='bbox 359 4141 533 4207; x_wconf 71' lang='lat' dir='ltr'><strong>pascentur,</strong></span> <span class='ocrx_word' id='word_1_255' title='bbox 558 4133 588 4190; x_wconf 80' lang='lat' dir='ltr'><strong>ai</strong></span> 
     </span>
    </p>
   </div>
   <div class='ocr_carea' id='block_1_10' title="bbox 722 2203 1169 2371">
    <p class='ocr_par' dir='ltr' id='par_1_10' title="bbox 722 2203 1169 2371">
     <span class='ocr_line' id='line_1_46' title="bbox 723 2203 1169 2279; baseline -0.013 -15"><span class='ocrx_word' id='word_1_256' title='bbox 723 2215 818 2264; x_wconf 79' lang='lat' dir='ltr'><strong>ventas</strong></span> <span class='ocrx_word' id='word_1_257' title='bbox 835 2203 1031 2279; x_wconf 69' lang='lat' dir='ltr'><strong>Terminusque</strong></span> <span class='ocrx_word' id='word_1_258' title='bbox 1052 2203 1169 2259; x_wconf 68' lang='lat' dir='ltr'><strong>maximo</strong></span> 
     </span>
     <span class='ocr_line' id='line_1_47' title="bbox 722 2293 1169 2371; baseline -0.016 -20"><span class='ocrx_word' id='word_1_259' title='bbox 722 2293 830 2370; x_wconf 70' lang='lat' dir='ltr'><strong>gaudis,</strong></span> <span class='ocrx_word' id='word_1_260' title='bbox 856 2302 963 2371; x_wconf 69' lang='lat' dir='ltr'><strong>parrum</strong></span> <span class='ocrx_word' id='word_1_261' title='bbox 1001 2296 1169 2350; x_wconf 73' lang='lat' dir='ltr'><strong>vestrorum</strong></span> 
     </span>
    </p>
   </div>
   <div class='ocr_carea' id='block_1_11' title="bbox 721 2375 1271 2458">
    <p class='ocr_par' dir='ltr' id='par_1_11' title="bbox 721 2375 1271 2458">
     <span class='ocr_line' id='line_1_48' title="bbox 721 2375 1271 2458; baseline -0.011 -19"><span class='ocrx_word' id='word_1_262' title='bbox 721 2383 826 2440; x_wconf 81' lang='lat' dir='ltr'><strong>moveri</strong></span> <span class='ocrx_word' id='word_1_263' title='bbox 844 2401 874 2438; x_wconf 85' lang='lat' dir='ltr'><strong>se</strong></span> <span class='ocrx_word' id='word_1_264' title='bbox 891 2400 948 2438; x_wconf 87' lang='lat' dir='ltr'><strong>nen</strong></span> <span class='ocrx_word' id='word_1_265' title='bbox 965 2380 1071 2458; x_wconf 60' lang='lat' dir='ltr'><strong>passi‘l</strong></span> <span class='ocrx_word' id='word_1_266' title='bbox 1090 2375 1124 2435; x_wconf 82' lang='lat' dir='ltr'><strong>ul.</strong></span> <span class='ocrx_word' id='word_1_267' title='bbox 1135 2406 1169 2416; x_wconf 91' lang='lat'>—</span> <span class='ocrx_word' id='word_1_268' title='bbox 1260 2414 1271 2433; x_wconf 54' lang='grc' dir='ltr'><strong>ι</strong></span> 
     </span>
    </p>
   </div>
   <div class='ocr_carea' id='block_1_12' title="bbox 721 2461 1172 2721">
    <p class='ocr_par' dir='ltr' id='par_1_12' title="bbox 721 2461 1172 2721">
     <span class='ocr_line' id='line_1_49' title="bbox 721 2461 1169 2546; baseline -0.02 -19"><span class='ocrx_word' id='word_1_269' title='bbox 721 2469 806 2527; x_wconf 85' lang='lat' dir='ltr'><strong>Paulo</strong></span> <span class='ocrx_word' id='word_1_270' title='bbox 816 2476 880 2546; x_wconf 83' lang='lat' dir='ltr'><strong>post</strong></span> <span class='ocrx_word' id='word_1_271' title='bbox 890 2467 927 2524; x_wconf 80' lang='lat' dir='ltr'><strong>P:</strong></span> <span class='ocrx_word' id='word_1_272' title='bbox 940 2468 1109 2539; x_wconf 72' lang='lat' dir='ltr'><strong>cerimoniae.</strong></span> <span class='ocrx_word' id='word_1_273' title='bbox 1127 2461 1169 2520; x_wconf 80' lang='lat' dir='ltr'><strong>M:</strong></span> 
     </span>
     <span class='ocr_line' id='line_1_50' title="bbox 722 2549 1170 2624; baseline -0.022 -10"><span class='ocrx_word' id='word_1_274' title='bbox 722 2558 891 2616; x_wconf 78' lang='lat' dir='ltr'><strong>cerimoniae.</strong></span> <span class='ocrx_word' id='word_1_275' title='bbox 910 2553 955 2614; x_wconf 84' lang='lat' dir='ltr'><strong>Cf.</strong></span> <span class='ocrx_word' id='word_1_276' title='bbox 968 2556 1017 2624; x_wconf 69' lang='lat'><strong>22,</strong></span> <span class='ocrx_word' id='word_1_277' title='bbox 1028 2557 1070 2613; x_wconf 80' lang='lat' dir='ltr'><strong>9.a</strong></span> <span class='ocrx_word' id='word_1_278' title='bbox 1083 2549 1170 2609; x_wconf 87' lang='lat' dir='ltr'><strong>necle-</strong></span> 
     </span>
     <span class='ocr_line' id='line_1_51' title="bbox 722 2635 1172 2721; baseline -0.009 -20"><span class='ocrx_word' id='word_1_279' title='bbox 722 2646 811 2721; x_wconf 75' lang='lat' dir='ltr'><strong>gentis</strong></span> <span class='ocrx_word' id='word_1_280' title='bbox 817 2644 1038 2701; x_wconf 82' lang='lat' dir='ltr'><strong>caerimoniarum</strong></span> <span class='ocrx_word' id='word_1_281' title='bbox 1044 2635 1172 2711; x_wconf 60' lang='lat' dir='ltr'><strong>(Pullal.</strong></span> 
     </span>
    </p>
   </div>
   <div class='ocr_carea' id='block_1_13' title="bbox 670 2725 1172 2808">
    <p class='ocr_par' dir='ltr' id='par_1_13' title="bbox 670 2725 1172 2808">
     <span class='ocr_line' id='line_1_52' title="bbox 670 2725 1172 2808; baseline -0.012 -18"><span class='ocrx_word' id='word_1_282' title='bbox 670 2734 698 2793; x_wconf 78' lang='grc'><strong>4.</strong></span> <span class='ocrx_word' id='word_1_283' title='bbox 723 2731 890 2808; x_wconf 76' lang='lat' dir='ltr'><strong>sacrificuli</strong></span> <span class='ocrx_word' id='word_1_284' title='bbox 914 2749 1018 2807; x_wconf 78' lang='lat' dir='ltr'><strong>reges.-</strong></span> <span class='ocrx_word' id='word_1_285' title='bbox 1047 2725 1107 2785; x_wconf 81' lang='lat' dir='ltr'><strong>Pili.</strong></span> <span class='ocrx_word' id='word_1_286' title='bbox 1134 2754 1172 2767; x_wconf 89' lang='lat'><em>-</em></span> 
     </span>
    </p>
   </div>
   <div class='ocr_carea' id='block_1_14' title="bbox 724 2811 1172 2978">
    <p class='ocr_par' dir='ltr' id='par_1_14' title="bbox 724 2811 1172 2978">
     <span class='ocr_line' id='line_1_53' title="bbox 724 2811 1172 2894; baseline -0.018 -20"><span class='ocrx_word' id='word_1_287' title='bbox 724 2817 806 2876; x_wconf 86' lang='lat' dir='ltr'><strong>Recc.</strong></span> <span class='ocrx_word' id='word_1_288' title='bbox 824 2814 1007 2894; x_wconf 70' lang='lat' dir='ltr'><strong>quidenna:</strong></span> <span class='ocrx_word' id='word_1_289' title='bbox 1026 2811 1172 2870; x_wconf 76' lang='lat' dir='ltr'><strong>sacrificuli</strong></span> 
     </span>
     <span class='ocr_line' id='line_1_54' title="bbox 724 2903 975 2978; baseline -0.004 -18"><span class='ocrx_word' id='word_1_290' title='bbox 724 2924 810 2978; x_wconf 74' lang='lat' dir='ltr'><strong>reges.</strong></span> <span class='ocrx_word' id='word_1_291' title='bbox 840 2903 884 2961; x_wconf 83' lang='lat' dir='ltr'><strong>cf.</strong></span> <span class='ocrx_word' id='word_1_292' title='bbox 901 2904 929 2971; x_wconf 71' lang='lat'><strong>2,</strong></span> <span class='ocrx_word' id='word_1_293' title='bbox 948 2904 975 2959; x_wconf 66' lang='grc'><strong>2»</strong></span> 
     </span>
    </p>
   </div>
   <div class='ocr_carea' id='block_1_15' title="bbox 670 2987 1172 3071">
    <p class='ocr_par' dir='ltr' id='par_1_15' title="bbox 670 2987 1172 3071">
     <span class='ocr_line' id='line_1_55' title="bbox 670 2987 1172 3071; baseline -0.014 -22"><span class='ocrx_word' id='word_1_294' title='bbox 670 2994 698 3052; x_wconf 80' lang='grc'><strong>6.</strong></span> <span class='ocrx_word' id='word_1_295' title='bbox 723 3012 785 3048; x_wconf 82' lang='lat' dir='ltr'><strong>nou</strong></span> <span class='ocrx_word' id='word_1_296' title='bbox 801 2993 886 3071; x_wconf 79' lang='lat' dir='ltr'><strong>leger</strong></span> <span class='ocrx_word' id='word_1_297' title='bbox 897 2991 1053 3064; x_wconf 80' lang='lat' dir='ltr'><strong>auspicato</strong></span> <span class='ocrx_word' id='word_1_298' title='bbox 1064 2987 1172 3062; x_wconf 78' lang='lat' dir='ltr'><strong>feruu-</strong></span> 
     </span>
    </p>
   </div>
   <div class='ocr_carea' id='block_1_16' title="bbox 723 3074 1172 3413">
    <p class='ocr_par' dir='ltr' id='par_1_16' title="bbox 723 3074 1172 3413">
     <span class='ocr_line' id='line_1_56' title="bbox 723 3074 1171 3138; baseline -0.009 -2"><span class='ocrx_word' id='word_1_299' title='bbox 723 3089 788 3138; x_wconf 80' lang='lat' dir='ltr'><strong>tur:</strong></span> <span class='ocrx_word' id='word_1_300' title='bbox 805 3078 866 3137; x_wconf 69' lang='lat' dir='ltr'><strong>Pllr</strong></span> <span class='ocrx_word' id='word_1_301' title='bbox 883 3110 917 3121; x_wconf 96' lang='lat'><em>-</em></span> <span class='ocrx_word' id='word_1_302' title='bbox 935 3075 1014 3135; x_wconf 83' lang='lat' dir='ltr'><strong>Laid</strong></span> <span class='ocrx_word' id='word_1_303' title='bbox 1026 3097 1057 3134; x_wconf 75' lang='lat' dir='ltr'><strong>n:</strong></span> <span class='ocrx_word' id='word_1_304' title='bbox 1076 3074 1171 3132; x_wconf 83' lang='lat' dir='ltr'><strong>lerant.</strong></span> 
     </span>
     <span class='ocr_line' id='line_1_57' title="bbox 723 3165 1171 3224; baseline -0.016 1"><span class='ocrx_word' id='word_1_305' title='bbox 723 3198 760 3213; x_wconf 94' lang='lat'><em>-</em></span> <span class='ocrx_word' id='word_1_306' title='bbox 789 3166 824 3224; x_wconf 81' lang='lat' dir='ltr'><strong>P:</strong></span> <span class='ocrx_word' id='word_1_307' title='bbox 855 3165 1107 3223; x_wconf 75' lang='lat' dir='ltr'><strong>ncceu’acenturiatis.</strong></span> <span class='ocrx_word' id='word_1_308' title='bbox 1137 3196 1171 3205; x_wconf 89' lang='lat'><em>-</em></span> 
     </span>
     <span class='ocr_line' id='line_1_58' title="bbox 723 3250 1172 3332; baseline -0.009 -20"><span class='ocrx_word' id='word_1_309' title='bbox 723 3255 785 3319; x_wconf 74' lang='lat' dir='ltr'><strong>llll:</strong></span> <span class='ocrx_word' id='word_1_310' title='bbox 821 3265 913 3332; x_wconf 83' lang='lat' dir='ltr'><strong>patres</strong></span> <span class='ocrx_word' id='word_1_311' title='bbox 942 3261 1067 3310; x_wconf 72' lang='lat' dir='ltr'><strong>auctores</strong></span> <span class='ocrx_word' id='word_1_312' title='bbox 1097 3250 1172 3309; x_wconf 79' lang='lat' dir='ltr'><strong>liant.</strong></span> 
     </span>
     <span class='ocr_line' id='line_1_59' title="bbox 723 3339 927 3413; baseline -0.01 -12"><span class='ocrx_word' id='word_1_313' title='bbox 723 3339 927 3413; x_wconf 60' lang='lat' dir='ltr'><strong>OEnwd</strong></span> 
     </span>
    </p>
   </div>
   <div class='ocr_carea' id='block_1_17' title="bbox 673 3425 1174 3510">
    <p class='ocr_par' dir='ltr' id='par_1_17' title="bbox 673 3425 1174 3510">
     <span class='ocr_line' id='line_1_60' title="bbox 673 3425 1174 3510; baseline -0.016 -21"><span class='ocrx_word' id='word_1_314' title='bbox 673 3434 699 3492; x_wconf 87' lang='grc'><strong>9.</strong></span> <span class='ocrx_word' id='word_1_315' title='bbox 726 3433 798 3510; x_wconf 81' lang='lat' dir='ltr'><strong>quia</strong></span> <span class='ocrx_word' id='word_1_316' title='bbox 812 3430 956 3504; x_wconf 78' lang='lat' dir='ltr'><strong>pecuniae</strong></span> <span class='ocrx_word' id='word_1_317' title='bbox 971 3426 1089 3482; x_wconf 80' lang='lat' dir='ltr'><strong>alienus</strong></span> <span class='ocrx_word' id='word_1_318' title='bbox 1102 3425 1174 3499; x_wconf 78' lang='lat' dir='ltr'><strong>quis</strong></span> 
     </span>
    </p>
   </div>
   <div class='ocr_carea' id='block_1_18' title="bbox 725 3510 1176 3838">
    <p class='ocr_par' dir='ltr' id='par_1_18' title="bbox 725 3510 1176 3838">
     <span class='ocr_line' id='line_1_61' title="bbox 725 3510 1172 3596; baseline -0.013 -23"><span class='ocrx_word' id='word_1_319' title='bbox 725 3537 819 3596; x_wconf 79' lang='lat' dir='ltr'><strong>agros</strong></span> <span class='ocrx_word' id='word_1_320' title='bbox 837 3516 917 3573; x_wconf 86' lang='lat' dir='ltr'><strong>dono</strong></span> <span class='ocrx_word' id='word_1_321' title='bbox 936 3513 1026 3569; x_wconf 79' lang='lat' dir='ltr'><strong>danr:</strong></span> <span class='ocrx_word' id='word_1_322' title='bbox 1043 3511 1077 3570; x_wconf 87' lang='lat' dir='ltr'><strong>ll.</strong></span> <span class='ocrx_word' id='word_1_323' title='bbox 1093 3540 1124 3559; x_wconf 65' lang='lat' dir='ltr'><strong>-v</strong></span> <span class='ocrx_word' id='word_1_324' title='bbox 1137 3510 1172 3567; x_wconf 91' lang='lat' dir='ltr'><strong>P:</strong></span> 
     </span>
     <span class='ocr_line' id='line_1_62' title="bbox 726 3601 1172 3682; baseline -0.009 -21"><span class='ocrx_word' id='word_1_325' title='bbox 726 3606 790 3682; x_wconf 84' lang='lat' dir='ltr'><strong>quia</strong></span> <span class='ocrx_word' id='word_1_326' title='bbox 816 3604 946 3681; x_wconf 84' lang='lat' dir='ltr'><strong>pecunias</strong></span> <span class='ocrx_word' id='word_1_327' title='bbox 969 3601 1070 3657; x_wconf 87' lang='lat' dir='ltr'><strong>alienas</strong></span> <span class='ocrx_word' id='word_1_328' title='bbox 1093 3601 1172 3676; x_wconf 74' lang='lat' dir='ltr'><strong>quio·</strong></span> 
     </span>
     <span class='ocr_line' id='line_1_63' title="bbox 726 3679 1176 3768; baseline -0.013 -18"><span class='ocrx_word' id='word_1_329' title='bbox 726 3693 789 3768; x_wconf 69' lang='lat' dir='ltr'><strong>gro‘s</strong></span> <span class='ocrx_word' id='word_1_330' title='bbox 808 3701 859 3751; x_wconf 86' lang='lat' dir='ltr'><strong>cet.</strong></span> <span class='ocrx_word' id='word_1_331' title='bbox 895 3687 1058 3760; x_wconf 61' lang='lat' dir='ltr'><strong>claua:</strong></span> <span class='ocrx_word' id='word_1_332' title='bbox 1080 3679 1176 3766; x_wconf 75' lang='lat' dir='ltr'><strong>alqui</strong></span> 
     </span>
     <span class='ocr_line' id='line_1_64' title="bbox 727 3780 885 3838; baseline 0.006 -2"><span class='ocrx_word' id='word_1_333' title='bbox 727 3780 885 3838; x_wconf 80' lang='lat' dir='ltr'><strong>adveniens.</strong></span> 
     </span>
    </p>
   </div>
   <div class='ocr_carea' id='block_1_19' title="bbox 657 3865 1175 3946">
    <p class='ocr_par' dir='ltr' id='par_1_19' title="bbox 657 3865 1175 3946">
     <span class='ocr_line' id='line_1_65' title="bbox 657 3865 1175 3946; baseline -0.008 -23"><span class='ocrx_word' id='word_1_334' title='bbox 657 3870 700 3926; x_wconf 75' lang='lat' dir='ltr'><strong>iil.</strong></span> <span class='ocrx_word' id='word_1_335' title='bbox 728 3869 759 3922; x_wconf 83' lang='lat' dir='ltr'><strong>in</strong></span> <span class='ocrx_word' id='word_1_336' title='bbox 772 3866 940 3946; x_wconf 78' lang='lat' dir='ltr'><strong>agrisfieri</strong></span> <span class='ocrx_word' id='word_1_337' title='bbox 949 3865 1090 3943; x_wconf 81' lang='lat' dir='ltr'><strong>pellendo</strong></span> <span class='ocrx_word' id='word_1_338' title='bbox 1100 3865 1175 3941; x_wconf 78' lang='lat' dir='ltr'><strong>fim&#39;·</strong></span> 
     </span>
    </p>
   </div>
   <div class='ocr_carea' id='block_1_20' title="bbox 728 3952 1175 4121">
    <p class='ocr_par' dir='ltr' id='par_1_20' title="bbox 728 3952 1175 4121">
     <span class='ocr_line' id='line_1_66' title="bbox 728 3952 1175 4013; baseline -0.009 -2"><span class='ocrx_word' id='word_1_339' title='bbox 728 3957 784 4011; x_wconf 79' lang='lat' dir='ltr'><strong>dur</strong></span> <span class='ocrx_word' id='word_1_340' title='bbox 803 3955 954 4013; x_wconf 79' lang='lat' dir='ltr'><strong>douriuoe:</strong></span> <span class='ocrx_word' id='word_1_341' title='bbox 972 3953 1003 4012; x_wconf 74' lang='grc' dir='ltr'><strong>Ρ.</strong></span> <span class='ocrx_word' id='word_1_342' title='bbox 1027 3985 1062 4003; x_wconf 54' lang='grc'><strong>-,</strong></span> <span class='ocrx_word' id='word_1_343' title='bbox 1088 3952 1129 4010; x_wconf 86' lang='lat' dir='ltr'><strong>ll:</strong></span> <span class='ocrx_word' id='word_1_344' title='bbox 1147 3955 1175 4008; x_wconf 89' lang='lat' dir='ltr'><strong>iu</strong></span> 
     </span>
     <span class='ocr_line' id='line_1_67' title="bbox 728 4039 1174 4121; baseline -0.009 -24"><span class='ocrx_word' id='word_1_345' title='bbox 728 4045 800 4117; x_wconf 85' lang='lat' dir='ltr'><strong>agris</strong></span> <span class='ocrx_word' id='word_1_346' title='bbox 818 4042 877 4100; x_wconf 82' lang='lat' dir='ltr'><strong>lieri</strong></span> <span class='ocrx_word' id='word_1_347' title='bbox 900 4041 1055 4121; x_wconf 85' lang='lat' dir='ltr'><strong>praebendo</strong></span> <span class='ocrx_word' id='word_1_348' title='bbox 1075 4039 1174 4093; x_wconf 74' lang='lat' dir='ltr'><strong>unicus</strong></span> 
     </span>
    </p>
   </div>
   <div class='ocr_carea' id='block_1_21' title="bbox 729 4116 1272 4201">
    <p class='ocr_par' dir='ltr' id='par_1_21' title="bbox 729 4116 1272 4201">
     <span class='ocr_line' id='line_1_68' title="bbox 729 4116 1272 4201; baseline -0.015 -15"><span class='ocrx_word' id='word_1_349' title='bbox 729 4128 864 4191; x_wconf 82' lang='lat' dir='ltr'><strong>dominos.</strong></span> <span class='ocrx_word' id='word_1_350' title='bbox 884 4150 919 4191; x_wconf 86' lang='lat' dir='ltr'><strong>m.</strong></span> <span class='ocrx_word' id='word_1_351' title='bbox 938 4133 977 4186; x_wconf 67' lang='lat'><strong>2:</strong></span> <span class='ocrx_word' id='word_1_352' title='bbox 996 4124 1139 4201; x_wconf 71' lang='lat' dir='ltr'><strong>integris.</strong></span> <span class='ocrx_word' id='word_1_353' title='bbox 1225 4116 1236 4137; x_wconf 82' lang='lat'><strong>&#39;&#39;</strong></span> <span class='ocrx_word' id='word_1_354' title='bbox 1263 4138 1272 4147; x_wconf 72' lang='lat'>¹</span> 
     </span>
    </p>
   </div>
   <div class='ocr_carea' id='block_1_22' title="bbox 670 1927 1294 2004">
    <p class='ocr_par' dir='ltr' id='par_1_22' title="bbox 670 1922 1294 2004">
     <span class='ocr_line' id='line_1_69' title="bbox 670 1927 1294 2004; baseline -0.011 -5"><span class='ocrx_word' id='word_1_355' title='bbox 670 1945 695 2004; x_wconf 89' lang='lat'><strong>1.</strong></span> <span class='ocrx_word' id='word_1_356' title='bbox 723 1943 853 2000; x_wconf 72' lang='lat' dir='ltr'><strong>maiorue</strong></span> <span class='ocrx_word' id='word_1_357' title='bbox 872 1944 981 2000; x_wconf 67' lang='lat' dir='ltr'><strong>nemi:</strong></span> <span class='ocrx_word' id='word_1_358' title='bbox 999 1940 1049 1998; x_wconf 78' lang='lat' dir='ltr'><strong>Pil</strong></span> <span class='ocrx_word' id='word_1_359' title='bbox 1059 1938 1169 2000; x_wconf 71' lang='lat' dir='ltr'><strong>Laida.</strong></span> <span class='ocrx_word' id='word_1_360' title='bbox 1289 1927 1294 1939; x_wconf 75' lang='grc'><em>’</em></span> 
     </span>
    </p>
   </div>
   <div class='ocr_carea' id='block_1_23' title="bbox 1276 3604 1289 3635">
    <p class='ocr_par' dir='ltr' id='par_1_23' title="bbox 1276 3604 1289 3635">
     <span class='ocr_line' id='line_1_70' title="bbox 1276 3604 1289 3635; baseline 0 0"><span class='ocrx_word' id='word_1_361' title='bbox 1276 3604 1289 3635; x_wconf 65' lang='grc' dir='ltr'>ἱ</span> 
     </span>
    </p>
   </div>
   <div class='ocr_carea' id='block_1_24' title="bbox 0 0 1314 4590">
    <p class='ocr_par' dir='ltr' id='par_1_24' title="bbox 0 0 1314 4590">
     <span class='ocr_line' id='line_1_71' title="bbox 0 0 1314 4590; baseline 0 0"><span class='ocrx_word' id='word_1_362' title='bbox 0 0 1314 4590; x_wconf 95' lang='lat' dir='ltr'><strong> </strong></span> 
     </span>
    </p>
   </div>
  </div>
 </body>
</html>
