2618 4590
525 237 635 298 nutus
651 235 722 300 tht.
781 332 788 355 .
1115 228 1181 298 295
1262 282 1266 293 ,

74 401 265 470 concedunt.
304 401 331 468 si
353 423 451 491 quem
473 400 538 467 hoc
552 410 658 466 metus
675 400 780 469 dicere
796 399 953 493 prohibet,
975 427 1017 471 en
1031 427 1092 495 ego
1108 403 1177 497 ipse
1200 452 1203 461 -

73 508 221 575 audiente
249 530 316 572 non
344 505 466 595 populo
494 504 641 571 Romano
670 505 768 573 modo
802 516 979 596 senatuque
1011 510 1070 576 sed
1099 509 1175 577 love

72 611 143 701 ipso
167 611 222 699 qui
237 609 432 701 Capitolium
453 608 563 676 incolit
584 609 737 698 profiteor
758 635 811 679 me
834 611 992 679 dicturum
1004 625 1049 697 ut,
1072 613 1174 682 sinos

70 717 103 782 in
125 714 256 783 foedere
285 739 323 782 ac
351 715 504 783 societate
532 736 604 781 esse
632 715 745 800 velint,
779 715 946 783 consulem
974 716 1109 785 alterum
1132 719 1172 786 ab

71 820 163 886 nobis
186 831 379 910 senatusque
400 830 526 910 partem
542 818 731 910 accipiant“.
762 819 844 888 haec
860 820 1008 888 ferociter
1021 845 1087 889 non
1102 846 1173 890 sua·
1190 834 1208 890 5

71 923 157 991 denti
179 924 286 991 solum
308 924 365 991 sed
387 923 551 1015 pollicenti
572 923 713 991 clamore
743 936 776 992 et
806 925 943 992 adsensu
970 950 1082 993 omnes
1104 906 1173 1016 per·

67 1029 235 1110 miserunt,
264 1041 300 1096 ut
322 1040 429 1120 ageret
456 1029 639 1118 diceretque
667 1052 750 1120 quae
778 1054 797 1097 e
825 1029 1011 1121 republica
1034 1031 1172 1099 nominis

66 1133 170 1201 Latini
191 1133 319 1225 fideque
342 1156 399 1200 sua
421 1132 612 1202 viderentur.

153 1240 194 1307 V.
239 1238 303 1306 Ubi
324 1249 375 1306 est
396 1231 534 1306 Romam
555 1248 704 1322 ventum,
734 1239 769 1305 in
791 1237 951 1329 Capitolio
973 1240 1020 1307 eis
1042 1251 1171 1309 senatus

66 1346 158 1412 datus
188 1355 247 1412 est.
284 1343 328 1410 ibi
347 1368 426 1412 cum
448 1344 488 1411 Τ.
511 1343 649 1410 Manlius
681 1343 793 1423 consul
821 1343 938 1433 egisset
961 1366 1036 1411 cum
1059 1344 1104 1412 eis
1128 1366 1170 1412 ex
1182 1358 1219 1412 10

66 1450 253 1516 auctoritate
281 1460 411 1539 patrum
437 1473 478 1516 ne
507 1448 702 1516 Samnitibus
729 1447 900 1515 foederatis
927 1447 1049 1522 bellum
1076 1448 1169 1515 infer·

62 1566 143 1637 rent,
165 1555 296 1638 Annius,
317 1566 484 1644 tamquam
498 1554 601 1622 victor
618 1551 713 1618 antiis
727 1546 923 1642 Capitolium
944 1552 1081 1643 cepisset
1102 1576 1169 1621 non

58 1659 185 1748 legatus
207 1659 275 1724 iure
297 1660 440 1748 gentium
461 1670 549 1726 tutus
564 1658 759 1749 loqueretur,
781 1666 931 1745 „tempus
954 1661 1043 1724 erat“
1066 1655 1170 1747 inquit

61 1762 162 1846 „Tite
184 1760 288 1827 Manli
306 1785 433 1853 vosque
455 1773 564 1853 patres
592 1761 764 1851 consciipti
788 1760 919 1828 tandem
946 1759 1011 1825 iam
1032 1782 1091 1827 vos
1113 1784 1169 1829 no·
1262 1830 1265 1835 ,

59 1867 189 1934 biscum
210 1864 288 1931 nihil
309 1891 369 1958 pro
391 1867 527 1959 imperio
549 1892 659 1960 agere,
687 1890 767 1935 cum
789 1864 1050 1934 florentissimum
1072 1864 1169 1932 deum
1183 1868 1216 1924 ¹5

134 2075 314 2133 concedunt:
336 2074 363 2133 ll
385 2097 422 2138 m.
446 2080 471 2138 1.
489 2077 519 2138 Ρ.
546 2110 581 2121 -

130 2161 158 2219 tl
177 2183 213 2220 m.
231 2164 269 2218 2:
288 2175 416 2242 usurpate
432 2165 515 2223 modo
532 2185 581 2242 po·
723 2161 933 2240 rempublicam
955 2164 1073 2220 nominis
1092 2161 1170 2219 latini

132 2246 330 2327 stulando†qtl
354 2250 395 2308 illi
422 2263 473 2312 ost.
509 2251 580 2311 Cod.
723 2253 858 2327 fidemque
876 2269 952 2306 suam
970 2248 1169 2306 attinerevide-

130 2338 240 2398 Klool.:
268 2338 430 2414 postolando
448 2339 479 2397 id
497 2341 580 2417 quod.
721 2349 825 2403 rentur.
1174 2400 1177 2405 ,

132 2458 166 2467 -—
178 2425 251 2481 Harl.
260 2445 292 2485 1..·
309 2429 384 2483 taciti
398 2448 453 2483 non
472 2428 580 2489 cedunt.
669 2429 695 2486 9.
723 2428 755 2482 in
772 2425 912 2500 capitolio
925 2425 969 2481 eis
981 2434 1105 2483 senatus
1116 2426 1169 2484 do·

722 2523 775 2571 tus
803 2520 864 2569 est:
895 2511 956 2569 Pllz
988 2511 1047 2574 scil.
1076 2512 1169 2571 decem
1270 2518 1273 2523 “

723 2077 774 2134 tini
799 2083 850 2133 cet.
880 2070 947 2132 Lov.
971 2076 1009 2133 a:
1036 2094 1105 2151 quse
1133 2075 1170 2132 ad

81 2517 106 2573 l.
133 2535 170 2571 en
189 2533 244 2592 ego
264 2515 326 2588 ipse
343 2515 493 2576 audiente.
511 2527 539 2575 ἦ.
549 2523 580 2592 p.

133 2621 156 2659 r.
175 2599 265 2656 modo
284 2611 464 2680 senatuque:
482 2600 516 2662 ll.
544 2635 579 2647 -

132 2686 202 2746 Cod.
222 2687 292 2745 Get:
315 2709 349 2743 en
372 2708 421 2762 ego
446 2691 515 2765 ipse.
543 2687 580 2745 Pa

134 2793 168 2828 en
199 2774 259 2846 ipse
289 2772 414 2828 audiente
443 2795 508 2834 non.
538 2783 581 2853 pi.

133 2857 217 2916 modo
244 2867 295 2921 cet.
331 2859 363 2914 ln
389 2859 472 2919 Dral.
500 2861 581 2919 codd.

133 2945 193 3004 aliis
211 2946 319 3004 videtur
336 2967 373 3002 en
391 2947 533 3012 excidisse,
551 2949 580 3003 in

134 3035 195 3092 aliis
231 3055 294 3113 ego.
342 3033 431 3112 Supra
461 3035 579 3091 Annius:

133 3141 315 3201 „quamquam
335 3123 398 3197 ipse
416 3141 472 3200 ego
488 3119 581 3178 rettuli

133 3211 199 3287 quid
217 3208 375 3287 responderi
395 3208 543 3287 plaeeret“.
588 3260 595 3289 ·.

77 3301 104 3359 4.
131 3299 284 3355 consulem
309 3298 438 3353 alterum
463 3296 501 3353 ab
528 3317 579 3354 no·

133 3387 178 3443 bis
197 3391 379 3458 senatusque
394 3393 510 3459 partem
532 3403 580 3439 ae-

132 3473 258 3547 cipiunt:
278 3469 308 3528 P.
326 3500 357 3512 -
384 3470 423 3527 ll:
443 3471 580 3528 consulem

134 3557 248 3615 alterum
267 3557 299 3612 ab
319 3557 398 3613 nobis
420 3567 580 3635 senatusque

133 3647 376 3725 parts†accipiant
393 3645 459 3702 haec
480 3646 581 3703 leroter

133 3755 189 3807 uon
198 3733 322 3791 suadenti
335 3733 423 3790 salum
433 3742 483 3793 cet.
495 3736 579 3795 m.,3.:

132 3821 199 3878 haec
216 3820 352 3880 ferociter.

78 3902 106 3967 7.
135 3928 213 3985 quae
232 3929 248 3965 e
266 3918 327 3986 rep.
349 3908 476 3965 nonainis
495 3908 582 3964 latai·

126 3995 256 4072 fideque
274 4015 331 4052 suo
344 3995 531 4052 uiderentur:
551 3995 580 4054 P.

61 4158 64 4163 Ι
134 4112 168 4126 -
191 4080 232 4139 tl:
251 4084 390 4164 queisrep.
408 4084 525 4141 nominis
542 4080 580 4138 la·

723 2600 892 2677 principibus
920 2597 1079 2657 Latinorum
1114 2599 1169 2656 llo-

721 2706 792 2744 mam
800 2688 949 2773 —evocatis
976 2718 1011 2728 -
1039 2685 1101 2745 Plt:
1129 2687 1171 2744 ibt

723 2792 789 2828 cum
806 2785 826 2832 t.
845 2775 968 2830 mollius
979 2780 1039 2832 eoi.
1057 2776 1171 2853 egisset

722 2879 788 2914 eum
807 2862 850 2917 eis
868 2869 918 2916 cet.
936 2859 1017 2920 Voss.
1032 2878 1060 2916 u.
1079 2860 1168 2916 multl-
1277 2856 1280 2861 ’

723 2964 775 3020 que
805 2964 874 3003 rece.
905 2945 998 3005 codd:
1029 2946 1076 3004 ubi
1107 2967 1168 3004 cnm

721 3030 835 3089 Manlius
853 3043 905 3096 ost.

651 3121 695 3178 13.
720 3122 1170 3200 tempuseratinquittitemanli
1292 3119 1294 3123 ⁷

721 3226 844 3284 uosque.
854 3229 900 3285 pe.
909 3211 1030 3267 tandem
1040 3213 1100 3267 ium
1111 3230 1167 3267 uos

720 3295 874 3353 nobiseum
892 3296 969 3352 nihil
977 3317 1033 3371 pro
1045 3299 1166 3372 Imperio

721 3396 827 3459 agere:
840 3381 875 3440 ld.
887 3412 922 3425 -—
940 3381 974 3439 P:
991 3392 1098 3461 tempus
1110 3393 1168 3440 erat

722 3469 811 3544 inquit
834 3471 878 3524 titi
895 3467 977 3525 manli
995 3490 1072 3548 uosq.
1096 3479 1124 3551 p.
1142 3478 1166 3532 ὃ.

722 3567 773 3615 cet.
799 3553 892 3615 Lovel.
915 3558 956 3616 cl:
981 3566 1087 3633 tempus
1115 3561 1167 3615 erit
1206 3566 1209 3571 '

723 3653 773 3702 cet.
793 3644 865 3700 Dein
876 3643 1062 3725 recc.quidam
1073 3646 1165 3706 codd:
1244 3720 1253 3733 ,

721 3731 855 3787 sideritis.

651 3823 695 3880 15.
720 3840 787 3877 eum
800 3821 1051 3893 florentissimum
1077 3821 1166 3878 deum

721 3908 900 3986 benignitate
916 3918 986 3966 tunc
997 3910 1101 3965 latium
1118 3927 1166 3964 ar-

720 3995 778 4051 mis
807 3996 941 4072 uirisque
963 4005 1013 4054 cst.
1033 3993 1077 4067 tt]
1105 4016 1166 4053 cam

721 4080 940 4140 florentissimum
963 4111 997 4163 -5
1020 4078 1092 4140 nuos
1114 4082 1166 4141 La·
