2618 4590
165 254 233 326 388
624 266 735 329 mm
751 266 822 328 Vllt

169 433 326 502 deductus
348 454 454 501 annuo
476 432 633 525 stipendio
656 442 691 500 et
710 431 806 498 trium
827 450 976 498 mensum
999 429 1161 497 frumento
1185 452 1269 498 acce

41 526 47 538 ⁸
170 549 247 628 pto,
269 539 356 629 quod
378 537 542 628 pepigerat
564 536 678 605 consul
700 547 736 604 ut
758 547 884 625 tempus
903 533 1032 601 indutiis
1053 534 1146 602 claret
1165 536 1270 625 quoad

54 640 57 644 ’
94 662 97 667 ’
174 643 269 732 legati
290 642 455 709 redissent.
495 641 654 708 Samnites
682 640 783 730 copiis
804 639 921 721 isdem,
949 638 1068 729 quibus'
1086 636 1138 705 usi
1166 641 1269 709 adver·

173 770 228 814 sus
242 746 425 814 Romanum
446 744 568 813 bellum
582 746 716 827 fuerant,
737 755 848 811 contra
864 742 1020 809 Sidicinos
1035 742 1174 834 profecti
1188 743 1267 812 baud

142 851 205 918 bin
227 851 321 920 dubia
344 875 402 942 spe
432 863 521 920 erant
548 863 672 918 mature
699 850 785 917 urbis
813 848 954 916 bostium
981 848 1166 937 potiundae.
1205 860 1267 917 tunr

170 956 211 1022 ab
226 956 372 1025 Sidicinis
394 956 513 1023 deditio
535 955 623 1045 prius
648 956 689 1022 ad
703 955 865 1022 Romanos
881 962 995 1042 coeptu
1018 952 1087 1019 fieri
1108 964 1169 1037 est,
1191 954 1267 1037 dein,

133 1078 140 1103 ·
169 1072 344 1152 postquam
365 1071 471 1151 patres
494 1071 530 1127 ut
551 1084 656 1127 seram
678 1084 751 1127 eam
776 1058 952 1148 ultimaque
979 1057 1110 1123 tandem
1138 1058 1269 1125 necessi

50 1179 59 1193 ‘
171 1175 237 1232 tate
260 1188 447 1256 expressam
469 1165 732 1263 aspemabantur‚
760 1164 800 1231 ad
821 1162 952 1230 Latinos
980 1162 1045 1227 iam
1070 1184 1131 1227 sua
1158 1173 1269 1253 sponte

91 1270 94 1281 '
171 1267 205 1334 in
227 1292 315 1335 arma
341 1279 449 1335 motos
471 1269 554 1336 facta
577 1280 636 1336 est
668 1293 710 1336 ne
733 1267 888 1358 Campani
910 1266 1040 1357 quidem
1053 1302 1098 1317 -
1119 1267 1204 1335 adeo
1229 1268 1269 1334 iu·

126 1375 162 1432 1⁰
173 1372 271 1440 iuriae
286 1372 476 1440 Samnitium
499 1398 596 1464 quam
618 1373 763 1442 beneficii
776 1374 994 1440 Romanorum
1015 1371 1172 1439 memoria
1184 1396 1271 1462 prae·

66 1548 69 1553 ,
96 1498 101 1508 “
172 1476 294 1545 sentior
315 1489 383 1544 erat
404 1514 448 1526 —
470 1477 520 1545 his
549 1502 586 1547 se
615 1478 710 1546 armis
738 1478 928 1546 abstinuere.
966 1499 1008 1543 ex
1028 1476 1079 1542 his
1101 1485 1154 1543 tot
1173 1500 1271 1568 popu·

155 1581 213 1675 ‚lis
234 1604 317 1647 rmus
339 1582 451 1672 ingens
477 1584 635 1651 exereitus
667 1584 749 1652 duee
769 1583 883 1651 latino
910 1582 990 1648 smes
1011 1580 1204 1647 Samnitium
1230 1580 1270 1648 in·

172 1708 301 1776 gressus
322 1686 395 1776 plus
416 1687 676 1778 populationibus
698 1713 797 1780 quam
818 1686 946 1780 proeliis
969 1685 1108 1752 cladium
1128 1684 1220 1755 iecitt
1241 1695 1273 1753 et

174 1814 371 1881 quamquam
393 1792 571 1881 superiores
594 1794 818 1861 certaminibus
833 1791 936 1859 Latini
959 1801 1057 1873 erant
1077 1789 1166 1856 haud
1185 1788 1273 1857 inviti

129 1902 164 1958 15
175 1917 224 1962 ne·
244 1895 372 1986 saepius
401 1896 615 1964 dimicandum
642 1899 726 1966 foret
753 1921 828 1988 agro
855 1895 998 1963 hostium
1024 1918 1203 1962 excessere.
1242 1894 1274 1961 id

172 1999 313 2089 spatium
330 2001 525 2070 Samnitibus
548 2002 657 2069 datum
679 2013 728 2070 est
741 2003 879 2070 Romam
899 2001 1022 2092 legatos
1036 1999 1197 2067 mittendi:
1221 1998 1275 2090 qui

174 2127 249 2171 cum
271 2105 411 2174 adissent
432 2119 593 2189 senatum,
622 2107 790 2197 conquesti
811 2107 925 2174 cadem
947 2128 982 2173 se
1006 2105 1188 2173 foederatos
1209 2104 1275 2195 pati

174 2231 258 2299 quae
281 2209 391 2277 hostes
416 2222 523 2278 essent
549 2209 651 2300 passi,
682 2211 831 2301 precibus
863 2209 978 2278 infimis
998 2208 1119 2300 petiere
1141 2221 1180 2277 ut
1199 2209 1274 2277 satis

192 2357 219 2412 1.
245 2357 336 2413 trium
354 2376 503 2415 mensum:
525 2352 553 2413 Μ
571 2377 606 2417 ιιι.
624 2360 650 2413 1.
668 2354 691 2415 P
779 2361 806 2419 9.
832 2378 869 2416 ne
894 2357 1040 2433 Ccvnpam‘
1066 2357 1201 2434 quidemr
1227 2357 1276 2416 ΡΜ

167 2474 170 2481 .
244 2443 322 2502 Leid.
341 2463 364 2506 ι.
382 2476 416 2487 -
443 2441 471 2499 Μ
491 2463 527 2502 m.
551 2445 591 2503 ΡΑ
617 2464 692 2502 men·
832 2443 906 2503 Harl.
916 2444 1173 2507 1.Leid.r.·—Recc.
1183 2446 1276 2507 eotd:
1295 2478 1298 2483 ·

245 2531 325 2588 sium.
344 2530 388 2589 cf.
406 2533 432 2598 3,
445 2531 489 2590 24.
507 2533 534 2598 9,
547 2532 591 2586 dd.
610 2532 653 2599 29,
666 2534 692 2591 3.
831 2553 882 2589 nec
899 2534 1022 2609 campani
1040 2522 1158 2611 quidem.

245 2613 280 2674 sl.
299 2648 333 2660 —
351 2616 379 2674 M
396 2639 432 2678 m.
452 2622 491 2677 1.=
511 2627 596 2696 quoad
611 2617 692 2693 legati
763 2618 806 2676 11.
831 2640 874 2677 ea:
890 2619 938 2676 bis
956 2627 1001 2676 tot
1013 2623 1134 2696 populis
1145 2640 1224 2679 ursus
1235 2621 1277 2678 r'n·

245 2702 387 2764 redissent.
414 2736 449 2750 ··-
475 2705 498 2763 P
523 2725 559 2766 m.
583 2708 623 2766 1.=
649 2725 691 2763 re·
829 2721 907 2786 gens
923 2709 1073 2764 exercitus
1090 2708 1165 2765 duce
1179 2708 1276 2765 latino

245 2789 338 2852 disus.
824 2794 910 2870 fines
918 2792 1094 2853 Samnitium
1104 2796 1277 2873 digressus:

831 2879 859 2938 Μ
876 2900 912 2936 ιιι.
930 2883 956 2940 Ρ.
974 2880 1051 2940 Ρ.-
1067 2878 1276 2940 Mm.1.=line

831 2970 984 3024 samnitium
1002 2969 1142 3043 ingressus.
1155 2995 1191 3009 ·-·
1202 2965 1227 3024 P
1239 2989 1277 3030 m.

833 3057 872 3113 1.:
886 3053 1009 3133 gladium
1026 3054 1097 3113 feeit.

761 3141 805 3200 16.
833 3143 886 3217 qui
901 3161 966 3198 cum
976 3142 1276 3202 adiecerat-semum.-

831 3226 881 3284 ΡΜ
898 3228 931 3287 al.
950 3260 984 3271 -
1001 3227 1078 3287 Laid.
1088 3248 1107 3288 1.
1118 3226 1167 3289 at:
1187 3231 1274 3289 audis·

830 3320 955 3374 sent-
982 3314 1022 3373 M:
1048 3318 1193 3391 praecibus
1215 3316 1274 3375 inii-

830 3403 891 3460 mis.
908 3432 942 3444 -
960 3399 1024 3459 ΡΜι
1041 3401 1146 3480 petiere
1163 3414 1194 3462 ut
1210 3406 1275 3462 satis

191 2921 219 2982 3.
245 2923 337 2998 copiis
367 2922 478 2983 isdem:
503 2924 569 3000 ΡΜ]
602 2924 691 3004 copiis

113 3002 127 3025 ¹
244 3009 350 3070 iisdem.
365 3043 399 3054 -
416 3011 542 3069 Dukerus
559 3015 624 3079 „usi
643 3011 690 3068 ad·

244 3115 340 3152 uersus
374 3096 524 3152 Romanum
560 3098 690 3154 fuerant“

244 3180 328 3239 scribi
342 3178 437 3240 voluit.
450 3213 484 3224 -
497 3178 558 3237 Pbl:
576 3180 648 3239 haud
661 3185 690 3240 in

245 3266 327 3326 dubia
345 3289 394 3348 spo
412 3279 488 3325 erant
499 3278 602 3326 mature
615 3272 690 3328 urbis

244 3352 363 3415 bostium
375 3354 529 3436 potiundae.
546 3352 612 3417 Pall.
626 3361 650 3417 1.
663 3361 690 3417 3.

243 3442 323 3505 Voss.
335 3463 363 3504 11.
381 3442 428 3503 ab:
455 3443 526 3501 baud
550 3447 578 3502 in
606 3442 689 3501 dubio

244 3541 320 3588 erant
346 3531 407 3589 Cod
428 3528 536 3588 Kloclr:
554 3531 626 3589 baud
640 3529 689 3588 du·
829 3484 958 3546 damen*
985 3490 1091 3548 ¹⁸⁰¹¹¹³¹¹i
1126 3492 1274 3553 nimrim·

243 3618 289 3674 bia
306 3576 355 3695 spe
373 3576 456 3678 erant.
516 3575 523 3590 ·
830 3572 897 3637 M·
920 3580 945 3638 1·
967 3581 994 3637 3·
1025 3574 1103 3636 vm·
1119 3595 1153 3647 ¹¹«
1173 3578 1220 3636 &bt
1246 3588 1276 3639 ut

828 3664 966 3723 sufficeret
997 3665 1117 3723 romanis
1151 3668 1274 3726 uictoria.

190 3750 218 3809 b.
246 3747 316 3805 dein
325 3758 500 3826 postquam:
513 3749 561 3806 ΡΜ
570 3749 643 3810 Harl.
652 3753 687 3824 1.]
827 3752 952 3810 Doberos
974 3753 1147 3811 scribendum
1170 3764 1276 3812 censete

243 3835 341 3892 deinde
376 3847 519 3915 postquam
549 3839 644 3908 (Leid.
669 3859 687 3898 r.
827 3850 859 3897 ut
875 3843 942 3896 satis
954 3840 1082 3899 ducerent
1090 3841 1218 3909 Romani,
1235 3844 1276 3900 ri·

241 3922 321 3983 Voss.
333 3942 359 3982 u.
377 3921 431 3994 al.)
467 3923 510 3983 Cf.
528 3927 560 3993 6,
580 3929 622 3983 13.
642 3928 686 3986 29.
827 3930 940 3985 ctoriam
957 3927 1124 3987 Samnitibus
1142 3949 1177 3988 ex
1194 3928 1276 3988 Cam·

241 4009 275 4071 sl.
300 4040 334 4053 -·
364 4008 448 4067 Paulo
476 4021 538 4069 ants
558 4010 632 4073 Harl.
652 4032 685 4071 r:
826 4033 897 4089 pauo
915 4013 1092 4093 Sidicinoque
1118 4016 1199 4076 boste
1222 4019 1275 4075 eri·

243 4107 338 4176 coepta
356 4098 407 4156 feri
424 4106 474 4157 est.
825 4103 917 4175 puisse
935 4113 987 4162 eat.
