2618 4590
157 210 224 281 tro
426 302 429 306 Ι
620 220 729 281 unna
746 220 804 282 vu

66 380 70 395 ¹
165 388 374 471 decertarent,
396 385 546 477 dubiique
569 382 769 451 discesserint
790 419 834 432 —
855 382 888 450 ln
910 393 1012 450 casna
1034 379 1127 464 Galli,
1149 378 1263 451 Graeci

160 504 248 562 retro
270 493 311 559 ad
332 514 431 559 naves
447 527 492 542 —
507 489 610 557 victos
632 511 668 556 se
690 512 732 554 an
753 487 890 556 victores
911 496 1069 578 putarent.
1105 485 1187 552 inter
1202 485 1263 551 hoa

160 597 256 689 longe
278 596 435 663 maninus
457 594 560 662 extitit
580 604 683 662 terror
704 591 837 659 eoncilia
859 591 1055 682 populorum
1075 588 1262 657 Latinorum

162 701 203 768 ad
223 694 333 768 lucum
353 699 540 767 Ferentinae
562 697 671 765 habita
692 719 946 787 responsumque
968 695 1054 762 haud
1077 694 1263 784 ambiguum

124 804 389 896 nimperantibus
417 804 535 872 milites
557 801 709 869 Romanis
737 800 860 884 datum,
889 801 1077 875 absisterent
1104 800 1262 888 imperare

79 992 82 998 Ι
163 908 213 976 his
235 932 374 999 quorum
396 908 513 975 auxilio
543 899 687 998 egerent,
714 903 844 972 Latinos
870 930 929 996 pro
958 929 1015 972 sua
1040 905 1186 971 libertate
1208 927 1265 995 po-

161 1013 225 1080 tius
248 1037 347 1113 quarn
368 1037 427 1104 pro
457 1008 571 1086 aliene
589 1009 723 1102 imperio
751 1010 870 1083 laturos
898 1034 995 1087 arma.
1035 1008 1205 1076 interduo
1229 1008 1267 1074 si-

161 1116 231 1195 rnul
251 1115 337 1189 bella
359 1128 490 1193 externa
512 1116 690 1183 delectione
712 1114 809 1183 etiarn
823 1115 985 1185 sociorum
999 1125 1128 1181 senatus
1155 1112 1268 1191 anxius

165 1245 241 1291 cum
262 1233 407 1295 cerneret
428 1233 518 1289 metu
539 1218 695 1293 tenendos
717 1244 800 1310 quos
821 1221 901 1288 fides
928 1245 995 1287 non
1016 1217 1185 1299 tenuisset,
1213 1240 1268 1282 ex-

117 1325 298 1396 intendere
321 1348 433 1394 onmes
455 1324 579 1416 imperii
600 1324 683 1392 vires
712 1326 860 1394 consules
891 1325 1010 1391 dilectu
1036 1322 1184 1389 habendo
1207 1321 1268 1386 ius-

93 1504 98 1513 *
164 1429 220 1496 eit:
255 1428 339 1498 civili
367 1428 487 1521 quippe
513 1429 663 1497 standum
690 1431 832 1499 exercitu
860 1453 947 1514 esse,
985 1426 1114 1530 quando
1140 1424 1269 1494 socialis

236 1619 425 1690 lleererliiate‚
442 1619 500 1677 und
517 1621 684 1681 ebendieeer

236 1705 427 1789 Kitrtemtrieh
452 1727 508 1775 rou
542 1708 604 1766 dem
631 1709 684 1766 Ge-

79 1830 97 1841 ..
160 1852 163 1860 A
234 1795 684 1863 ataderonrlntiumanbirandio

234 1879 456 1957 Tibermdndung
480 1882 577 1938 warde
599 1882 685 1940 durch

236 1967 412 2025 Grieehleche
435 1967 583 2026 Seerduber
609 1971 683 2026 unai-

237 2052 302 2118 eler
311 2055 443 2131 gemacht,
461 2075 492 2112 so
507 2055 608 2113 daeeea
618 2057 683 2114 arri·

235 2141 319 2199 reden
337 2143 431 2198 dienen
443 2141 610 2200 Stertubern
628 2143 684 2210 und

236 2228 316 2300 jenen
343 2248 376 2284 au
402 2227 496 2284 Lande
523 2229 620 2285 einmal
650 2250 684 2296 zu

236 2313 684 2385 einerldrmliclrenSohlachtlam,

239 2397 284 2468 die
309 2399 382 2457 aber
411 2421 443 2456 eo
473 2401 684 2469 unentechieden

238 2485 341 2555 euaflel,
360 2487 432 2557 daea,
444 2488 483 2544 ale
495 2488 554 2544 eloh
567 2489 611 2545 die
621 2488 684 2545 Gal-

237 2569 290 2628 lier
301 2573 350 2630 aul
357 2576 416 2644 ihre
428 2574 619 2639 vereehanzten
629 2576 685 2633 Han.

237 2656 301 2727 lren,
319 2658 365 2715 die
377 2659 511 2733 Grleohen
523 2661 593 2719 nach
607 2663 685 2721 ihren

147 2791 152 2801 .
184 2746 188 2751 ’
237 2743 360 2815 Schill‘en
378 2749 569 2825 zurdclzogen,
594 2749 686 2808 lreiner

191 2838 193 2844 '
238 2852 292 2893 von
317 2834 416 2908 beiden
439 2836 553 2896 Thellen
567 2826 687 2907 ¹narsete⁹

239 2920 274 2977 ob
298 2942 329 2979 er
351 2923 411 2992 eielr
433 2923 478 2993 irie
499 2925 603 3002 beriegt
620 2926 687 2994 oder

238 3007 283 3064 tur
318 3009 370 3066 den
405 3011 499 3085 Sieger
535 3012 686 3071 anzueelren

238 3093 339 3153 halre“.
363 3095 407 3154 Cf.
419 3101 447 3165 6,
458 3099 497 3154 d:
515 3097 660 3174 laborque.

186 3179 213 3247 2.
241 3180 318 3236 inter
339 3181 396 3238 hoe
423 3184 513 3261 longe
536 3180 688 3243 medimna

238 3269 338 3335 extitit
348 3276 461 3325 terror:
473 3268 530 3328 ΡΜ.
550 3269 623 3327 Inter
634 3271 686 3329 hos

239 3355 297 3421 aive
313 3363 445 3422 terrores
461 3358 521 3428 eive
531 3366 637 3417 mores.
650 3389 685 3402 —

118 3440 139 3473 ·“
241 3438 311 3516 θοὰ,
329 3443 386 3519 sig.
404 3442 451 3502 al.:
469 3445 541 3501 inter
557 3445 631 3505 haee.
650 3475 686 3499 -.

239 3527 304 3597 llll:
340 3531 375 3598 ad
402 3530 494 3601 lucum
518 3531 687 3603 Ferentinae,

241 3613 285 3670 cr.
305 3619 330 3684 1,
348 3620 392 3687 uo,

187 3701 215 3770 5,
241 3701 419 3760 absisterent
448 3708 594 3782 imperare
622 3706 688 3765 hr'e:

242 3786 281 3874 P]
301 3788 459 3847 absisterent
485 3797 618 3872 imperare
643 3796 688 3865 iia

243 3905 277 3929 .—
303 3873 343 3932 dl:
370 3878 500 3955 imperare
522 3882 549 3938 ir
572 3902 688 3958 quorum

243 3971 294 4023 eet.
312 3991 348 4004 -
364 3960 404 4031 Ill:
422 3963 521 4023 latinos
538 3968 589 4046 pro
606 3971 687 4026 selua

243 4046 375 4120 libertate
402 4082 437 4100 -
466 4051 549 4113 Paulo
567 4066 630 4141 poet
647 4054 674 4120 ll
680 4077 688 4120 a,

826 1630 899 1679 metu
917 1619 1061 1685 tenendus.
1085 1650 1120 1663 -
1147 1596 1221 1675 Hail.
1239 1633 1270 1674 L:

826 1711 857 1765 in
875 1708 928 1765 duo
947 1705 1027 1764 simul
1044 1704 1123 1764 bella.

772 1797 799 1856 9.
825 1795 988 1854 extendere
1018 1812 1121 1851 omnee
1156 1791 1274 1866 imperii

827 1885 908 1952 uiree
922 1887 999 1941 cord.
1012 1882 1122 1937 dilecte
1134 1877 1273 1935 habendo

826 1971 930 2027 inerit:
952 1967 1010 2027 ΡΜ.
1045 1968 1077 2023 ln
1099 1966 1194 2041 fragm.
1215 1962 1272 2023 Ha·

822 2076 895 2116 vere.
931 2075 987 2112 non
1025 2053 1188 2112 extendere
1222 2049 1273 2111 sed

824 2143 981 2201 ostendere
992 2144 1124 2219 seriptum
1137 2148 1186 2208 eet,
1199 2137 1274 2215 quod

824 2226 1055 2286 Drakenborchio'
1075 2226 1183 2302 placere
1216 2245 1272 2282 non

824 2315 949 2374 debebat.

755 2406 799 2477 11,
827 2404 911 2460 eiur'li
933 2404 1040 2479 quippe
1060 2402 1203 2459 standum
1220 2420 1272 2457 ear-

825 2493 918 2561 erer‘tu
935 2487 1002 2546 esee
1015 2490 1136 2565 quando
1149 2489 1273 2545 socialia

826 2574 1273 2647 eoetuedesereretrP.—ll:ei·

826 2663 876 2721 nili
885 2664 1107 2739 quipreetandurn
1122 2664 1274 2718 exereitum

826 2756 872 2811 det
883 2749 991 2828 quando
1004 2750 1113 2806 socialia
1123 2757 1217 2805 ooetur
1227 2747 1274 2804 de·

827 2836 938 2907 peraret.
951 2868 984 2879 -
994 2837 1026 2893 lu
1039 2857 1094 2893 uno
1103 2837 1194 2895 Oxon.
1203 2835 1273 2891 libro

826 2935 929 2996 ¹eoetree
940 2924 1041 2981 excidit
1057 2934 1085 2980 et
1095 2927 1125 2980 in
1134 2922 1195 2982 eod
1207 2921 1273 2978 Klo-

828 3012 924 3082 ekiano
941 3014 1071 3089 scripturn
1090 3020 1132 3067 eet
1144 3008 1273 3099 ‚grande

827 3099 1274 3173 ¹socialiapurtesdeaereret‘.ner.

827 3195 918 3245 temen
932 3196 1035 3261 parter
1045 3187 1089 3244 vel
1103 3183 1192 3242 simile
1209 3182 1276 3260 quid

827 3292 883 3329 non
901 3267 1049 3331 deeiderari
1062 3286 1223 3350 quemquam
1236 3270 1275 3327 lu·

826 3361 905 3447 gerit,
928 3380 988 3417 eum
1013 3359 1082 3416 nihil
1108 3358 1276 3434 frequentius

827 3449 879 3515 eit,
906 3467 986 3522 quam
1008 3457 1039 3504 ut
1060 3449 1098 3503 ita
1124 3444 1277 3522 pronomen

828 3532 976 3612 quoddam,
1004 3535 1078 3611 quod
1095 3531 1170 3588 sacili
1188 3534 1278 3589 oonia-

828 3608 903 3687 e'tu'ra
921 3619 1041 3698 suppleri
1054 3623 1182 3698 potuerit,
1200 3638 1277 3697 prae·

828 3705 982 3781 termissuin
994 3709 1038 3767 sit.
1059 3706 1094 3765 cl.
1108 3709 1133 3774 5,
1145 3708 1172 3766 4.
1184 3705 1278 3783 „quod

829 3795 864 3852 ad
881 3794 1107 3875 perseverandum
1124 3792 1279 3853 atimulet“.

827 3883 859 3938 ln
876 3879 944 3940 r'oce
961 3892 1061 3939 coetus
1080 3900 1147 3942 vero
1165 3879 1280 3959 plurimi

827 3968 1174 4048 interpreteaollenderunt,
1183 3987 1278 4046 quarn.

829 4076 908 4135 quana
926 4076 983 4121 eam
996 4076 1051 4117 nnn
1063 4056 1145 4115 modo
1156 4054 1281 4115 oninium
