2618 4590
483 361 486 368 .
532 301 702 363 unusve
1126 286 1172 360 ⁸³

64 467 193 562 pinquis
214 465 335 536 itineris
356 465 452 550 locis,
479 485 546 533 non
573 462 678 532 cultus
705 484 854 553 agrorum
878 462 1088 553 intemrissus,
1114 492 1169 561 pa·

65 573 207 641 tentibus
229 571 330 662 portis
352 568 438 637 urbis
459 569 558 662 togati
581 567 710 637 obviam
723 567 908 660 frequentes
926 569 1169 664 imperatoribus
1248 578 1263 607 ⁰

64 680 272 771 processere,
300 686 497 743 commeatus
520 671 673 742 exercitui
696 672 829 741 comiter
849 673 883 740 in
904 687 1005 743 castra
1028 702 1069 745 ex
1088 679 1168 747 urbe
1205 745 1210 757 ,

66 795 102 851 et
123 807 164 848 ex
187 781 267 872 agris
297 780 469 848 devehitur.
508 777 662 846 Camillus
689 778 799 846 castris
826 791 900 847 ante
926 791 1035 870 portas
1057 783 1168 871 positis

67 888 223 953 eademne
244 885 346 952 forma
367 884 464 981 pacis,
485 907 569 975 quae
592 884 626 951 in
648 881 728 973 agris
751 895 974 969 ostentaretur,
1009 884 1104 952 etiam
1124 886 1198 953 ius

65 1002 115 1056 tra
137 988 263 1057 moenia
284 988 378 1055 esset
391 989 472 1057 seire
494 988 639 1080 cupiens,
667 988 826 1078 ingressus
847 991 962 1058 urbem
983 989 1039 1057 ubi
1061 1001 1169 1080 paten-

22 1174 24 1178 t
63 1106 113 1161 tes
135 1095 243 1161 ianuas
266 1105 300 1161 et
321 1093 461 1162 tabernis
484 1093 600 1186 apertis
622 1093 785 1185 proposita
806 1096 915 1163 ‘omnia
941 1095 974 1163 in
995 1095 1104 1162 medio
1126 1095 1171 1163 vi·

52 1199 118 1282 'dit
138 1200 342 1289 intentosque
365 1190 497 1291 opifices
518 1222 579 1267 suo
601 1222 766 1291 quemque
787 1199 890 1290 operi,
917 1211 950 1268 et
971 1199 1066 1267 ludos
1088 1199 1170 1267 litte·

60 1328 170 1371 rarum
192 1315 334 1394 strepere
357 1304 545 1373 discentium
565 1304 714 1388 vocibus,
743 1328 781 1371 ac
807 1305 946 1395 repletas
972 1304 1102 1373 semitas
1123 1304 1169 1372 in·
1254 1316 1263 1331 ‘

61 1419 113 1477 ter
126 1408 241 1499 wilgils
262 1408 348 1475 aliud
369 1432 543 1498 puerorum
559 1421 592 1477 et
605 1408 776 1477 mulierum
796 1409 862 1477 huc
884 1422 979 1502 atque
994 1410 1070 1478 illuc
1088 1413 1213 1477 eun-10

60 1512 143 1580 tium
165 1538 228 1604 qua
251 1536 413 1603 quemque
435 1537 568 1580 suorum
588 1537 708 1581 usuum
730 1537 845 1582 causae
868 1514 995 1598 teuent,
1016 1514 1095 1581 nihil
1116 1516 1168 1582 u's-

62 1640 162 1708 quam
183 1641 249 1684 non
270 1617 393 1708 paridis
414 1619 513 1685 modo
536 1619 594 1685 sed
615 1642 658 1685 ne
685 1618 873 1684 mirantibus
901 1619 1032 1709 quidem
1054 1619 1167 1704 simile,

61 1721 338 1811 circumspiciebat
360 1721 465 1788 omnia
487 1722 648 1813 inquirens
672 1722 773 1790 oculis
795 1722 927 1789 ubinam
950 1722 1072 1790 bellum
1094 1723 1168 1790 fuis·

59 1838 129 1894 set:
167 1827 247 1893 adeo
269 1848 332 1891 nec
353 1836 478 1892 amotae
505 1827 552 1894 rei
572 1851 710 1919 usquam
737 1851 799 1895 nec
821 1827 949 1894 oblatae
972 1827 1013 1894 ad
1038 1837 1168 1916 tempus

59 1929 233 2021 vestigium
253 1927 357 1995 ullum
373 1940 449 2011 erat,
471 1931 586 1997 sedita
609 1933 716 1998 omnia
732 1930 889 1999 constanti
904 1930 1072 2022 tranquilla
1086 1953 1168 2021 pace
1181 1936 1215 1994 15
1236 1960 1242 1970 ·

59 2045 162 2108 uteo
184 2035 238 2104 vix
260 2032 346 2101 fama
367 2032 444 2100 belli
465 2032 588 2125 perlata
610 2035 710 2104 videri
736 2044 858 2126 posset.

79 2226 107 2284 ἅ.
135 2185 315 2281 desciuere*
325 2221 357 2283 P.
376 2247 416 2266 ·-
441 2220 481 2280 lle
500 2221 579 2283 ‹lene-

92 2383 96 2394 .
130 2312 199 2388 huy.
212 2343 247 2354 -
264 2309 337 2369 Harl.
349 2329 367 2368 1.
384 2307 487 2370 Leiria.
498 2311 578 2388 penio

133 2410 195 2457 aute
206 2409 394 2470 „commeatus
409 2401 580 2459 exercitus“.

722 2226 787 2284 dum
793 2226 902 2301 plenus
912 2232 939 2280 et
948 2221 1168 2297 refertusmoio

721 2333 783 2370 eum
796 2314 914 2388 genitivo
927 2311 1009 2369 modo
1024 2331 1084 2370 cum
1093 2312 1168 2377 ubla-

720 2398 1169 2481 tivoconiungebnntnr.-liarl.t.=

654 2478 657 2483 ¹
719 2507 803 2564 quem
820 2494 952 2565 quemque
969 2496 1021 2546 eet.

649 2575 693 2632 1t.
720 2595 774 2631 nee
803 2576 923 2633 oblutas
957 2575 1002 2632 od
1035 2585 1168 2650 tempusr

718 2660 781 2718 PM:
799 2661 826 2720 b.
839 2683 863 2719 e.
875 2662 949 2738 quod
960 2682 1088 2738 praesens
1100 2671 1166 2719 tem·

718 2767 771 2826 pus
794 2747 930 2825 postulare
946 2749 1096 2816 videretur,
1120 2756 1168 2802 eut

720 2832 795 2909 qued
812 2837 949 2910 praesenti
961 2854 1052 2890 rernm
1069 2833 1167 2889 rationi

720 2920 950 2978 accommodatum
969 2929 1048 2979 esset.

24 2601 26 2604 v
77 2535 105 2590 7.
129 2533 284 2608 proposito
305 2533 406 2588 omnio
431 2532 463 2617 io
479 2530 577 2588 medio

131 2619 225 2676 uidit:
248 2617 305 2680 ΡΜ.
333 2648 368 2659 —-
394 2616 476 2677 Reos.
502 2617 577 2695 quid.

55 2765 58 2769 ,
131 2705 225 2764 endu:
248 2707 277 2762 in
296 2705 386 2763 modio
398 2705 476 2776 soro
498 2705 577 2764 uidit.

130 2822 167 2836 ··-
183 2790 211 2849 iii
228 2811 265 2852 m.
277 2793 303 2850 2.
315 2790 349 2846 P:
368 2801 396 2846 et
408 2790 489 2847 ludos
505 2790 578 2846 litte·

129 2900 220 2937 rurum
230 2887 350 2956 strepere
360 2877 520 2934 discentium
529 2896 577 2933 no·

22 2943 25 2953 ι
61 3008 65 3019 a
130 2968 216 3026 cibus.
245 2965 274 3024 lli
296 2985 333 3025 m.
356 2967 395 3025 1.=
422 2964 578 3024 dicentium.

129 3054 196 3114 Pell.
215 3053 269 3111 duo
287 3051 368 3111 Voss.
381 3071 408 3109 11.
426 3049 474 3110 al:
491 3060 518 3107 et
536 3051 576 3108 ui·

129 3162 177 3199 cos
198 3139 301 3199 litteras
322 3150 443 3216 strepere
458 3137 577 3196 discen·

128 3230 199 3286 tium
213 3228 336 3288 uocibus.

76 3362 103 3421 9.
130 3378 168 3415 ac
193 3361 323 3434 repletas
349 3360 472 3417 semitas
499 3358 577 3416 inter

130 3446 241 3523 uulgus
265 3447 340 3501 aliut
358 3464 520 3520 puerorum
546 3451 577 3502 et

129 3534 303 3592 mulierum:
319 3531 350 3590 P.
370 3562 404 3575 -
424 3531 465 3589 Ill:
485 3545 516 3589 e'c
532 3552 575 3589 re·

128 3621 217 3700 pletas
240 3620 348 3675 semitas
371 3620 440 3674 iuter
462 3618 575 3676 uulscus

129 3706 203 3765 aliud
215 3707 220 3781 Ι
236 3724 381 3782 puerorum
390 3714 417 3761 et
425 3702 575 3783 mulierum.

128 3827 165 3841 -·
182 3794 315 3855 Semitas
327 3795 455 3869 repletos
470 3807 576 3867 puero·

129 3904 196 3943 rum
209 3892 238 3941 et
254 3884 410 3940 mulierum
420 3901 474 3937 non
493 3878 577 3936 inele-

128 3981 223 4046 ganter
237 3968 332 4029 Livius
351 3961 515 4028 Graecorum
532 3988 574 4025 ra·

128 4059 203 4112 tione
224 4078 274 4134 pro
296 4051 436 4117 usitatiore
457 4056 574 4114 ablativo

22 4190 26 4201 .
114 4141 213 4209 'latino
230 4147 349 4224 scripsit,
365 4166 446 4224 quem
464 4143 499 4203 sil
514 4163 572 4203 mo·

649 3007 693 3067 15.
720 3007 780 3065 sed
806 3009 850 3064 its
884 3008 985 3066 omnia
1019 3007 1170 3078 constanti

717 3096 886 3172 tranquilla
899 3118 992 3174 paee:
1010 3095 1073 3156 Piis
1096 3095 1124 3155 b.
1141 3113 1165 3156 e.

716 3182 767 3241 sed
783 3186 821 3241 ita
835 3188 925 3244 omnia
939 3184 1081 3263 tranquilla
1090 3190 1166 3240 erent

666 3336 668 3340 v
717 3275 853 3329 constanti
870 3292 946 3348 pace.
962 3272 1025 3328 Non
1036 3270 1103 3327 Ten.
1115 3267 1164 3324 Fa·

716 3359 796 3416 brom
813 3357 909 3423 modo,
934 3358 981 3432 qui
998 3355 1166 3430 tranquilla

717 3465 773 3502 non
791 3444 826 3499 ad
849 3443 949 3498 omniu
972 3441 1020 3498 sed
1040 3442 1074 3496 ad
1090 3461 1165 3516 paco
1266 3482 1271 3497 t

714 3530 885 3589 referendum
904 3536 976 3584 ratus
988 3530 1166 3586 constabant

716 3619 799 3677 scribi
816 3615 913 3683 vellet,
931 3613 1077 3673 sedetiam
1095 3617 1163 3673 anti·

716 3709 826 3784 quiores
844 3703 967 3760 librarios
986 3723 1066 3762 verus
1077 3701 1164 3777 ,huius

716 3793 770 3851 ioci
788 3811 883 3850 sensns
901 3791 977 3866 fugit.
1004 3793 1033 3848 in
1050 3788 1126 3851 Harl.
1144 3809 1164 3850 1.

717 3883 790 3937 enim
802 3882 931 3956 scriptum
944 3889 986 3935 est
1003 3888 1163 3947 „courmo-

715 3968 794 4036 tia“‚
817 3976 845 4024 et
868 3969 897 4024 in
913 3965 1027 4024 flavere.
1050 3963 1164 4042 aliisque

714 4075 785 4115 rece.
803 4054 882 4115 codd.
901 4054 1014 4125 „omnia
1027 4051 1162 4137 consumi

713 4141 917 4223 tranquillaque
933 4133 1034 4220 pscs“.
1159 4134 1161 4139 ’

787 4238 793 4259 ι
914 4230 962 4296 6*
