2618 4590
67 198 70 215 ¹
164 234 210 337 ὕ,
631 245 741 307 ausa
758 245 804 312 u.

82 398 85 405 ’
165 412 252 481 cium
272 434 365 481 reum
384 408 590 479 intuebuntur
610 421 644 479 et
664 410 753 502 regni
774 409 895 480 crimen
915 410 949 477 in
962 409 1080 495 medio,
1101 410 1180 479 nulli
1201 434 1268 481 ma·

166 517 214 609 gis
236 542 335 609 quam
355 515 492 583 libertati
512 514 665 583 favebunt
686 520 800 584 suae“.

254 620 329 691 XX.
371 618 629 710 Adprobantibus
651 620 772 689 cunetis
788 620 873 687 diem
886 616 1007 687 Manlio
1030 618 1149 689 diermt.
1178 621 1268 712 quod

166 726 223 795 ubi
244 739 292 795 est
313 726 442 809 factum,
463 725 567 816 primo
590 735 752 792 commota
773 725 865 815 plebs
881 736 939 807 est,
959 724 1070 815 utique
1091 736 1268 816 postquam

136 832 362 899 usordidaann
382 855 476 897 reum
502 830 648 896 viderunt
676 852 737 895 nee
766 853 841 896 cum
863 852 902 896 eo
925 852 990 896 non
1017 830 1115 899 modo
1138 842 1269 920 patrum

166 960 362 1027 quemquam
384 934 442 1001 sed
464 958 505 1001 ue
528 944 680 1023 cognatos
703 934 834 1026 quidem
855 945 910 1001 ant
938 932 1074 1017 adfines,
1100 947 1266 1025 postremo

163 1064 204 1108 ne
227 1040 340 1109 iratres
363 1039 494 1129 quidem
514 1038 634 1106 Aulum
657 1050 689 1107 et
710 1039 821 1107 Titum
842 1038 995 1107 Manlios:
1017 1038 1106 1129 quod
1129 1040 1169 1105 ad
1192 1065 1269 1109 eum

164 1146 252 1213 diem
272 1167 532 1235 numquamusu
547 1144 695 1212 ¹venisset
716 1156 752 1212 ut
773 1145 806 1211 in
828 1155 916 1213 tanto
945 1143 1124 1210 discrimine
1146 1168 1214 1213 nou
1235 1158 1270 1214 et

163 1250 303 1340 proximi
330 1260 455 1316 vestem
482 1260 651 1317 mutarent
695 1247 757 1341 Ap.
787 1248 920 1317 Claudio
949 1248 982 1314 iu
1009 1247 1136 1316 vincula
1169 1250 1267 1321 ducto

117 1353 202 1435 100.
227 1354 397 1421 Claudium
417 1353 580 1420 inimicum
602 1351 831 1444 Claudiamque
860 1376 990 1420 omnem
1018 1364 1148 1442 gentem
1169 1356 1268 1423 sordi-

164 1458 272 1539 datam
299 1459 407 1526 fuisse.
451 1481 610 1526 consensu
641 1458 777 1549 opprimi
804 1458 994 1550 popularem
1021 1457 1140 1542 vimm,
1177 1460 1268 1550 quod

162 1562 285 1652 primus
312 1586 331 1628 a
358 1563 499 1654 patribus
526 1564 567 1630 ad
595 1564 724 1654 plebem
752 1564 930 1631 defecisset.
974 1586 1049 1629 cum
1071 1562 1138 1630 dies
1170 1566 1275 1651 venit,¹

164 1691 247 1757 quae
269 1679 396 1758 praeter
417 1680 528 1736 coetus
549 1667 756 1735 multitudinis
778 1667 1007 1757 seditiosasque
1029 1691 1127 1735 voees
1149 1679 1183 1734 et
1205 1669 1265 1735 lar·

70 1840 75 1847 ,
162 1771 315 1860 gillonem
338 1783 371 1839 et
393 1774 490 1840 fallax
511 1774 662 1851 indicium
682 1772 871 1864 pertinentia
891 1772 1020 1863 proprIe
1043 1772 1083 1837 ad
1104 1773 1194 1862 regni
1211 1772 1268 1841 cri·

117 1890 150 1945 15
162 1874 238 1943 nien
261 1877 302 1942 ab
324 1877 561 1945 accusatoribus
584 1876 707 1945 obieeta
731 1877 793 1944 sint
813 1902 887 1960 reo,
922 1876 1009 1967 apud
1029 1875 1192 1943 neminem
1214 1901 1267 1944 au·

162 1992 285 2048 ctorem
310 1981 449 2051 invenio.
486 2008 547 2051 nec
576 1980 686 2049 dubito
714 1981 802 2048 haud
828 2006 926 2072 parva
953 1981 1070 2064 brisso,
1104 2006 1179 2049 eum
1213 1983 1265 2049 da·

160 2086 290 2152 mnandi
311 2111 402 2179 mora
425 2089 512 2180 plebi
533 2088 653 2156 nonin
675 2109 771 2175 eausa
799 2086 857 2152 sed
881 2085 915 2151 in
942 2084 1015 2153 loeo
1044 2086 1148 2153 firerit.
1186 2086 1266 2155 illud

160 2191 338 2277 notandum
359 2192 493 2274 videtur,
515 2203 552 2260 ut
572 2192 674 2259 sciant
687 2190 834 2257 homiues
857 2212 941 2280 quae
963 2202 996 2257 et
1013 2202 1131 2282 quanta
1149 2192 1266 2258 deeora

162 2292 258 2359 foeda
281 2294 436 2384 cupiditas
463 2295 551 2386 regni
575 2320 642 2364 non
669 2297 791 2389 ingrata
823 2295 931 2362 solum
957 2295 1015 2363 sed
1042 2293 1144 2363 invisa
1168 2295 1266 2363 etiam

167 2424 205 2480 -3,
234 2424 317 2502 quod
334 2425 386 2480 ubi
404 2434 449 2483 est
464 2425 601 2498 factum:
618 2424 677 2487 PM.
820 2425 918 2483 mediis
944 2427 1070 2483 omnibus
1093 2428 1264 2505 praetermis·

232 2543 268 2553 —-
285 2510 359 2569 Harl.
376 2532 395 2570 1.
413 2511 460 2571 al:
483 2513 556 2589 quod
574 2513 621 2570 ubi
639 2513 677 2570 sa·
818 2515 867 2571 sis.
885 2512 928 2573 Gi.
947 2516 973 2582 6,
993 2515 1047 2572 tt:
1065 2523 1095 2570 ut
1112 2515 1198 2571 maior
1215 2535 1265 2591 po·

232 2608 304 2655 ctum
333 2608 381 2658 est.
412 2630 447 2640 —
481 2599 545 2656 Pll:
576 2602 678 2676 utique
819 2609 901 2657 testas
936 2611 1116 2678 quaereretur.
1151 2632 1188 2645 -
1222 2602 1264 2659 tta

228 2695 388 2761 postquam
398 2687 587 2744 sordidatum
595 2708 677 2744 reum
815 2690 957 2763 propriae.
975 2717 1012 2730 ·-
1032 2687 1068 2745 P:
1086 2688 1119 2744 ab
1137 2709 1265 2747 aceuaaa·

232 2773 379 2833 ur'derunt.
405 2772 486 2834 Reae.
504 2774 599 2835 codd.:
617 2796 676 2832 sor·
817 2774 930 2834 toribus.
942 2804 977 2817 -
988 2773 1016 2831 lll
1033 2795 1068 2836 m.
1087 2779 1125 2835 1.:
1144 2775 1262 2851 obiecta!

231 2858 352 2917 dilatum
378 2863 505 2918 uiderunt
529 2883 613 2923 reum.
641 2895 676 2907 -
818 2863 933 2931 in†reo.
963 2862 1043 2922 blm.
1061 2864 1087 2924 4.
1105 2862 1141 2921 P:
1159 2863 1264 2922 abiecta

229 2946 299 3007 Pria.
315 2952 355 3007 1.:
373 2949 463 3006 aulum
481 2960 508 3006 et
518 2952 597 3007 titum
609 2949 675 3006 mal·
816 2951 871 3006 sint
889 2970 945 3009 reo.

231 3033 277 3092 lio.
304 3057 339 3092 m.
358 3038 398 3094 Ἅι
417 3036 529 3094 manlio.
556 3036 596 3093 bl:
620 3037 677 3093 ma·'
747 3037 790 3093 17.
819 3057 880 3092 non
905 3039 936 3092 in
958 3057 1051 3094 causa
1074 3037 1179 3096 sedin
1196 3038 1262 3095 loco

231 3118 292 3178 lios.
319 3120 393 3181 Harl.
416 3143 449 3181 uz
472 3120 609 3180 manlieos.
639 3118 675 3164 --'
810 3123 924 3195 fuerit:
942 3123 965 3179 P
982 3145 1018 3183 m.
1035 3126 1061 3183 2.
1078 3124 1114 3183 tt
1133 3156 1167 3166 -
1185 3122 1208 3181 P
1225 3145 1261 3184 m.

230 3204 258 3263 lll
280 3226 316 3266 m.
345 3210 368 3263 1.
392 3206 428 3263 P:
456 3228 599 3285 numquam
622 3230 674 3268 usu
817 3212 857 3268 1.:
884 3209 933 3266 'sed
960 3210 1098 3268 inlesuerit
1123 3211 1184 3268 illut
1210 3221 1261 3272 cet.

230 3295 355 3353 uenisset.
376 3294 404 3352 Μ
419 3315 455 3354 m.
468 3297 508 3354 3.:
527 3298 674 3356 uenissent.
816 3295 901 3366 „Una
915 3297 960 3353 ich
972 3299 1019 3355 bin
1031 3300 1183 3374 tiberaeugt,
1197 3299 1261 3356 dass

227 3414 261 3424 -
285 3381 307 3438 P
324 3403 359 3442 m.
378 3385 404 3440 2.
422 3383 462 3441 lll:
487 3403 542 3439 non
564 3393 594 3440 et
608 3405 672 3462 pro·
814 3385 858 3440 die
875 3385 932 3441 ihm
950 3386 1138 3461 vergebaltene
1156 3386 1260 3443 Scbultl

120 3494 126 3503 ·
225 3472 299 3526 ximi.
317 3469 383 3529 Pm.
399 3472 435 3530 L:
451 3475 671 3547 nonexproximi.
813 3489 868 3529 van
885 3491 1005 3546 grossum
1023 3473 1154 3549 Umlairge
1172 3494 1260 3550 gewa-

224 3554 307 3613 Reee.
325 3557 417 3618 coda:
436 3577 492 3614 non
510 3560 589 3614 etiam
606 3579 671 3636 pro·
814 3578 871 3627 sen,
890 3559 924 3616 da
937 3559 1012 3616 nieht
1026 3561 1069 3617 die
1082 3561 1178 3630 Saehe,
1195 3580 1259 3618 son-

225 3643 300 3697 ximi.
814 3646 880 3702 dern
907 3667 958 3703 nur
984 3647 1033 3704 der
1059 3647 1187 3705 Hiublielr
1214 3647 1261 3707 aul

154 3729 198 3787 13.
228 3748 305 3803 quae
320 3738 439 3801 praeter
455 3741 554 3791 coetus
572 3735 668 3790 multz'·
811 3732 860 3790 «las
872 3732 989 3812 Capitol,
1007 3735 1116 3792 daseia
1133 3756 1165 3792 so
1183 3755 1258 3815 apre-

224 3815 337 3871 tudinis
348 3817 568 3896 seditiosasque
580 3842 669 3879 uoces
810 3819 928 3878 cbendes
958 3824 1087 3899 Zeuguiss
1116 3845 1171 3881 von
1205 3824 1259 3880 den

222 3903 451 3981 etlargitionem
462 3916 491 3962 et
501 3907 612 3978 fallax
624 3909 668 3964 in·
809 3897 988 3967 Verdiensten
1006 3911 1054 3966 des
1067 3911 1178 3967 lllannes
1197 3912 1257 3985 gab,

222 3989 332 4046 dicim
345 3995 539 4066 pertinentia:
557 3993 613 4053 ΡΜ.
632 4023 667 4034 -
810 3994 858 4052 das
876 3996 992 4054 Vallia
1013 4000 1114 4055 seinem
1132 3997 1256 4058 Urtbeile

219 4074 293 4136 Harl.
319 4096 353 4138 a:
384 4099 462 4158 quoe
487 4081 667 4155 pertinentia
807 4082 989 4144 schwanlrend
1007 4085 1143 4150 machta“.
