2618 4590
502 236 698 301 umnaun.
799 194 802 201 ’
891 219 898 239 “
1016 287 1018 309 ,
1086 228 1151 296 313
1229 314 1232 323 Ι

44 396 129 490 ‘pore
150 398 402 488 haudquaquam
416 398 501 468 satis
523 399 646 466 validus
670 411 812 467 ceterum
834 413 980 470 strenuus
1002 402 1051 470 vir
1072 403 1151 495 peri-

51 516 167 594 tusque
189 503 334 584 militiae,
363 500 494 568 Latinus
512 502 635 570 ‘viribus
662 503 772 593 ingens
799 504 997 595 bellatorque
1019 508 1150 596 primus,
1231 500 1234 511 ¹

41 609 205 692 ¹notissimi
228 609 309 673 inter
331 606 463 695 setquia
485 631 579 696 pares
592 631 729 698 semper
750 608 877 677 ordines
893 610 1066 701 duxerunt:
1087 612 1150 680 Ro-

50 736 147 779 mano
169 712 256 777 haud
279 711 354 778 satis
375 710 485 777 fidenti
506 712 626 778 viribus
647 713 711 779 iam
726 713 848 781 Romae
870 713 1062 804 permissum
1084 727 1151 785 erat

50 817 90 882 ab
115 816 298 882 consulibus
320 827 356 882 ut
383 815 663 885 subcenturionem
691 818 751 885 sibi
780 843 878 909 quem
899 818 998 885 vellet
1022 819 1180 908 legerett
1225 888 1233 901 s

51 921 107 1010 qui
129 932 284 988 tutaretur
306 944 381 988 eum
403 922 443 987 ab
465 945 531 989 uno
555 921 711 990 destinato
734 922 843 990 hoste:
866 924 957 1013 isque
978 923 1102 991 iuvenis
1118 924 1152 990 in

50 1025 118 1091 acie
147 1024 271 1092 oblatus
300 1050 342 1092 ex
370 1026 554 1093 centurione
583 1025 696 1095 Latino
725 1027 890 1096 victoriam
915 1027 997 1095 tulit.
1033 1051 1152 1118 pugna-

49 1140 119 1194 tum
142 1140 191 1196 est
210 1130 297 1197 haud
323 1130 438 1221 'procul
464 1131 776 1212 radicibus·Vesuvii
803 1131 920 1211 montis
949 1155 1013 1222 qua
1033 1133 1086 1200 via
1111 1132 1152 1199 ad
1196 1134 1198 1139 ’

48 1234 196 1301 Veserim
218 1235 349 1303 ferebat.
906 1271 908 1281 ·

129 1338 193 1429 ¹IX.
236 1338 373 1408 Romani
395 1343 544 1410 consules
565 1343 653 1434 prius
676 1367 775 1433 quam
795 1342 968 1410 educerent
989 1342 1023 1408 in
1046 1343 1149 1410 aciem
1162 1358 1199 1414 1⁰

50 1442 305 1554 immolaverunt.
350 1446 453 1513 Decio
476 1459 573 1538 caput
593 1449 739 1517 iocineris
762 1450 781 1515 a
803 1447 949 1515 familiari
970 1459 1061 1537 parta
1083 1469 1152 1514 caua·¹

119 1639 173 1691 boc
185 1637 247 1695 roric
259 1638 380 1707 ψυχαῖς
392 1630 450 1691 oris
462 1629 491 1700 ἐξ
501 1630 568 1711 ᾤκει

120 1715 208 1789 ραίαυ
231 1715 400 1792 προπίπτειν
423 1718 443 1793 ἦ
463 1722 568 1798 κατάρ-

708 1631 758 1690 Ρ111
780 1632 970 1707 polcepclim.
1000 1633 1050 1698 23,
1073 1632 1098 1691 1.
1124 1632 1154 1691 in

707 1719 774 1778 Puta
787 1717 866 1777 Colb.
884 1718 1031 1792 neapolim
1049 1715 1083 1775 al.

122 1814 232 1869 κεσὲαι
254 1806 301 1875 τῆς
321 1803 569 1882 μάχηςχὲκικρα.
639 1809 681 1868 10.
709 1806 868 1866 edocerent
889 1806 920 1860 in
942 1804 1051 1859 ccum:
1075 1802 1096 1860 P
1118 1822 1153 1863 m.
1258 1870 1261 1875 Ι

123 1883 283 1958 τουμένους
309 1886 341 1947 db
367 1890 420 1949 κα1
445 1889 569 1964 πιεζομέ-

122 2001 193 2041 νους
210 1972 362 2046 ὑπομένειν
379 1978 432 2036 sai
443 1978 568 2054 οἷποὲνή·

122 2076 202 2120 abaco
219 2060 288 2139 baba
307 2070 354 2137 τῆς
372 2067 479 2140 χώρας.

67 2152 94 2207 3.
122 2153 194 2227 quic
208 2172 300 2228 paras
318 2173 435 2229 semper
446 2146 568 2211 ordines

122 2239 568 2319 duxerunt:PlllHarl.r.Leid.r.

125 2325 176 2398 al]
195 2329 257 2404 quia
277 2361 310 2379 -,-
329 2327 461 2384 duxcrant
480 2331 567 2397 (rece.

125 2413 200 2488 quid.
218 2414 324 2484 codd).
343 2446 377 2456 -
398 2415 437 2472 M:
455 2435 567 2472 romano

123 2511 169 2556 aut
186 2505 252 2559 satis
269 2501 372 2562 fidenti.
390 2535 425 2544 -
443 2501 515 2560 PM:
539 2514 569 2560 ut

121 2588 357 2646 subcenturionem
366 2591 419 2647 sibi
427 2611 505 2667 quam
513 2590 568 2647 ual-

123 2673 161 2729 let
192 2675 299 2750 legeret.
344 2677 424 2733 liceo.
460 2677 570 2752 quidam

125 2761 221 2819 codd:
268 2773 300 2817 ut
335 2765 570 2820 subcenturionem

127 2868 208 2923 quem
231 2849 285 2904 sibi
303 2847 383 2903 uellet
403 2848 512 2922 legeret.
537 2881 571 2891 -
593 2854 599 2869 '

126 2967 161 2978 --
178 2933 262 2992 Paulo
281 2945 344 3011 post
360 2934 400 2991 tl:
419 2935 532 2994 oblatos.

70 3026 97 3081 7.
122 3033 288 3102 pugnatum
305 3032 352 3080 cat
367 3023 454 3080 haud
465 3026 574 3098 procul

126 3111 277 3167 radicibus
296 3110 425 3168 Vesuuii
448 3112 571 3168 montis:

125 3197 176 3254 ΡΜ
194 3197 254 3256 cod.
273 3196 331 3255 Get
349 3196 424 3256 Harl.
437 3218 454 3256 r.
464 3195 541 3256 Laid.
551 3217 571 3261 ι.

127 3315 161 3324 -
179 3283 246 3342 Lov.
259 3288 297 3344 b:
316 3297 462 3361 pugnatum
479 3295 522 3343 est
536 3285 571 3342 ab

127 3369 264 3426 radicibus
282 3381 332 3432 cot.

73 3461 102 3515 8.
131 3477 192 3530 qua
210 3460 261 3513 uia
280 3459 325 3513 ad
341 3459 478 3516 Veserim
487 3458 572 3533 fcre-

128 3545 197 3600 bot:
219 3544 242 3600 P
265 3544 313 3603 al:
341 3565 409 3613 „wo
432 3546 481 3602 der
501 3545 574 3622 Weg

128 3631 198 3688 nacb
216 3632 265 3688 der
282 3631 361 3688 Stadt
381 3632 486 3690 Veseris
500 3635 573 3690 iiibr·

128 3725 186 3778 te“.
199 3753 233 3763 -
250 3718 292 3777 lli:
313 3741 366 3795 qua
383 3722 427 3776 uia
445 3721 480 3777 ad
497 3741 576 3778 neser

129 3807 268 3866 inferebat.
294 3806 369 3866 Harl.
391 3828 410 3866 r.
435 3807 514 3868 Voss.
533 3828 577 3867 mr

130 3915 182 3970 qua
209 3897 253 3950 uia
275 3896 309 3952 ad
332 3897 440 3952 uaserin
465 3896 575 3957 ferebat.

131 3981 187 4037 sed
205 3986 254 4050 10,
272 3987 315 4042 28.
333 3985 362 4039 in
379 3982 430 4042 Pll
446 3987 576 4062 scriptum

133 4080 175 4125 cst
199 4070 242 4126 cd
264 4073 400 4130 ucacrim.
430 4073 461 4141 6,
481 4075 525 4132 2⁶2.
546 4075 576 4131 in

709 1895 736 1953 2.
753 1893 789 1952 lll.
813 1925 847 1935 -
873 1891 896 1947 P
921 1911 956 1948 m.
979 1893 1018 1948 1.:
1044 1890 1155 1947 reduce·

708 1991 778 2039 rent.
808 2014 842 2024 -
876 1977 953 2037 Laid.
977 1997 1007 2036 ιε
1035 1976 1155 2047 „aduca-

708 2073 802 2128 rcnt‘i.
820 2068 886 2124 hinc
903 2064 983 2124 Voss.
997 2083 1024 2122 11.
1043 2064 1091 2124 al.:
1109 2064 1155 2120 ad-

711 2157 847 2221 ducerent.

641 2247 682 2306 11.
710 2252 799 2317 caput
823 2241 977 2306 iocineris:
1001 2236 1119 2304 Pbeid.
1137 2259 1156 2298 r.
1275 2274 1282 2297 .

710 2329 760 2402 al]
779 2340 860 2408 caput
882 2328 1012 2392 iocinoris
1031 2324 1120 2396 (llarl.
1137 2345 1156 2382 ι.

709 2417 777 2477 Lov,
795 2419 848 2487 4.).
873 2447 906 2458 -
932 2415 972 2472 M:
991 2423 1071 2501 caput
1088 2416 1155 2470 ioei·

711 2507 816 2564 cineris.
843 2501 887 2562 Cf.
906 2505 950 2573 41,
970 2502 1025 2563 14.:
1042 2505 1072 2559 in
1089 2504 1155 2560 ioci·

710 2613 775 2654 nere
805 2600 885 2670 caput
919 2611 974 2647 non
1008 2592 1156 2651 inuentum.

712 2683 756 2746 41,
776 2683 832 2737 15.:
856 2679 929 2754 quod
948 2687 1028 2755 caput
1044 2679 1158 2733 iocineri

713 2765 854 2826 defuisset:
895 2763 971 2830 (cod.
1008 2762 1162 2830 Lauriana.

711 2855 761 2918 ³0,
780 2853 820 2909 ΞΑ
848 2848 988 2904 consulum
1009 2847 1086 2904 alteri
1103 2851 1158 2925 pri·

712 2957 783 3004 mam
805 2936 921 2992 bostiam
944 2933 1093 2990 immolanti
1116 2956 1159 2991 ca·

712 3034 763 3104 put
797 3025 925 3080 iocineris
962 3021 1048 3079 deluit
1083 3022 1159 3092 (Pus.
1189 3056 1191 3060 ·
1285 3025 1287 3028 ’

713 3111 793 3171 Colb.
820 3111 943 3180 Bamb.).
968 3108 1002 3169 al.
1037 3112 1087 3179 27,
1114 3111 1159 3175 aa

712 3199 774 3259 Put.
792 3203 882 3260 m.1.:
900 3201 977 3255 iocur
994 3200 1053 3254 sine
1072 3200 1161 3275 capite

714 3291 861 3345 inuentum.
878 3286 901 3342 P
918 3306 954 3343 m.
972 3289 997 3343 9.
1011 3283 1104 3343 colb:
1122 3289 1159 3341 ie-

714 3394 770 3432 cur.
800 3375 844 3441 41,
865 3376 907 3430 15.
925 3371 1062 3430 Laneion:
1084 3375 1161 3428 iocur

716 3461 870 3518 defluxisse.
906 3457 950 3518 cf.
970 3460 1098 3528 Prisco,
1118 3461 1160 3518 lo.

714 3552 774 3608 52:
792 3551 867 3604 iecur
884 3549 983 3604 iecoris
1000 3546 1043 3605 vel
1061 3548 1160 3605 iocine-

716 3639 770 3704 ris,
798 3636 844 3711 qui
867 3637 999 3708 genitivus
1016 3633 1124 3693 videtur
1145 3656 1162 3691 a
1251 3689 1256 3714 Ι

718 3724 884 3787 nominativo
897 3724 1002 3780 iocinus
1015 3725 1106 3780 venire
1115 3723 1163 3800 qui
1219 3730 1222 3739 '

718 3813 748 3867 in
765 3830 816 3867 usu
834 3831 890 3866 non
908 3821 958 3870 est.
977 3842 1011 3852 -
1034 3809 1163 3866 Iocineris

718 3899 787 3955 duae
804 3907 908 3974 partes,
926 3919 979 3956 una
997 3898 1108 3966 inimici,
1126 3895 1164 3953 ala
1260 3930 1266 3939 »

718 3985 1164 4049 terafamiliarisridebanturesss.

720 4073 753 4133 cf.
777 4093 845 4148 quos
869 4075 993 4150 interprr.
1014 4071 1164 4143 laudarunt,
