2618 4590
1149 236 1174 295 l

56 393 116 467 'in
138 393 195 468 his
220 394 329 469 rebus
349 390 480 467 criticis
497 393 585 469 setis
602 403 668 482 est,
693 419 896 473 communes
912 399 1069 473 omnium
1087 399 1173 475 scri-

76 525 219 616 ptorum
250 513 397 589 alicuius
433 513 574 616 linguae
604 515 702 615 leges
733 525 815 590 ante
846 518 965 596 oculos
1002 520 1180 622 habuisse,

70 626 332 738 ‘easqueleges
357 636 486 735 qtribus
511 636 705 737 aptissimis
723 636 915 713 humanum
937 643 1115 743 ingenium
1132 645 1169 718 in
1227 638 1249 655 ”

74 758 182 833 rebus
200 757 438 859 percipiendis
454 768 491 833 et
507 758 745 858 exprimendis
762 760 816 835 uti
832 759 956 852 soleat,
979 763 1048 840 nisi
1064 766 1170 840 etiam

75 882 113 955 id
145 880 414 991 diligentissime
438 880 744 979 animadverteris,
774 882 862 982 quid
890 884 1026 984 proprii
1055 886 1167 961 cuius·

73 1002 153 1077 dnm
178 1001 289 1079 studii
315 1044 357 1103 -7
376 1001 459 1078 'sive
489 1003 602 1078 virtus
633 1004 709 1080 sire
733 1003 857 1080 vitium
881 1004 919 1078 id
944 1005 1068 1081 haberi
1093 1017 1170 1107 pot-

10 1124 13 1137 ‘
73 1134 131 1199 est
157 1165 199 1180 -
227 1125 383 1225 scriptor
405 1122 465 1199 ille
491 1150 596 1224 quem
621 1135 682 1200 tua
713 1152 796 1200 cura
826 1126 1051 1204 emendatum
1081 1128 1170 1204 velis

56 1247 296 1336 adamaverit,
314 1247 454 1348 etquid
471 1246 547 1323 reri
564 1272 608 1320 ex
625 1247 791 1326 continua
801 1248 1058 1350 descriptarum
1077 1250 1173 1351 ipsa-
1241 1240 1245 1247 ’

70 1394 149 1441 mm
173 1394 293 1457 rerum
318 1371 411 1444 serie
437 1368 528 1444 effici
552 1394 663 1470 posse
692 1379 800 1470 atque
830 1371 974 1472 prodire
998 1372 1168 1448 videatur.

69 1489 265 1590 periculum
290 1492 359 1567 iam
384 1491 461 1567 eius
485 1491 538 1565 rei
555 1491 651 1568 locis
677 1491 887 1592 quibusdam
901 1493 1168 1568 difficilioribus

71 1611 176 1710 primi
198 1613 326 1714 capitis
350 1613 460 1688 totius
487 1613 605 1716 operis
621 1612 762 1690 Liviani
787 1615 1013 1716 explicandis,
1040 1616 1170 1716 quibus
1205 1605 1211 1617 ’

69 1733 225 1831 optimos
248 1733 358 1810 libros
384 1732 495 1810 manu¹
521 1735 675 1839 scriptos
706 1736 800 1815 inter
828 1762 868 1818 se
899 1736 1091 1813 dissentire
1121 1737 1183 1847 vig
1220 1719 1225 1731 ⁸

70 1853 208 1942 demus,
231 1852 410 1930 iaciamus.
618 1930 622 1938 ,

158 1976 223 2053 'Ibi
241 1976 336 2054 enirn
348 2015 396 2031 -·
412 1985 453 2049 ut
468 1975 535 2050 alia
554 2000 646 2077 quae
660 1975 844 2051 intellectu
859 1979 1014 2054 faciliora
1029 1979 1172 2055 videan-

64 2109 128 2173 tur
147 2096 438 2198 praetermittam
468 2141 526 2169 —t
548 2124 592 2173 ex
620 2095 653 2180 P
683 2097 892 2207 scripsimus
923 2100 1005 2189 „ibi
1035 2097 1171 2199 egressi

69 2219 224 2310 Troiani,
249 2231 291 2296 ut
316 2220 413 2315 (cod.
430 2216 551 2317 Med.)
576 2219 706 2321 quibus
732 2221 777 2298 ab
793 2223 956 2296 inmenso
981 2245 1094 2322 prope
1119 2240 1183 2295 er··

69 2367 151 2418 rore
184 2341 271 2417 nihil
300 2350 447 2447 praeter·
472 2367 569 2417 arma
600 2352 637 2419 et
667 2359 777 2419 nares
808 2352 1054 2444 superessent,
1091 2367 1172 2416 cnm

70 2462 236 2562 praedam
267 2490 313 2538 ex
344 2464 438 2564 agris
469 2472 658 2567 agerent“‚
695 2491 774 2539 cum
805 2467 842 2547 is
873 2491 945 2543 uno
969 2463 1012 2540 Μ
1037 2462 1174 2538 inesset

69 2585 143 2674 redi,
166 2585 203 2659 id
230 2583 325 2683 quod
343 2584 535 2664 Bekkerus,
554 2585 798 2687 recipiendum
825 2586 973 2686 putavit,
996 2584 1173 2686 pauloque

71 2715 156 2804 post
178 2692 344 2804 superest
366 2706 389 2780 i.
408 2733 436 2781 e.
461 2712 675 2806 superesset,
702 2706 1033 2808 quemadmodum
1057 2707 1096 2778 in
1119 2730 1175 2778 re-

35 2901 38 2907 ,
67 2827 175 2932 liquis
207 2824 352 2928 quoque
383 2826 485 2905 libris
521 2830 694 2931 scriptum
725 2829 876 2905 videtur.
925 2852 1044 2925 neque
1081 2849 1174 2924 nego

67 2973 151 3023 esse
175 2949 343 3048 potuisse·
363 2957 414 3039 nt,
438 2949 600 3053 quamvis
624 2950 764 3034 litterae
790 2977 814 3023 o
838 2958 875 3022 et
898 2949 915 3020 i
938 2946 997 3021 rel
1022 2946 1058 3018 in
1084 2945 1175 3045 opti

68 3071 136 3144 mis
160 3070 260 3147 libris
286 3071 487 3153 sexcenties
517 3072 613 3148 inter
643 3099 685 3148 se
715 3078 1017 3173 permutarentur,
1034 3078 1173 3154 damen
1268 3138 1286 3147 ..

69 3190 138 3265 lm'c
161 3191 242 3265 loco
262 3200 339 3266 'non
364 3192 442 3269 sine
467 3192 595 3270 idonee
620 3219 727 3267 causa
753 3193 816 3265 nbi
847 3191 1008 3292 positum
1038 3188 1174 3264 videre·

66 3323 146 3402 tur,
183 3312 317 3415 quippe
348 3340 421 3414 quo
450 3313 601 3395 relativo
629 3312 811 3395 scribendi,
841 3337 971 3414 genere
1004 3307 1174 3383 orationis
1284 3342 1287 3359 ·

69 3443 191 3533 partes
206 3415 390 3539 *persaepe
415 3462 596 3514 connexae
619 3445 752 3511 essent.
786 3458 911 3511 verum
935 3430 976 3511 id.
997 3433 1186 3536 neminem·

69 3555 299 3636 infitiatorum
326 3584 412 3635 esse
433 3559 605 3648 arbitror,
631 3557 710 3633 fieri
740 3580 814 3629 non
844 3553 1008 3655 potuisse
1038 3562 1079 3627 ut
1109 3551 1176 3626 hac

70 3687 222 3778 utraque
247 3680 513 3760 constructione
533 3678 776 3782 diligentiores
794 3677 988 3782 scriptores
1007 3676 1089 3756 sine.
1104 3672 1175 3749 ullo

38 3799 213 3909 ⁴xdelcctu
236 3810 346 3900 atque
369 3800 581 3883 discrimine·
598 3809 794 3903 uterentur,
820 3798 886 3872 sed
910 3809 1041 3878 utnon
1065 3794 1176 3870 omni·

56 3912 141 3998 'bus
164 3906 252 3997 locis
277 3950 349 3997 nec
368 3918 464 3996 carin
490 3950 556 4024 pro
580 3918 653 3997 non
677 3924 774 3996 enim
798 3920 881 4022 poni
908 3914 1177 4021 potue1·it,'nec
1293 3969 1299 4023 3

76 4039 139 4115 abi
163 4070 226 4143 pro
250 4044 306 4122 tbi
329 4040 438 4125 scribi
461 4045 636 4147 potuisse.
670 4043 828 4122 relativis
853 4042 948 4119 enim
972 4041 1041 4117 illis
1070 4038 1178 4143 parti·
1279 4116 1302 4147 .,
