2816 4726
300 241 305 251 ⁸
399 339 406 352 ,
516 267 626 356 ineu
642 293 690 360 rx.
937 378 945 396 ὀ
1087 248 1195 356 aba¹

46 463 81 528 in
106 459 222 550 Apulia
253 459 361 528 rebusx
380 460 497 528 Teates
526 481 657 550 quoque
686 459 790 551 Apuli·
809 463 848 528 ad
875 483 977 554 nouos
1005 461 1153 530 consules

44 568 88 635 C.
118 566 244 633 lunium
266 564 449 632 Bubulcum
478 567 519 652 Q.
542 564 713 634 Aemilium
735 565 906 632 Barbulam
934 565 1047 633 foedus
1075 565 1154 656 peti-

47 684 121 738 tum
145 680 305 738 -venemnt
332 670 419 758 pacis
448 695 505 760 per
534 693 664 740 omnem
685 668 835 758 Apuliam
862 670 1070 760 praestandae
1096 694 1153 760 po·

44 777 130 866 pulo
146 774 292 842 Romano
316 785 472 842 auctores.
508 774 541 841 id
564 775 714 840 audacter
733 776 922 864 spondendo
944 774 1154 865 impetravere

45 893 89 948 ut
111 881 224 948 foedus
248 878 382 959 daretur,
404 903 509 968 neque
532 890 569 946 ut
590 902 694 968 aequo
717 889 825 950 tamen
840 880 969 955 loedere
991 880 1049 946 sed
1070 878 1189 947 ut'in5

45 985 177 1052 dicione
205 981 317 1073 populi
343 982 479 1049 Romani
508 995 624 1050 essent
666 982 781 1072 Apulia
809 983 987 1075 perdomita
1013 1021 1058 1034 -
1078 1005 1155 1049 nam

47 1090 192 1156 Forento
215 1109 347 1177 quoque
369 1087 474 1154 valido
497 1088 616 1178 oppido
631 1087 739 1156 lunius
761 1089 882 1177 potitus
904 1099 1030 1156 erat-
1044 1087 1078 1154 in
1093 1085 1155 1153 Lu·

48 1215 152 1260 canos
180 1202 376 1281 perrectum,
404 1190 477 1258 inde
506 1192 672 1281 repentino
703 1193 842 1260 adventu
862 1191 988 1260 Aemilii
1016 1191 1155 1260 consulis

46 1298 220 1366 Nerulum*
231 1295 264 1362 vi
285 1306 425 1384 captum.
462 1307 495 1364 et
516 1309 690 1388 postquam
712 1321 764 1364 res
779 1295 909 1386 Capuae
925 1295 1079 1364 stabilitas
1093 1295 1155 1364 Ro-

48 1426 147 1522 mana
174 1399 337 1490 absdplina
364 1399 449 1467 fama
477 1425 536 1490 per
565 1402 670 1469 socios
692 1401 849 1491 vulgavit,
876 1397 1055 1470 Antiatibus
1076 1412 1203 1492 quo-1⁰
1290 1391 1297 1434 .·

124 1618 281 1690 „inclinatis
306 1617 390 1676 semel
416 1619 445 1676 in
471 1619 569 1698 Apulia
634 1689 637 1698 .

126 1707 207 1764 rebus
228 1709 335 1766 Teates
353 1725 463 1783 quoque
479 1709 572 1782 Apuli

124 1794 159 1852 ad
177 1813 264 1851 nouos
283 1793 384 1871 coiqC.
397 1793 503 1852 lunium
515 1795 569 1853 Bu-

123 1881 231 1940 bulomn
249 1881 284 1955 Q.
303 1879 447 1939 Aemilium
467 1881 569 1940 Barbu-

128 1969 181 2026 lam
217 1969 313 2026 loedua
327 1972 455 2046 ,petitum
491 1990 570 2027 uene·

124 2061 226 2114 runt“:
256 2057 314 2120 secl,
333 2059 380 2134 qui
413 2057 453 2114 illi
471 2057 573 2132 -Apuli

128 2147 235 2202 Teutea
257 2144 357 2201 luerint
383 2144 493 2202 dubium
521 2154 570 2200 est.

125 2231 147 2291 l.
173 2231 218 2292 Fr.
245 2230 330 2291 Gran.
361 2230 502 2290 Teanltae
527 2231 571 2290 vel

130 2319 277 2378 Teanutea
291 2318 464 2377 scribendum
482 2320 571 2378 conie-

126 2408 176 2464 cit:
210 2405 335 2482 equidem
364 2406 479 2464 arbitrer
505 2407 571 2464 sori·

123 2503 200 2570 ptum
224 2493 309 2550 laicae
335 2496 518 2562 Teanenses,
542 2503 573 2551 ut

125 2581 210 2639 iidem
221 2583 268 2658 qui
280 2601 362 2658 supra
374 2578 516 2640 obsidibus
526 2581 572 2638 da·

124 2671 161 2726 tia
179 2671 208 2726 in
223 2668 387 2729 delitionem
400 2671 514 2725 cessisse
531 2667 572 2725 di·
629 2679 631 2684 '

127 2764 237 2822 cuntur,
263 2756 317 2810 iam
338 2754 434 2811 laedae
460 2758 574 2832 petitum

127 2839 574 2900 Romamvauiaacvidercutnr.—

127 2929 160 2985 ln
170 2925 199 2986 Μ
210 2929 340 3004 scriptam
358 2937 400 2984 eat
411 2927 501 2984 medio
513 2926 574 2984 loeo

127 3013 573 3094 neglegenterpraetermiaao:„in-

18 3133 22 3141 ·
129 3101 236 3160 elinalia
254 3103 338 3161 semel
354 3105 383 3160 in
395 3103 574 3178 apullodno·

129 3211 181 3249 aaa
196 3193 201 3262 Ι
218 3197 293 3250 coni.
312 3198 335 3250 ἒ.
355 3194 458 3250 iunium
480 3189 574 3250 bubal-

130 3283 216 3336 cum“
240 3287 291 3338 rel.
318 3309 352 3320 -
382 3279 410 3336 Μ
431 3299 467 3339 m.
489 3281 516 3338 ‘A
539 3277 577 3336 Pa

130 3367 227 3440 „pacit
253 3385 303 3441 per
328 3385 434 3424 omnem
460 3365 576 3444 apuliam

131 3452 308 3528 praestandae
320 3459 362 3532 pi.
380 3453 433 3532 (lla
447 3460 520 3531 poia)
531 3475 575 3513 au·

132 3545 257 3598 eloree“:
286 3540 313 3598 b.
331 3560 355 3598 c.
377 3539 493 3614 polliciti
513 3551 577 3598 aaut

129 3647 162 3684 ae
178 3628 296 3686 lactarus
314 3636 344 3684 nl
360 3647 413 3702 pax
430 3639 577 3705 praestare·

131 3723 185 3776 lar.
199 3747 233 3760 ·-
253 3714 280 3773 ll
297 3735 333 3774 m.
353 3718 391 3773 Aa
409 3735 575 3792 peromnem

59 3877 67 3886 .
131 3802 240 3881 palium.

78 3893 106 3950 5.
117 3931 120 3938 ·
131 3909 228 3968 neque
246 3901 279 3949 ut
295 3911 372 3967 equo
395 3900 495 3947 lamen
505 3891 576 3962 foe·

133 3977 207 4036 dere
223 3977 280 4036 aed
296 3988 329 4036 ut
346 3980 378 4035 in
400 3978 516 4036 dicione
530 3986 577 4054 pr.

133 4074 248 4124 emat:
257 4064 279 4121 P
287 4063 360 4134 (rell.
370 4065 453 4142 Dralr.
465 4065 576 4138 cadell]

131 4171 218 4230 aeque
244 4161 332 4230 uraca
356 4163 386 4214 ut
410 4171 495 4230 aequo
522 4153 577 4210 loe·
627 4195 632 4202 .

711 1621 776 1678 dere
801 1619 850 1677 aerl
877 1628 907 1677 ut
933 1628 984 1679 ecl.
1010 1573 1105 1687 (Ileid.
1117 1621 1176 1690 ι).”

709 1707 805 1765 Livius
829 1706 936 1764 videtur
955 1725 1053 1781 aequo
1079 1725 1158 1783 prue-

712 1797 819 1852 misisse
837 1815 891 1870 quo
909 1795 1055 1864 maioruis
1075 1796 1105 1850 in
1123 1811 1157 1852 uu

711 1893 911 1958 panareton-
931 1879 960 1938 Μ
977 1899 1013 1940 m.
1027 1883 1069 1940 3.:
1088 1881 1170 1949 „nai
1265 1907 1271 1918 .

712 1971 818 2046 que†e
834 1971 838 2038 Ι
854 1987 907 2046 quo
933 1977 1023 2025 tamen
1049 1965 1158 2023 foedere

712 2055 761 2112 aad
778 2055 849 2112 utin
863 2054 965 2112 ditione
982 2049 1157 2133 pi.csaenl“.

712 2161 748 2201 m.
768 2145 792 2202 1.
812 2142 920 2200 videtur
943 2141 1027 2198 luisse
1048 2158 1159 2217 „neque

713 2231 771 2287 uari
787 2233 793 2302 Ι
808 2247 862 2308 quo
879 2237 968 2286 tamem
987 2237 1040 2288 cet.
1055 2259 1090 2271 -
1114 2225 1158 2286 (Μ.

712 2317 875 2386 9‚16.ubi
900 2318 930 2373 in
953 2315 1002 2375 ΡΜ
1027 2316 1158 2394 scriptum

713 2413 756 2462 aet
784 2413 939 2474 „certatum
968 2403 1001 2460 ab
1038 2405 1160 2480 utrisque
1264 2401 1267 2410 '

712 2502 812 2550 tomen
835 2497 913 2560 eat“‚
940 2493 968 2548 in
990 2489 1058 2550 Lov.
1076 2491 1102 2548 4.
1124 2488 1158 2547 al.

713 2590 867 2648 „certatum
894 2588 993 2636 tomen
1017 2577 1053 2634 ab
1080 2578 1159 2634 utria·

714 2687 767 2745 que
785 2672 859 2722 cat“.
923 2681 930 2698 ³

662 2755 688 2811 7.
715 2753 859 2815 Forento:
891 2771 924 2808 ex
958 2753 1029 2810 coni.
1064 2751 1086 2808 l.
1114 2747 1160 2808 Fr.

715 2838 856 2896 Gronovii.
890 2839 963 2893 llaec
990 2840 1054 2893 urba
1079 2835 1161 2892 bodie

716 2925 854 2982 Forenzu
875 2925 1038 2982 nominatur.
1064 2955 1098 2966 -
1125 2922 1160 2979 P:

715 3011 778 3068 nam
801 3011 916 3068 llorento
938 3017 973 3089 qq
999 3007 1089 3068 ualido
1113 3030 1161 3088 op·

716 3099 783 3174 pido
801 3102 890 3157 iunius
908 3102 1010 3178 politas
1029 3109 1094 3158 erat.
1117 3097 1162 3156 ul:

716 3189 769 3244 iam
796 3197 902 3245 torento
933 3207 1041 3264 quoque
1069 3183 1188 3244 nalido'

717 3274 819 3353 oppido
842 3278 931 3333 iunius
957 3278 1081 3354 potitur!
1097 3282 1161 3329 erat.

696 3409 698 3417 .
716 3359 894 3422 Leid.1.cad.
911 3363 1028 3420 Thoan:
1047 3369 1162 3419 torento.
1251 3429 1255 3432 ,

717 3447 761 3508 Cl.
779 3453 805 3519 9,
819 3453 875 3510 16.:
895 3471 954 3508 cum
968 3449 1117 3508 Frentanis.
1128 3479 1161 3492 -

717 3534 779 3592 Pll:
793 3539 879 3605 „indo
892 3540 1032 3614 repentino
1045 3537 1163 3594 aduentu

717 3625 817 3682 aemilii
836 3631 891 3684 coi.
916 3624 972 3694 llll:
991 3629 1096 3694 conii.)
1116 3645 1162 3681 ne·

717 3711 805 3770 tulum
823 3715 852 3770 ui
871 3722 976 3789 captum
984 3719 1016 3769 “:
1035 3714 1105 3770 lude
1116 3713 1162 3781 fvi·

717 3798 796 3856 ‹letm
812 3799 839 3860 b.
852 3799 870 3862 l.
889 3821 929 3857 ear
940 3801 1070 3858 Lucania
1081 3800 1164 3874 signi·

717 3886 807 3945 licere.
836 3893 875 3932 ·-‘
903 3886 985 3944 Paulo
1008 3897 1072 3966 post
1096 3889 1163 3944 sorl-

718 3983 792 4051 ptum
812 3985 853 4031 eat
870 3977 899 4032 in
916 3975 957 4032 lll:
979 3995 1046 4046 „res
1064 3978 1164 4054 capuae
1228 4012 1238 4022 -

718 4061 861 4120 abililau“a
893 4064 920 4121 b.
945 4083 968 4119 e.
997 4084 1164 4143 „rescapoae

717 4149 880 4209 stabililaa“.

897 4239 965 4310 32·
