2618 4590
109 242 115 267 ¹
172 246 241 319 304
602 236 739 323 ‘anan
757 260 827 322 nn

173 449 280 519 poena
301 426 414 495 merita
430 436 538 492 esset:
560 435 620 508 „ut
639 448 694 493 me
715 429 853 492 omnes“
871 425 977 516 ¹inquit
997 434 1113 516 „pater
1133 437 1192 493 tuo
1209 450 1280 494 sau·

174 531 270 622 grrine
292 542 398 599 ortum
419 554 494 598 vere
516 529 650 614 ferrent,
676 541 870 621 provocatus
891 531 1051 621 equestria
1072 530 1154 597 haec
1175 532 1279 621 spolia

177 646 270 727 capta
294 633 337 703 ex'
357 635 451 703 hoste
472 658 567 703 caeso
588 639 718 726 porto“.
752 635 840 725 quod
861 634 917 700 ubi
938 635 1058 702 audivit
1079 636 1203 719 consul,
1226 660 1279 705 ex-

176 740 298 831 templo
322 740 424 807 silium
446 751 608 809 aversatus
631 738 814 807 contionem
841 738 974 808 classico
1004 740 1152 808 advocari
1178 730 1279 808 iussit.

140 855 259 937 5quae
290 844 346 911 ubi
373 847 524 937 frequens
553 843 717 927 convenit,
746 844 991 936 „quandoque“
1016 845 1120 935 inquit
1152 856 1212 929 „tu
1239 847 1277 913 Τ.

174 949 275 1017 Manli
295 973 402 1041 neque
424 949 594 1041 imperium
616 948 784 1017 consulare
805 973 910 1040 neque
924 950 1125 1018 maiestatem
1141 950 1277 1041 patriam

174 1054 294 1123 veritus
316 1055 469 1121 adversus
493 1055 635 1122 edietrun
656 1064 801 1121 nostrum
823 1065 912 1123 extra
928 1054 1073 1121 ordinem
1094 1055 1127 1121 in
1148 1055 1277 1123 hostem

174 1158 338 1250 pugnasti,
360 1170 394 1226 et
415 1171 570 1249 quantum
591 1160 624 1225 in
646 1170 679 1227 te
700 1159 761 1226 fuit
783 1157 980 1248 disciplinam
1001 1159 1185 1243 militarem,
1213 1185 1276 1250 qua

174 1263 263 1331 stetit
284 1263 325 1329 ad
339 1262 424 1330 hane
439 1263 525 1330 diem
541 1263 687 1330 Romana
708 1287 769 1347 res,
790 1262 923 1346 solvisti,
944 1287 1063 1353 meque
1078 1262 1111 1328 in
1128 1287 1201 1330 eam
1223 1289 1277 1331 ne-

128 1377 164 1433 10
176 1366 356 1436 cessitatem
378 1367 537 1435 addruristi
558 1379 595 1437 ut
616 1380 672 1437 aut
692 1370 739 1438 rei
759 1367 909 1461 publicae
926 1367 1004 1434 milri
1028 1377 1084 1434 aut
1103 1368 1167 1435 mei
1189 1393 1277 1437 meo-

831 1587 889 1636 tum
918 1577 1079 1635 reserrent“.
1114 1577 1178 1635 hine
1207 1598 1277 1638 rece.

243 1579 390 1657 quidquam
408 1577 564 1657 delinquere
581 1581 690 1657 cupien-

243 1674 299 1724 tem
316 1667 350 1724 ad
368 1666 500 1724 lilaeoinm
517 1670 689 1743 pertraxisse,

243 1775 259 1811 a
284 1775 338 1833 quo
364 1762 528 1834 provocatus
554 1765 689 1811 certamen
742 1756 745 1764 '

242 1840 334 1918 ingere
356 1845 403 1900 vix
424 1852 525 1920 posset.
555 1840 604 1899 sed
628 1862 689 1898 eum

242 1928 348 1987 iuvenis
365 1931 525 2008 provocanti
543 1929 615 1986 hosti
634 1949 689 1986 non

220 2016 363 2087 ¹eederet,
393 2035 455 2072 oum
483 2036 552 2073 vana
582 2016 689 2074 decoris

241 2105 358 2179 imagine
384 2102 512 2181 deceptus
542 2101 615 2160 nulla
642 2123 688 2178 pa·

239 2192 310 2248 trias
336 2192 483 2248 maiestatis
507 2194 612 2247 ratione
641 2191 688 2247 lra-

241 2277 297 2334 bita
316 2278 444 2335 adversos
469 2278 609 2334 consulare
631 2279 688 2335 edi·

243 2375 314 2421 otum
333 2374 406 2420 extra
428 2364 550 2420 ordinem
572 2384 687 2442 pugnas-

241 2461 292 2520 set,
318 2471 433 2528 poenam
462 2453 539 2528 sequi
569 2451 688 2530 discipli-

240 2557 304 2594 nam
330 2538 473 2596 militarem
499 2537 615 2594 solutam
641 2559 687 2595 ne·

242 2644 318 2681 cesse
345 2634 414 2682 erata
443 2627 535 2704 itaque
564 2646 619 2683 non
644 2629 687 2684 vis

239 2712 289 2769 fati
305 2712 353 2770 aed
365 2714 458 2770 merita
470 2733 558 2791 poena
572 2713 603 2772 Τ.
613 2712 687 2787 Man·

239 2798 307 2857 lium
317 2802 476 2877 expectavit.
489 2800 686 2875 elegantissime

237 2888 320 2964 igitur
351 2889 380 2944 in
414 2886 572 2945 melioribus
607 2888 685 2946 libris

238 2975 364 3031 omnibns
386 2978 516 3052 scriptum
541 2987 594 3044 est,
620 2978 684 3033 ado-

237 3061 382 3117 lescentem
399 3061 496 3136 spoliis
507 3061 585 3117 lectis
600 3065 627 3118 in
641 3085 683 3119 oa·

237 3157 294 3205 stra
330 3147 366 3202 ad
399 3158 504 3225 patrem
537 3149 683 3206 tetendisse

237 3236 378 3316 igneam
399 3235 484 3307 facti
504 3233 682 3312 futurique:

237 3322 332 3393 „olane
350 3342 383 3378 zu
395 3323 496 3379 wissen
515 3343 573 3378 was
592 3343 621 3378 er
638 3343 682 3398 ge·

235 3409 301 3467 than
319 3409 375 3467 und
391 3429 450 3467 was
467 3409 524 3466 ihm
547 3410 682 3486 hegegnen

234 3497 359 3559 werde“.
378 3527 413 3540 -
434 3495 466 3553 In
484 3495 544 3553 aliis
562 3517 631 3556 rece.
649 3497 682 3554 li·

233 3584 306 3652 bris,
336 3588 365 3641 in
390 3586 487 3662 quibus
507 3585 576 3657 fati
601 3585 680 3651 inest,

235 3672 368 3748 scriptum
396 3681 438 3727 est
467 3675 592 3753 ignarus
614 3671 684 3744 fati

228 3754 341 3831 futuri,
350 3760 387 3813 rin
405 3755 465 3814 aliis
478 3762 603 3838 ignarus
614 3759 683 3832 fati

228 3844 341 3918 futuri,
360 3846 522 3921 querelans
541 3855 591 3906 cet.

181 3933 209 3992 l.
233 3940 286 3990 tuo
314 3933 462 4013 sanguine
487 3942 584 3990 ortum
610 3953 681 3991 uere

228 4019 365 4093 ferrent.-
398 4018 456 4079 ΡΜ.
489 4050 524 4063 -
559 4019 633 4079 Harl.
660 4039 679 4077 1.

831 1665 942 1744 quidam
968 1665 1064 1723 codd:
1096 1666 1184 1721 'ortum
1212 1687 1277 1722 uere

830 1753 968 1811 referrent.
1005 1749 1048 1811 Cf.
1066 1756 1092 1821 7,
1111 1755 1149 1812 1.:
1167 1753 1277 1829 dignus·

830 1863 883 1919 que
900 1840 1008 1896 habitus
1026 1859 1106 1916 quem
1129 1841 1278 1897 secuudum

831 1948 847 1982 a
870 1926 986 1984 Romulo
1012 1925 1180 1983 conditorem
1200 1931 1295 2000 prbis¹

830 2013 939 2074 ferrent.
949 2013 982 2072 al.
992 2045 1026 2056 —
1035 2011 1079 2070 M:
1092 2023 1122 2070 ut
1130 2036 1173 2071 me
1184 2035 1277 2071 omues

829 2104 918 2181 inquit
934 2089 1045 2180 paftuo
1065 2111 1116 2161 cet.

775 2193 803 2250 3.
831 2191 914 2268 qood
931 2192 982 2246 ubi
1003 2189 1123 2245 audiuit
1142 2196 1202 2248 coi.
1226 2210 1276 2246 ex-

829 2277 937 2353 templo
970 2277 1076 2352 filium
1116 2287 1277 2335 auersatus

828 2365 993 2420 contionem
1023 2365 1150 2420 classico
1181 2364 1273 2421 odue-

830 2452 896 2507 corr’
919 2452 1021 2535 iussit:
1049 2449 1106 2512 ΡΜ.
1133 2483 1167 2495 -
1194 2450 1273 2511 Recc.

831 2537 911 2597 codd.
934 2558 1020 2616 prope
1047 2557 1154 2596 omnesz
1181 2537 1274 2595 adner-

828 2633 911 2685 satus.

775 2713 802 2774 5.
831 2713 1012 2788 quandoque
1020 2713 1186 2789 inquittut.
1195 2732 1272 2768 mon·

828 2800 867 2856 li:
891 2799 918 2856 Μ
941 2820 977 2859 m.
996 2803 1020 2859 1.
1039 2800 1061 2856 P
1079 2797 1113 2858 al.
1136 2830 1171 2842 —-
1192 2798 1272 2858 llece.

827 2885 923 2945 codd:
942 2886 1049 2963 quando
1068 2887 1163 2964 inquit.
1186 2885 1227 2944 Cf.
1246 2889 1272 2954 9,

827 2977 873 3029 10:
893 2975 1066 3050 quandoque:
1081 2972 1109 3033 la.
1119 2994 1140 3032 ο.
1151 2973 1270 3050 quando·

825 3059 942 3137 quidem.
956 3091 988 3102 -
1002 3060 1029 3116 Μ
1041 3082 1077 3120 m.
1089 3062 1129 3120 ‘la
1140 3068 1170 3115 tn
1179 3059 1271 3118 manli.

771 3148 798 3206 8.
827 3166 888 3222 quo
900 3149 981 3203 stetit
992 3149 1036 3204 od
1046 3151 1122 3205 hanc
1134 3147 1213 3207 diem
1225 3167 1271 3204 ro·

825 3252 917 3289 niano
934 3253 999 3292 rea:
1017 3234 1048 3294 P.
1066 3267 1102 3277 -
1129 3232 1158 3291 Μ
1175 3236 1272 3294 m.1.:

824 3328 901 3398 „qua
919 3322 994 3376 stetit
1012 3321 1046 3376 ad
1059 3321 1129 3378 hano
1141 3321 1213 3378 diem
1230 3342 1273 3378 ro·

823 3415 900 3465 mana
918 3406 1078 3487 psoluisti“:
1105 3409 1132 3468 h.
1152 3430 1176 3470 e.
1194 3429 1272 3486 „pre-

823 3494 953 3552 soluisti“
976 3494 1019 3552 vel
1041 3517 1091 3572 ‚,p.
1110 3497 1271 3554 resolnirti¹‘

796 3627 799 3635 .
823 3582 948 3652 (ol.Tac.
966 3581 1029 3642 hist.
1050 3587 1074 3649 1,
1088 3586 1164 3654 51.):
1182 3593 1212 3640 ut
1224 3583 1271 3640 dn·

821 3670 896 3728 bium
921 3690 981 3727 esse
1003 3672 1104 3746 possit,
1132 3692 1167 3727 an
1193 3690 1272 3727 manu

823 3761 932 3836 antiqua
950 3761 1081 3833 scriptum
1094 3760 1178 3815 fuerit
1195 3778 1272 3835 „qua

820 3847 896 3902 stetit
914 3845 949 3902 ad
973 3845 1042 3902 hane
1065 3846 1137 3902 diem
1162 3866 1273 3903 romana

821 3951 864 3988 res
887 3932 1026 4011 publica“.
1056 3964 1090 3974 —
1117 3933 1145 3991 Μ
1168 3955 1206 3993 m.
1231 3937 1272 3993 3.:

823 4040 876 4096 que
893 4022 969 4078 stetit
986 4020 1020 4076 ad
1032 4020 1103 4077 hane
1116 4021 1189 4078 diem
1202 4030 1254 4080 eet.

223 4104 300 4170 Poll.
317 4108 343 4166 1.
359 4109 386 4165 3.
404 4106 484 4169 Voss.
496 4125 525 4167 ιι.
542 4104 594 4166 ata
613 4125 679 4178 „on
750 4108 794 4166 10.
821 4115 854 4164 ut
869 4117 924 4165 aut
940 4110 1012 4184 reip.
1029 4109 1118 4166 mihi.-
1136 4106 1168 4169 P.
1181 4138 1217 4151 -—
1229 4107 1270 4165 tl:
