2618 4590
113 254 180 324 670
589 261 698 322 uteru
717 265 750 322 rt

114 453 190 522 gere
212 452 273 496 nec
295 428 437 495 minuere
460 426 618 495 videretur
640 426 717 494 belli
739 426 858 494 lamam
877 426 1067 519 magisque
1091 427 1126 494 in
1147 428 1219 498 altero

114 534 312 602 adsumendo
336 533 417 599 duce
440 531 573 598 aliorum
597 530 759 622 indulgere
781 530 888 599 timori
905 557 1021 622 quam
1038 556 1106 600 suo
1130 537 1218 601 autri

114 639 262 730 publicae
284 635 427 730 periculo
450 636 627 703 consulere.
665 648 808 705 ceterum
831 637 858 704 si
874 637 939 704 sibi
958 638 1157 705 adiutorem
1170 638 1218 705 bell

111 744 302 833 sociumque
324 739 446 831 imperii
470 740 588 822 darent,
611 765 752 830 quonam
776 743 872 810 modo
889 765 927 808 se
948 741 1116 810 oblivisci
1132 743 1167 810 P.
1180 743 1218 811 llo

81 848 153 916 ocii
176 846 316 916 consulis
332 870 391 935 per
405 855 454 911 tot
469 844 603 934 collegia
619 847 742 935 experti
757 848 875 937 posse?
897 847 1084 914 neminem
1101 849 1218 914 omniur

112 976 225 1020 secum
247 948 394 1040 coniungi
416 948 521 1031 malle,
545 960 577 1016 et
598 949 762 1039 copiarum
783 951 859 1017 satis
882 950 944 1016 sibi
972 975 1060 1018 cum
1086 951 1126 1020 P.
1142 952 1218 1020 Decio

112 1069 146 1125 ot
167 1079 343 1147 numquam
366 1052 499 1119 nimium
522 1052 662 1120 hostium
684 1055 769 1122 lore:
802 1054 850 1122 sin
878 1054 1017 1146 collega
1051 1057 1140 1147 quid
1160 1058 1218 1124 aliul

79 1164 98 1199 “
113 1162 212 1244 malit,
235 1173 268 1229 at
289 1159 349 1226 sibi
371 1157 408 1225 L.
421 1157 631 1223 Volumnium
653 1158 765 1227 darent
786 1159 982 1229 adiutorem.
1026 1162 1218 1229 omniumr:

181 1319 201 1377 l,
218 1337 280 1376 m.
298 1337 326 1391 p.
343 1335 387 1375 xc.
405 1346 440 1357 -
457 1313 480 1372 P
498 1334 534 1374 m.
554 1313 627 1373 tu:

181 1406 255 1461 etin
273 1412 367 1460 senatu
386 1412 413 1460 et
429 1401 577 1481 productus
593 1402 628 1463 cd

179 1489 310 1568 populum
336 1489 452 1548 mediam
478 1491 627 1546 orationem

180 1578 283 1637 habuit.
301 1577 371 1637 Pm.
383 1579 422 1637 Ἅι
441 1586 468 1634 et
486 1580 515 1634 in
532 1587 626 1635 senatu

179 1669 198 1723 ὃ
231 1665 380 1743 productus
413 1676 464 1724 cet.
504 1662 581 1724 Leid.
607 1684 625 1725 1.

180 1750 389 1812 Vors.11.Pall.
414 1756 439 1812 1.
461 1754 487 1810 3.
509 1749 558 1810 al:
585 1762 627 1808 ert

179 1840 337 1916 productus.
361 1875 394 1887 -
423 1840 461 1896 lll:
489 1841 518 1895 iu
541 1838 625 1896 altero

125 1970 129 1997 z
179 1925 346 1996 adsumtio
365 1928 432 1985 :luce
454 1924 567 1984 aliorum
585 1930 625 1985 in·

121 2000 127 2019 '
179 2013 274 2090 dulger
285 2017 372 2075 imori.
391 2017 474 2075 m.3.:
489 2014 626 2091 indulgere

180 2103 280 2161 timori.
302 2135 336 2147 -
363 2102 425 2160 Plll:
451 2123 556 2179 „quam
574 2123 624 2160 ouo

179 2199 226 2245 out
236 2193 276 2246 rei
288 2191 410 2268 p'ublicce
421 2190 472 2261 (Μι
481 2193 565 2269 reip.)
579 2213 624 2268 pe·

178 2277 264 2334 riculo
274 2277 413 2335 consulere
420 2283 445 2335 ⁸⁶.
463 2276 494 2332 lu
505 2275 584 2335 Voss.
596 2295 623 2335 u.

179 2366 279 2420 excidit
296 2366 458 2421 consulere.

124 2452 152 2509 3.
178 2459 306 2506 ceterum
324 2451 354 2505 ci
378 2451 437 2506 sibi
456 2449 624 2505 adiutorem

181 2537 254 2592 belli
276 2539 412 2610 sotiumq.
435 2537 551 2610 imperii
572 2537 623 2592 da·

177 2632 259 2680 rent:
277 2623 364 2698 Μ.,-
389 2623 424 2678 P:
444 2624 624 2699 „sociumque

177 2711 285 2784 imperii
307 2711 417 2768 darct“
445 2710 521 2780 (scil.
548 2730 622 2766 eeuc-

178 2797 266 2869 luel).
290 2829 323 2839 -
347 2798 374 2854 M
394 2820 430 2855 m.
453 2799 479 2856 8.
497 2797 534 2853 P:
557 2817 623 2874 quo·

176 2903 238 2941 nam
257 2885 338 2941 modo
352 2905 382 2941 se
395 2884 517 2942 obliuisci
530 2891 557 2963 pi.
576 2885 621 2942 de·

178 2971 620 3048 ffimfflwmfflw

176 3060 279 3134 experti
297 3078 386 3135 posce.
410 3057 436 3114 ll
454 3079 490 3116 m.
510 3062 548 3114 l.:
571 3078 621 3136 per

175 3154 218 3202 tot
247 3145 343 3220 collegi
375 3146 455 3223 rupti.
495 3143 572 3203 Leid.
603 3165 620 3204 r.

174 3233 243 3291 Lor.
260 3236 286 3292 l.
299 3234 345 3292 cl:
358 3234 484 3309 quoniam
496 3232 577 3289 modo
590 3252 620 3288 se

174 3319 306 3378 obliuisci.
327 3318 417 3389 Nora.
442 3338 459 3378 1.
482 3319 530 3379 cl.:
554 3340 619 3396 quo·

173 3428 235 3466 urm
253 3407 334 3464 modo
354 3407 486 3466 obliuisci.

120 3496 147 3554 ὅ.
175 3497 320 3552 neminem
356 3495 484 3550 oninium
519 3513 619 3550 cecum

174 3583 316 3660 coniungi
332 3582 436 3637 molle:
454 3579 477 3636 P
495 3598 529 3638 m.
543 3583 568 3737 ἰ
582 3579 617 3639 Μ.

172 3666 248 3723 -P
266 3688 301 3726 m.
321 3671 359 3726 1.=
378 3663 500 3735 „mclc“.
524 3686 546 3722 cn
568 3677 617 3722 :tra

171 3773 202 3810 e:
224 3753 304 3832 paulo
328 3762 391 3829 poet
412 3755 441 3809 iu
463 3752 512 3809 ΡΜ
538 3763 565 3809 et
588 3755 617 3810 iu

171 3838 249 3900 Leid.
267 3860 285 3900 1.
303 3842 432 3918 scriptum
450 3850 492 3896 est
512 3842 617 3900 mollit.

172 3929 285 3985 enodem
298 3928 410 3984 sormam
423 3930 502 3984 etiam
515 3929 543 3984 in
555 3925 616 3987 Put.

171 4012 251 4074 Colb.
269 4017 315 4083 224
325 4016 370 4074 34.
388 4012 421 4074 al.
434 4016 614 4091 repperimus:

171 4101 323 4177 „poputum
341 4130 375 4144 -—
394 4100 518 4159 «letarum
531 4102 555 4158 ei
568 4102 615 4178 poi
670 4140 675 4149 ,

771 1317 855 1393 magis
873 1337 938 1374 uere
952 1319 1079 1376 uincere
1099 1321 1219 1398 quamdiu

769 1406 901 1481 imperare
923 1403 1054 1467 mallit“.
1087 1438 1126 1449 —
1154 1407 1219 1464 P:ot

769 1497 858 1569 miqui
875 1492 996 1548 nimium
1016 1493 1150 1552 boetium
1166 1494 1219 1552 iore

768 1578 868 1654 collega
885 1578 953 1659 quid
974 1579 1060 1637 aliud
1081 1591 1136 1640 cet.
1154 1584 1219 1641 ml:

767 1666 870 1724 lorcsin
888 1664 996 1742 collega
1017 1677 1076 1727 cet.
1101 1698 1140 1714 -·
1161 1669 1220 1728 Pu

767 1754 794 1809 2.
814 1752 855 1810 tl:
881 1754 990 1811 atrilii
1016 1753 1036 1815 l.
1061 1755 1221 1814 uolumuiuu

768 1840 863 1897 darent
885 1839 1055 1901 adiutorem.
1091 1842 1117 1900 P
1139 1849 1220 1904 m.1.:

769 1926 826 1996 „ad
847 1927 923 1983 sibr‘
941 1939 998 1988 cet.
1032 1930 1110 1988 lude
1135 1933 1220 1989 lactum

766 2015 938 2084 videtum,
966 2036 1036 2074 cum
1067 2019 1147 2076 haud
1172 2039 1219 2076 ruo

766 2102 811 2160 ad
826 2121 876 2179 pro
895 2121 932 2158 ac
949 2105 1139 2183 in‘antiquis
1156 2106 1219 2164 libri:

767 2191 898 2266 scriptum
910 2188 1061 2264 legeretur,
1076 2195 1110 2250 iu
1124 2194 1199 2253 Voce.
1206 2214 1218 2254 1.

765 2275 909 2352 multisque
931 2295 1005 2337 recc.
1029 2283 1178 2356 mscripti‘r
1199 2289 1219 2337 et

766 2361 793 2419 h.
804 2361 821 2420 l.
832 2364 997 2419 scriberetur
1011 2386 1071 2433 „cc
1085 2363 1172 2428 sibit.
1182 2390 1218 2424 uo·

765 2445 896 2507 lumuium
906 2450 1039 2512 darent“.
1054 2451 1104 2513 cf.
1117 2459 1162 2524 10,
1176 2460 1219 2514 19:

765 2537 790 2595 ei
803 2537 885 2594 hodie
896 2539 975 2594 uobis
987 2541 1147 2600 victoriam
1160 2545 1218 2611 duis,

765 2633 874 2699 cetego
893 2625 943 2682 tihi
954 2626 1096 2702 templum
1117 2652 1207 2690 voveo.
1255 2616 1256 2631 ἵ

711 2713 737 2768 8.
766 2715 896 2770 omnium
919 2731 1028 2769 rerum
1047 2719 1218 2776 arbitrium:

764 2797 960 2859 Furti.
991 2829 1030 2845 -·
1063 2802 1217 2866 Pm.1.:

764 2889 885 2944 omnium
907 2885 1062 2961 ¹arbitrium.
1093 2921 1132 2933 ·—
1160 2892 1216 2949 Pll:

761 2992 793 3031 ee
816 2974 998 3030 insomnium
1025 2975 1073 3033 uel
1098 2980 1132 3035 in
1153 2991 1215 3037 etru·

761 3060 829 3116 riom
847 3059 984 3138 proficisci
1001 3073 1135 3138 peretum
1154 3087 1215 3124 ecoe.

761 3143 830 3206 Lov.
844 3149 882 3206 tl:
901 3147 967 3216 „uel
979 3150 1008 3204 iu
1021 3155 1165 3211 samnium
1176 3155 1215 3212 uel

762 3236 791 3289 iu
810 3235 968 3292 etruriem“.
986 3232 1033 3295 Cf.
1048 3240 1095 3306 10,
1111 3244 1171 3299 ro:
1188 3261 1214 3297 oe

760 3319 805 3379 vel
822 3323 851 3379 in
869 3321 976 3377 Etruria
993 3312 1041 3379 rel
1059 3327 1213 3384 insomnio

687 3434 694 3442 ·
759 3427 817 3465 rem
835 3418 976 3482 gesturum.
997 3437 1033 3452 ··-
1056 3411 1110 3470 ΡΜ
1116 3436 1124 3469 r
1143 3425 1212 3471 unu
1248 3392 1252 3420 Ι

759 3491 860 3551 laetitia
879 3495 936 3564 (Με
954 3496 1061 3566 letitia)
1080 3520 1113 3556 cc
1126 3513 1211 3577 gratu·

759 3579 825 3638 latio
844 3583 894 3639 luit
911 3592 941 3639 ut
953 3588 1163 3661 praeciperetur
1174 3591 1209 3645 ui·

759 3671 844 3725 cloria
862 3672 965 3729 animis.
994 3670 1078 3731 Voss.
1096 3691 1125 3733 u.
1145 3676 1210 3732 mul·

758 3757 834 3833 tique
852 3777 921 3815 rece.
940 3756 1033 3816 codri:
1055 3762 1209 3839 'percipere-

757 3851 811 3901 tur.
841 3843 884 3900 Cf.
902 3849 928 3911 7,
946 3846 1003 3903 rt:
1022 3845 1144 3906 duorum
1163 3854 1208 3907 mi·

756 3927 1209 4014 litumeventuru-utraqueacice

756 4018 853 4074 animis
883 4031 1066 4096 praeceperat.
1098 4055 1136 4069 -
1168 4026 1207 4083 lll:

756 4105 960 4184 triumphusque
976 4127 1033 4166 uon
1044 4109 1152 4173 bellom
1164 4114 1206 4171 de·
