2618 4590
178 204 244 272 20⁴1
325 302 333 313 ΙΙ
633 218 742 278 Llllllli
758 218 817 278 Vll.

178 376 338 448 armaliruri
359 393 567 449 monumenta
589 379 732 449 celebres
754 379 936 447 nominibus
959 390 1080 446 essent:
1114 377 1204 445 luere
1228 402 1280 445 au·

177 494 246 552 tem
274 484 311 552 (¹.
334 485 484 552 Duellius
511 486 548 552 P.
570 484 691 552 Decius
712 483 788 551 Mus
814 485 860 553 M.
889 484 1032 575 Papirius
1061 484 1102 570 Q.
1125 483 1281 551 Publilius

179 599 214 657 et
228 590 268 656 Τ.
282 587 446 673 Aemilius,
468 589 523 678 qui
544 612 613 656 rem
635 588 854 656 difficillimam
875 599 1010 657 tractatu
1033 599 1067 655 et
1087 586 1280 678 plerumque

179 693 260 784 parti
282 693 418 785 utrique,
441 716 570 783 semper
590 704 677 761 certe
699 694 790 762 alteri
812 717 941 784 gravem
963 692 1114 790 cum-alia
1136 693 1281 760 modera-

149 797 363 868 coorstum
390 797 541 889 inpendio
567 797 669 887 magis
698 799 828 889 publico
855 821 953 889 quam
978 799 1099 863 iactura
1126 797 1282 864 sustinue-

176 913 259 969 runt.
295 903 394 970 tardas
414 903 500 970 anim
525 902 656 969 nomina
685 914 718 971 et
745 903 931 995 inpeditiora
960 887 1071 970 iriertia
1101 900 1282 969 debitorum

246 1097 318 1146 sunt
344 1097 378 1146 ut
402 1106 458 1165 per·
483 1095 548 1147 ceu:
569 1086 628 1146 ΡΜ
658 1118 693 1131 -

246 1173 324 1240 Harl.
346 1195 365 1234 1.
388 1172 465 1233 Laid.
482 1193 517 1234 1.:
540 1176 630 1233 meriti
651 1195 693 1232 ae-

246 1263 348 1342 quitate
375 1281 491 1343 curaque
514 1271 578 1318 sunl
604 1263 693 1320 meriti

245 1357 311 1405 sunt
332 1358 363 1406 ul
385 1350 435 1427 per
454 1357 504 1409 cel.
539 1348 585 1410 Cf.
602 1344 694 1420 2712

81 1493 85 1499 ,
243 1434 313 1492 lieri.

192 1521 218 1580 Ρ.
244 1523 277 1581 C.
302 1522 459 1582 Duellius:
491 1523 539 1582 ΡΜ
568 1523 646 1583 Lcld.
673 1545 691 1584 ι.

243 1608 323 1671 Voss.
342 1631 371 1670 ιι.
390 1610 440 1684 al]
461 1610 495 1672 G.
511 1611 630 1673 Duilius.
648 1612 693 1671 cl.

245 1700 392 1766 7‚16.-
418 1698 494 1756 Pru.
518 1702 556 1759 1.=
585 1719 693 1757 marcus

243 1787 346 1862 parius.
364 1784 386 1841 P
402 1807 437 1846 m.
457 1789 482 1846 Ρ.
501 1785 529 1844 Μ
535 1810 541 1843 :
560 1789 693 1866 papirius·

244 1900 278 1915 -··
303 1872 353 1928 ΡΜ
375 1872 450 1943 Harl.
467 1894 485 1931 1.
503 1873 581 1933 Laid.
599 1893 616 1931 1.
641 1871 689 1932 al.:

242 1961 353 2036 quintus
365 1961 482 2038 publius.
501 1960 545 2020 cf.
558 1964 585 2029 6,
604 1962 690 2019 19.-

242 2045 350 2104 Deindo
368 2051 526 2127 scripsimus
545 2069 579 2105 ex
596 2046 645 2105 ΡΜ
663 2057 691 2104 et

241 2131 294 2190 lroc
313 2135 374 2191 loco
394 2147 421 2193 et
438 2141 465 2206 8,
483 2140 509 2196 Ρ.
527 2135 581 2206 ,,Τ.
599 2137 689 2192 Aemi-

242 2219 326 2289 ΜΨ,
345 2243 405 2279 cum
424 2227 504 2280 ctiam
522 2223 592 2302 apud
605 2223 689 2284 Belrlr.

241 2307 549 2384 ‚‚Tiberius“legeretur.
563 2310 607 2370 cl.
613 2314 688 2380 8,12.

189 2394 216 2452 ἂ
245 2397 377 2471 quirem
395 2397 607 2473 difficillimum
628 2408 688 2455 tra·

242 2490 337 2561 clatus
354 2483 386 2539 ll.
399 2505 434 2542 m.
454 2488 479 2545 Ρ.
493 2517 525 2528 -
542 2486 570 2543 Μ
588 2506 624 2544 m.
645 2489 686 2543 1.:

242 2577 395 2628 tractatum.
408 2604 442 2616 -—
461 2573 495 2630 P:
514 2576 561 2650 qui
578 2592 634 2629 rem
648 2571 700 2627 di„

240 2655 387 2716 ficillimam
396 2669 519 2717 tractatu
529 2691 563 2704 -
572 2658 646 2716 Harl.
656 2679 685 2717 1.:

240 2745 361 2820 quirem
383 2745 541 2804 difficillima
565 2753 687 2810 tractati.

237 2830 315 2893 Laid.
339 2853 371 2890 1.:
397 2843 502 2892 tractat.
532 2833 611 2892 Voss.
638 2852 683 2892 ιιι

238 2927 361 2980 tractant.
380 2919 456 2980 Laid.
474 2941 516 2981 ιω
534 2931 630 2980 tractu.

182 3005 209 3062 6.
234 3006 328 3061 tarda
349 3009 426 3063 enim
447 3010 567 3064 nomino
591 3018 621 3064 et
641 3009 683 3064 iu·

236 3091 388 3164 peditiora
399 3093 507 3146 inarum
519 3095 685 3150 debitorum

239 3195 329 3253 quum
339 3176 555 3247 facultatibus:
574 3179 631 3237 ΡΜ.
647 3213 682 3222 -

236 3261 304 3323 Pall.
323 3265 348 3323 1.
366 3266 407 3320 3.:
426 3265 528 3333 „tarda
545 3267 617 3322 euim
634 3287 685 3323 uo-

235 3352 381 3409 miuuna“:
409 3372 478 3431 quae
504 3355 636 3431 scriptura
659 3354 681 3413 l.

232 3436 278 3498 Fr.
306 3439 447 3498 Gronovio
477 3442 549 3500 lraud
580 3445 680 3521 impro-

233 3526 320 3583 banda
338 3529 492 3599 ridebatur,
517 3530 590 3607 quod
607 3533 679 3587 simi-

163 3626 166 3631 ·
233 3610 270 3667 lia
288 3616 359 3689 apud
376 3616 481 3674 Livium
498 3620 540 3688 (7,
558 3620 614 3677 uu:
635 3637 680 3674 ex*

231 3706 318 3754 trema
329 3705 524 3775 periculorum:
542 3703 593 3776 ul.)
603 3706 676 3762 lraud

230 3803 301 3840 raro-
316 3784 477 3862 legerentur.
509 3813 560 3851 neo
584 3803 675 3850 lamen

230 3871 343 3930 difficile
357 3875 464 3934 violetur
480 3879 625 3948 intellectu,
642 3879 674 3936 il·

227 3958 317 4019 lorum
334 3959 456 4022 locomm
472 3986 584 4044 prorsus
594 3967 674 4027 aliam

228 4051 436 4122 moraliorem,
448 4073 508 4111 oum
520 4074 590 4131 quaa
595 4053 673 4111 tarda

16 4162 162 4328 υἱ,

834 1107 897 1145 uon.
912 1095 1002 1144 assent
1023 1087 1132 1146 uomina
1159 1095 1187 1142 et
1215 1106 1283 1164 quac

834 1195 890 1232 nou
907 1174 1063 1233 viderentur
1080 1171 1218 1250 impedita,
1239 1193 1283 1229 eo·

833 1282 894 1320 rum
911 1281 976 1318 sane
994 1261 1093 1317 nullam
1111 1262 1222 1316 omuino
1241 1280 1282 1316 ra-

835 1350 936 1405 liouem
946 1347 1096 1404 habendam
1105 1347 1191 1404 luisse
1202 1366 1282 1404 nemo

834 1455 890 1492 uon
907 1436 1011 1494 videat:
1031 1456 1113 1512 quare
1131 1443 1158 1491 et
1175 1435 1202 1494 lr.
1221 1434 1284 1494 lut

834 1542 916 1601 saepe
933 1523 999 1580 alias
1016 1525 1046 1580 irr
1063 1523 1118 1579 line
1136 1523 1283 1580 verborum

834 1631 855 1667 a
873 1621 900 1667 el
918 1616 939 1669 ῖι
956 1612 990 1668 ab
1011 1612 1145 1689 imperitis
1164 1608 1283 1666 librariis

834 1698 947 1755 conius·
967 1700 1041 1757 iuter
1061 1716 1093 1755 sc
1109 1697 1283 1766 videbuntur,

834 1787 889 1841 nisi
909 1784 980 1843 l'orlo
999 1784 1100 1863 diquis
1119 1785 1212 1841 sarda
1232 1805 1283 1841 no-

834 1873 945 1929 minum
960 1874 1080 1952 suipuil,
1097 1881 1127 1929 ut
1139 1872 1282 1946 elegantio-

832 1981 890 2017 rem
908 1959 1042 2037 quamlm
1065 1958 1217 2016 doctrinam
1237 1958 1283 2016 vel

831 2049 926 2105 invitis
937 2049 1130 2106 uetustioribus
1142 2048 1282 2122 mseriptis

832 2143 993 2204 ostentaret,
1012 2134 1090 2212 quale
1106 2134 1227 2191 studium
1246 2135 1281 2189 ab

831 2221 887 2277 illis
914 2221 980 2282 Poll
1008 2222 1130 2280 codicum
1159 2220 1280 2279 librariis

832 2328 887 2363 uon
906 2307 1021 2365 alienum
1041 2307 1125 2365 luisse
1147 2329 1209 2365 cum
1227 2308 1280 2364 alia

831 2404 889 2453 tum
898 2394 963 2452 illud
971 2396 1167 2471 protelandis,
1179 2396 1279 2473 dequo

831 2482 913 2538 modo
925 2483 1051 2552 diximus,
1063 2481 1226 2562 persuadere
1238 2487 1279 2540 vi-

830 2568 951 2626 deantur.
976 2603 1010 2614 -
1032 2571 1097 2628 Pu:
1117 2579 1152 2627 ul
1164 2572 1277 2645 populo

827 2659 914 2733 prius
936 2667 1106 2714 caunetum
1130 2656 1158 2713 lr.
1176 2677 1200 2715 e.
1227 2676 1276 2712 no-

828 2746 903 2801 mina
937 2744 1117 2801 creditoribus
1152 2743 1275 2803 nondum

829 2831 936 2890 reddita
958 2852 1013 2888 nou
1035 2841 1098 2889 autc
1118 2851 1152 2888 cx
1168 2835 1274 2890 aerario

825 2919 915 2977 soluta
932 2927 1009 2988 suut,
1026 2938 1105 2997 quam
1121 2920 1150 2974 iu
1167 2920 1276 2977 tabulas

825 3006 949 3084 publicas
967 3026 997 3063 oa
1015 3006 1098 3062 relata
1114 3015 1218 3074 esseut,
1237 3027 1273 3064 ne

826 3094 961 3150 debitores
971 3096 1101 3170 aerarium
1108 3091 1200 3150 fallere
1209 3114 1274 3172 pos-

825 3190 895 3239 sent.
914 3180 1016 3247 „llemr
1035 3182 1080 3238 die
1096 3188 1271 3258 rerrogerten

824 3264 991 3341 Zalrlungeu,
1012 3289 1108 3326 worsu
1130 3269 1208 3327 mehr
1224 3271 1271 3328 die

822 3351 983 3411 Schlafflreit
1001 3355 1212 3414 derSclrulrluor
1228 3357 1268 3416 als

822 3439 882 3497 ilrre
905 3449 1067 3500 uerriitteteu
1088 3443 1266 3522 Vermllgeus·

823 3531 964 3588 umslllnde
982 3530 1086 3588 Schuld
1103 3552 1205 3601 waren,
1222 3534 1266 3589 be-

820 3617 926 3676 uahlterr
943 3621 983 3676 sie
996 3619 1135 3675 cutweder
1151 3639 1200 3676 aus
1218 3621 1269 3676 der

818 3707 996 3774 suaulasse,
1014 3706 1144 3764 naehdem
1157 3709 1199 3764 sie
1209 3706 1264 3764 alie-

816 3795 910 3851 selbeu
927 3794 1027 3853 vorlrer
1047 3796 1077 3850 in
1100 3795 1145 3852 dia
1168 3795 1263 3851 liffenl-

814 3880 904 3938 lichen
921 3880 1187 3958 Reolmuugsbiiclrer
1207 3872 1263 3939 ein·

814 3978 940 4044 guiragon
965 3969 1071 4038 hatten,
1102 3970 1186 4027 drmit
1211 3970 1260 4027 das

768 4094 771 4101 -
813 4055 1258 4134 Slaalsgutuiclrlgofalrrdetwlir·
