2818 4728
439 235 494 250 ”
563 245 672 308 stanit
690 247 724 308 X.
798 331 817 352 Μ
1136 233 1200 302 647

89 431 139 463 -‘
162 427 268 502 neque
291 409 376 476 enim
398 408 432 475 id
454 409 635 478 desiderare
654 409 907 500 rempublicam
923 448 964 460 -
986 413 1043 480 sed
1068 411 1201 503 impera·

89 529 146 586 tor
168 527 241 585 nter
260 513 302 582 sit
323 513 453 580 melior:
480 514 640 583 Etruriam
670 525 703 583 et
724 514 891 583 Samnium
918 515 1098 606 provincias
1120 541 1201 602 esse,

86 629 199 690 utrar'n
221 619 333 687 mallet
354 619 499 709 eligeret:
520 610 580 689 sno
604 621 746 689 exercitu
768 643 804 689 se
826 619 885 689 vel
898 620 930 689 in
944 621 1069 690 Etruria
1091 623 1142 692 vel
1166 625 1198 688 in

27 750 50 766 ²
86 726 229 794 Sam'nio'
247 742 317 792 rem
339 716 512 815 gestumm'.
548 729 619 793 tuin
641 725 778 793 militum
800 725 921 818 clarpor
936 737 1024 794 ortus
1046 737 1083 794 ut
1103 727 1198 794 simul

85 833 190 899 ambo
211 823 333 898 bollum
354 829 525 896 Etruscum
547 830 755 920 susciperent.
789 853 855 920 quo
879 827 1099 899 animadverso
1123 847 1225 898 con-5

85 959 189 1003 sensu
211 933 404 1002 Volumnius
433 934 610 1024 „quoniam
630 936 663 1002 in
693 934 837 1026 collegae
859 935 1024 1004 voluntate
1047 936 1197 1026 interpre-

86 1042 215 1109 tanda“
238 1040 341 1131 inquit
366 1040 507 1123 „erravi,
537 1063 603 1107 non
632 1038 832 1108 committam
853 1025 988 1131 utquid
1010 1065 1070 1109 vos
1093 1041 1197 1120 velitis

85 1146 264 1212 obscurum
286 1145 341 1211 sit:
367 1169 497 1212 manere
520 1169 560 1212 an
582 1145 670 1212 abire
691 1167 750 1212 me,
766 1145 884 1230 velitis,
913 1145 1055 1240 clamore
1083 1145 1196 1238 signifi-

83 1255 194 1318 cate“.
232 1261 303 1316 turn
325 1273 402 1330 vero
425 1261 530 1318 tantus
554 1262 603 1318 est
625 1250 746 1318 clamor
762 1261 893 1320 exortus
911 1262 948 1318 ut
969 1250 1081 1320 hostes
1103 1261 1194 1320 e'ca-

82 1354 160 1422 stris
181 1355 318 1423 exciret:
341 1355 436 1422 armis
459 1353 592 1446 arreptis
613 1353 771 1437 inaciern
793 1351 1003 1424 descendunt}
1040 1367 1073 1424 et
1095 1355 1240 1424 Vota-10

82 1458 192 1526 nntius
214 1458 302 1548 signa
325 1457 442 1528 canere
462 1485 500 1528 ae
523 1459 641 1528 vexilla
664 1459 768 1528 efferri
783 1461 894 1528 castris
909 1461 1010 1529 iussit.
1050 1459 1192 1552 Appium

81 1561 287 1629 addubitasse
310 1565 417 1631 ferunt
445 1576 628 1632 cernentem
657 1587 716 1632 seu
743 1575 905 1656 pugnante
932 1587 992 1633 seu
1023 1565 1133 1656 quieto
1156 1589 1192 1633 se

80 1668 154 1734 fore
177 1667 320 1760 collegae
342 1667 522 1760 victoriam:
561 1669 675 1736 deinde
703 1669 857 1752 veritum,
884 1692 926 1735 ne
954 1691 1031 1736 suae
1061 1693 1192 1759 quoque

11 1756 21 1776 Ρ
79 1773 227 1863 legiones
242 1771 453 1842 Volumnium
474 1783 692 1864 sequerentur,
715 1783 748 1840 et
769 1772 876 1862 ipsum
897 1771 1110 1862 flagitantibus
1126 1773 1191 1839 suis

80 1878 211 1968 signum
240 1866 376 1946 (ledisset
414 1878 454 1944 ab
484 1891 609 1947 neutra,
624 1882 715 1970 parte
743 1879 819 1946 satis
848 1876 1020 1946 commode
1046 1877 1191 1949 instructi
1204 1891 1238 1946 15

80 1985 225 2050 suerunt:
262 2006 338 2049 nam
365 1993 399 2050 et
419 1973 611 2050 Samnitium
639 1984 704 2053 dux
728 1981 850 2052 Gellius
879 1981 1032 2072 Egnatius
1062 1981 1189 2074 pabula-

83 2100 151 2154 tum
175 2111 250 2154 cnm
272 2085 457 2154 cohortibus
479 2087 590 2178 paucis
612 2088 692 2155 ierat
713 2111 838 2178 suoque
860 2085 984 2176 impetu
1011 2086 1112 2176 magis
1136 2085 1191 2154 mi·

81 2193 152 2260 lites
176 2217 274 2284 quam
297 2191 486 2283 cuiusquam
509 2191 608 2262 ductu
638 2202 693 2260 aut
720 2190 855 2283 imperio
882 2215 1025 2281 pugnam
1047 2213 1190 2282 capesse-

81 2299 223 2380 bantet
238 2296 374 2366 Romani
397 2297 556 2366 exercitus
577 2321 638 2368 nec
660 2298 778 2388 pariter
799 2295 897 2368 ambo
920 2294 1008 2362 ducti
1030 2320 1090 2362 uec
1112 2295 1189 2364 satis

82 2393 233 2494 temporis
263 2403 304 2470 ad
332 2402 553 2473 instruendum
580 2402 655 2470 fuit:
688 2403 775 2494 prius
803 2400 964 2470 concurrit
996 2399 1188 2470 Volumnius
1200 2419 1237 2473 οο

81 2531 179 2596 quam
197 2507 316 2598 Appius
339 2508 380 2574 ad
401 2507 531 2575 hostem
552 2507 748 2603 perveniret:
770 2507 879 2597 itaque
901 2507 1006 2573 fronte
1029 2503 1189 2596 inaequali
1224 2570 1229 2580 ,

80 2633 272 2679 concursum
294 2623 352 2694 est,
375 2623 409 2679 et
430 2612 521 2680 velut
540 2611 625 2680 forte
648 2613 788 2710 quadarn
809 2623 953 2682 mutante
971 2611 1121 2682 adsuetos
1144 2609 1187 2675 in·

96 2799 122 2859 6.
150 2809 199 2876 ᾳῆὶ
226 2801 257 2856 in
280 2799 414 2878 collegae
442 2801 595 2858 uoluntate
738 2803 779 2856 tis
802 2797 893 2860 efferri
915 2800 1006 2857 victur
1025 2799 1127 2870 (Pae).
1151 2828 1185 2842 -
1243 2832 1246 2840 ·

148 2886 595 2961 interpretandainquiterroui:
738 2885 822 2942 Paulo
845 2896 909 2964 post
931 2885 968 2943 P:
994 2905 1042 2944 seu
1067 2902 1185 2964 pugnan-

147 2968 223 3031 Fm.
244 2977 269 3032 0.
288 2971 323 3032 lll.
342 3005 376 3016 —
402 2973 424 3029 P
443 2995 478 3034 m.
498 2975 535 3033 1.:
554 2975 595 3030 in-¹
737 2983 794 3030 tem
816 2993 864 3030 seu
888 2974 982 3051 quieto
1004 2993 1034 3030 ae
1056 2961 1184 3030 lore'col·

145 3061 333 3136 terpraetamla
346 3062 449 3140 inquid.
465 3093 496 3105 -
510 3061 594 3145 Paulo
737 3061 811 3138 legae
832 3063 974 3119 uictoriam
997 3059 1095 3125 deinde
1119 3059 1185 3114 ueli-

145 3158 209 3226 post
230 3147 279 3204 ΡΜ
298 3148 373 3206 tait.
393 3171 423 3209 1.:
448 3152 530 3206 armis
553 3171 594 3206 ar·
736 3161 793 3206 tum
813 3153 846 3206 ne
865 3159 916 3208 cet.

144 3238 229 3312 raptis
248 3238 275 3292 in
294 3240 351 3293 acie
373 3236 550 3294 descendunt.
677 3255 708 3304 fa,
736 3249 764 3296 et
783 3239 865 3295 uelut
875 3235 965 3318 forte
978 3233 1109 3312 quadam
1122 3252 1183 3290 mu·

80 3324 120 3380 10.
146 3331 174 3378 et
193 3321 372 3384 Volumnius
384 3327 474 3404 signa
485 3343 593 3384 conare
734 3335 816 3382 roiate
834 3327 979 3382 adsuetos
991 3325 1075 3378 inter
1086 3341 1119 3377 se
1132 3319 1182 3376 lao-

106 3460 108 3466 .
143 3431 179 3466 ac
209 3413 326 3470 uexillo
354 3411 461 3485 efferri
484 3413 593 3472 castris
734 3423 810 3473 ates:
830 3411 870 3468 ll:
891 3411 1002 3486 „gleiolt
1021 3409 1059 3466 als
1079 3409 1114 3464 ob
1134 3407 1183 3464 der

145 3497 247 3554 iussit:
265 3497 308 3572 tl]
333 3509 360 3556 et
377 3497 537 3560 Volumnius
557 3529 590 3539 -
735 3497 822 3556 Zulall
841 3520 870 3556 es
888 3519 920 3555 so
938 3491 1067 3556 wollte“.
1086 3528 1120 3540 -
1146 3493 1196 3551 P:-

144 3583 233 3640 efferri
263 3608 277 3642 e
305 3588 400 3644 castris
423 3585 503 3644 iussit
527 3580 592 3656 (P),
725 3585 761 3644 vct
780 3595 808 3642 ut
826 3586 895 3644 forte
914 3585 1029 3664 quadam
1047 3593 1097 3643 cet.
1124 3583 1185 3648 Du·¹
1293 3575 1297 3584 ⁴

143 3701 176 3714 -
195 3673 225 3730 Ε
243 3673 349 3732 videtur
372 3673 404 3730 ab
429 3674 468 3730 cis
490 3673 590 3728 adseri·
733 3673 813 3750 lienus
841 3683 890 3742 „et
912 3673 987 3731 velut
1009 3681 1091 3730 sorte
1116 3691 1179 3751 qua·

141 3771 218 3836 ptum
230 3781 300 3837 esse,
312 3761 411 3840 quibus
421 3782 475 3822 non
486 3761 592 3833 affirm¹
733 3761 796 3818 dam
819 3765 937 3818 mutante
944 3765 960 3792 ‘⁶
983 3759 1067 3818 scribi
1086 3758 1180 3817 maluit

143 3847 192 3903 sed
217 3851 327 3921 efferre
349 3857 462 3928 propter
483 3868 590 3906 canera
620 3867 623 3874 ’
734 3859 763 3908 ut
780 3847 806 3918 6,
825 3849 885 3916 21„
904 3846 978 3924 quod
995 3867 1090 3924 parum
1108 3853 1180 3902 recte
1239 3915 1243 3934 Ι

57 3939 61 3947 ’
142 3931 276 4012 placebat:
296 3937 352 4002 (sic
372 3939 415 4003 10,
428 3937 471 3996 16.
488 3933 522 3990 P:
537 3935 592 4013 sibi
732 3937 814 3992 uelut
833 3955 893 3990 euru
904 3933 993 4008 forte
1007 3936 1180 4008 coniungere·

129 4027 200 4092 'e:).
230 4021 263 4078 cl.
282 4025 332 4091 27,
350 4026 391 4082 it:
410 4043 484 4091 „nec
504 4022 591 4078 detra·
733 4033 790 4078 tur:
814 4019 862 4077 sed
881 4023 936 4080 iana
953 4021 1090 4078 Drakenb.
1108 4019 1179 4074 slmi-

142 4111 224 4167 ctavit
236 4109 378 4180 Hannibal,
394 4119 424 4169 ut
436 4112 511 4186 sigua
522 4130 591 4186 por·
734 4107 786 4168 lem
800 4107 889 4166 locum
902 4112 927 4179 5,
941 4111 981 4168 13.
993 4106 1097 4179 „veluti
1110 4105 1179 4164 lette
