2618 4590
532 238 909 381 'lateturx

176 437 318 529 plevere.
349 434 510 501 inmunes¹
523 420 654 523 quoque
679 452 816 522 operum
841 430 1024 500 militarium
1050 443 1155 514 erant,
1185 434 1274 501 utin

176 564 277 607 unum
297 561 422 630 pugnae
450 537 593 605 laborem
619 534 772 609 reservati
798 535 871 627 plus
897 535 958 607 sibi
985 560 1084 626 quam
1112 562 1171 635 pro
1192 538 1275 606 virili

175 655 268 739 parte
289 643 494 711 adnitendum
516 643 648 711 scirents
681 652 772 709 extra
793 642 938 708 ordinem
965 640 1062 707 etiam
1083 639 1117 706 in
1137 641 1206 709 acie
1229 643 1274 711 lo

177 749 254 830 cati,
284 771 351 838 quo
374 748 575 838 conspectior
595 748 694 815 uirtus
722 759 817 815 esset.
856 745 956 813 duum
982 746 1107 811 milium
1127 746 1274 834 planities

145 863 277 923 tcastra
293 853 440 921 Romana
461 852 502 919 ab
524 851 668 919 Hernicis
690 851 872 920 dirimebat:
894 850 938 917 ibi
959 850 1027 941 pari
1050 850 1150 917 terme
1166 852 1274 917 utrim-

174 980 239 1046 que
266 958 369 1047 spatio
397 957 431 1024 iu
459 956 568 1025 medio
590 970 767 1048 pugnatum
792 968 851 1025 est.
888 955 991 1046 primo
1018 954 1106 1022 stetit
1127 955 1274 1044 ambigua

155 1084 232 1152 ispe
254 1087 360 1154 pugna
383 1062 580 1153 nequiquam
600 1086 697 1154 saepe
720 1062 841 1132 conatis
864 1059 1022 1151 equitibus
1042 1058 1196 1126 Romanis
1217 1059 1274 1126 im-

95 1220 103 1231 .
173 1177 253 1255 petu
275 1166 401 1235 turbare
423 1167 566 1235 hostium
587 1166 699 1235 aciem.
731 1178 906 1258 postquam
928 1163 1082 1255 equestris
1100 1186 1207 1252 pugna
1229 1163 1274 1231 et-

174 1270 262 1338 tectu
284 1290 381 1361 quam
404 1272 570 1340 conatibus
592 1270 806 1353 vaniorem,
835 1268 982 1339 consulto
1004 1268 1091 1359 prius
1117 1267 1274 1338 dictatore

173 1479 345 1570 provolant
361 1492 444 1561 ‚ante
471 1480 560 1571 signa
588 1492 622 1549 et
648 1504 766 1549 novam
792 1480 949 1569 integrant
980 1501 1130 1567 pugnam.
1167 1501 1274 1568 neque

172 1584 319 1651 sustineri
340 1595 496 1676 poterant,
517 1585 551 1651 ui
572 1584 836 1654 extraordinariae
850 1582 999 1652 cohortes
1013 1583 1083 1673 pari
1100 1606 1274 1673 corporum

173 1689 417 1781 animorumque
438 1690 555 1759 robore
574 1714 612 1761 se
635 1691 836 1759 obiecissent„

259 1795 342 1862 VIII.
387 1795 481 1862 Tunc
501 1796 583 1862 inter
604 1797 759 1886 primores
782 1794 918 1860 duorum
933 1791 1128 1883 populorum
1146 1816 1198 1861 res
1221 1818 1272 1885 ge·

126 1910 160 1967 15
172 1897 259 1966 ritur.
295 1898 451 1990 quidquid
472 1899 548 1966 hinc
570 1912 626 1967 aut
647 1900 733 1971 illinc
754 1898 933 1968 communis
949 1897 1036 1964 Mars
1058 1898 1146 1966 bello
1162 1899 1273 1981 aufert,

187 2039 216 2100 d.
242 2038 335 2095 duum
356 2039 485 2096 milium.-
505 2034 534 2096 Μ
555 2059 591 2100 m.
612 2041 639 2098 3.
656 2037 688 2097 P.

241 2157 276 2168 -
294 2125 322 2182 Μ
339 2146 374 2186 m.
393 2130 431 2184 1.:
450 2126 514 2184 dum
525 2125 637 2185 milium.
652 2158 686 2170 -

240 2211 306 2268 PM:
329 2213 468 2289 planicies.
504 2212 548 2273 cf.
572 2216 620 2281 27,
644 2217 686 2271 18.

241 2296 316 2356 Puta
334 2297 470 2375 planities.
487 2297 521 2358 al.
539 2328 573 2341 ·-
594 2298 633 2357 dl:
652 2300 687 2359 ab

240 2386 349 2442 crnicis.

187 2493 214 2553 5.
243 2495 684 2574 ibiporifermeutrimquespe·

240 2584 297 2638 tio:
307 2580 486 2643 Pit-Leia.
495 2603 512 2644 1.
520 2583 593 2642 Harl.
601 2605 633 2645 1.:
645 2586 685 2644 ibi

238 2670 311 2745 patri
328 2668 411 2726 ferme
424 2673 529 2751 utrique
540 2675 637 2751 spatio.
648 2703 685 2719 ·-

237 2753 281 2812 Με
300 2759 459 2835 nequiquam
477 2779 558 2837 saepe
576 2761 682 2836 conati!
784 2816 787 2827 .

236 2844 544 2920 sequibusromaniscct.
558 2845 683 2918 Ct'.1‚1d.

185 2953 212 3013 9.
248 2955 384 3013 consulto
417 2959 503 3032 prius
538 2961 684 3018 dictatore

238 3042 353 3115 equites
386 3047 534 3116 permissu
574 3048 684 3105 deinde

237 3126 303 3181 eius
321 3128 432 3184 relictis
449 3134 534 3205 equis
552 3134 683 3191 clamore

237 3211 352 3291 ingenti
364 3216 541 3289 prouolant.-
558 3217 607 3276 ΡΜ
624 3219 681 3278 rell.

236 3297 350 3356 Videtur
361 3298 453 3360 Livius
472 3304 514 3360 his
532 3307 623 3363 verbis
641 3308 682 3365 di·

235 3406 297 3443 cere
308 3387 435 3460 voluisse,
453 3390 612 3451 dictatorem
626 3399 681 3473 pri·

233 3495 279 3532 mo
291 3474 325 3532 da
338 3478 395 3534 sius
405 3497 509 3554 pugnae
518 3500 597 3558 quam
606 3485 680 3559 equi·

233 3569 275 3617 tes
300 3568 454 3639 petiverunt
479 3578 576 3627 eventa
602 3569 679 3626 dubi·

234 3657 315 3708 tasse.
661 3677 664 3683 ·

164 3766 208 3826 11.
234 3787 331 3848 neque
365 3779 508 3835 sustineri
541 3787 680 3855 poterunt

233 3860 678 3923 niextreordinurs’oeeolrortes

229 3947 300 4020 puri
319 3967 475 4023 corporum
500 3956 677 4011 animorum·

232 4052 291 4108 que
307 4037 466 4095 roboreae
487 4041 677 4098 obiecissent:

231 4116 404 4183 Pruml.
431 4154 468 4171 -
495 4125 628 4188 Putat.
649 4135 677 4184 et

829 2037 1122 2110 ‚,cxtrahordimriae“
1144 2048 1172 2094 et
1193 2041 1272 2107 „sni-

829 2130 1023 2203 morumque“.
1045 2157 1080 2168 -
1107 2123 1272 2194 Ct2‚10.:

827 2231 898 2290 pons
916 2210 1045 2269 sublicius
1060 2213 1112 2269 iter
1123 2232 1208 2290 paene
1224 2212 1273 2269 ho·

828 2299 915 2355 stibus
930 2299 1014 2367 dedit,
1031 2300 1060 2355 ui
1072 2319 1141 2356 uuus
1153 2302 1195 2358 vir
1207 2300 1271 2357 tuis·
1294 2314 1299 2323 ·

765 2402 769 2409 ·
827 2396 871 2443 set
887 2385 1016 2443 Horatius
1034 2385 1141 2446 Coeles.
1169 2390 1196 2455 2,
1214 2391 1272 2448 50.:

825 2473 1021 2550 vincebantque
1033 2474 1132 2531 auxilio
1144 2473 1199 2532 loci
1206 2496 1271 2554 pau-

828 2560 894 2616 citas
921 2562 950 2618 ni
978 2563 1042 2637 iugo
1073 2564 1272 2622 circummissus

825 2644 925 2704 Veiens
937 2650 966 2705 in
978 2649 1108 2708 verticem
1121 2649 1197 2708 collis
1211 2672 1271 2708 eva·

825 2736 914 2794 sisset.
925 2734 958 2795 al.
977 2735 1021 2796 Cf.
1031 2740 1057 2806 7,
1069 2740 1112 2798 15.
1120 2770 1154 2782 -
1163 2735 1239 2797 Leid.
1251 2758 1269 2796 1.

825 2821 873 2881 al.:
891 2826 1032 2884 sustinere.

755 2908 799 2968 15.
827 2910 978 2988 quidquid
1007 2910 1076 2968 hine
1104 2922 1159 2969 aut
1186 2913 1272 2970 illino

824 3001 987 3055 eommunis
1009 3017 1091 3057 mors
1112 3000 1190 3057 bello
1218 3021 1271 3056 au-

817 3082 901 3158 fert:
919 3083 970 3140 ΡΜ
986 3083 1060 3158 reli]
1082 3084 1212 3165 quicquid
1235 3119 1271 3130 -··

823 3169 888 3227 belli
898 3170 983 3228 aufert
992 3171 1150 3247 (Sigonius).
1168 3173 1271 3249 Quam·

823 3278 903 3334 quam
920 3257 993 3316 haud
1005 3279 1066 3317 rara
1078 3260 1150 3339 apud
1161 3259 1271 3318 Livium

824 3345 909 3403 Mers
927 3345 999 3402 belli
1018 3350 1182 3405 eommunis
1202 3347 1270 3406 dicl-

822 3440 880 3500 tur,
908 3441 997 3489 tamen
1015 3433 1042 3490 h.
1061 3433 1079 3490 Ι.
1103 3434 1192 3492 facero
1212 3455 1269 3491 non

821 3519 900 3596 potui
917 3521 982 3596 quin
994 3523 1113 3578 omnium
1125 3523 1269 3601 mseripto·

819 3624 880 3664 rum
917 3610 1102 3664 auctoritatem
1132 3628 1269 3686 sequerer,

820 3715 891 3764 cum,
914 3693 1174 3772 quemadmodum
1195 3696 1269 3773 apud

821 3783 881 3840 cic.
894 3785 923 3839 iu
935 3781 995 3841 Cat.
1008 3784 1069 3838 mai.
1080 3804 1103 3842 e.
1114 3786 1156 3842 19.
1175 3784 1269 3852 „omui

820 3870 901 3924 aetati
927 3877 1041 3926 mortem
1063 3890 1123 3926 csse
1148 3864 1267 3926 eommu-

817 3960 903 4013 nom“
912 3956 1047 4033 multaque
1059 3954 1157 4016 similia
1165 3959 1267 4034 scripta

817 4041 955 4118 legimus,
969 4043 1075 4101 dativus
1093 4063 1145 4123 per
1161 4064 1194 4103 sa
1210 4063 1267 4102 nou

817 4138 889 4188 esset
905 4130 1118 4209 improbandus*
1199 4140 1203 4150 '
