2618 4590
70 240 77 267 ¹
170 222 236 291 17⁰
630 233 738 295 moen
755 233 812 294 vlt

168 399 368 491 ricordinque
401 396 534 467 militem
570 395 798 465 accendebant.
841 419 958 486 niagno
988 394 1149 484 utrimque
1168 396 1267 467 edito

169 506 269 574 mede
297 502 447 573 avertitur
476 501 606 571 tandem
633 501 719 571 acies
741 500 923 569 Gallorum:
958 500 1033 590 luga
1059 499 1160 567 Tibur
1185 502 1268 589 sicut

54 654 58 669 ·
87 654 92 663 ·
171 634 281 678 arcem
299 607 378 675 belli
399 605 512 673 Gallici
538 616 666 696 petuntz
704 607 801 697 palati
822 631 842 673 a
864 604 996 675 consule
1018 603 1161 673 Poetelio
1183 604 1269 675 baud

169 713 283 805 procul
303 711 424 780 Tibure
445 711 571 801 excepti
592 711 736 801 egressis·
754 712 797 778 ad
826 735 930 801 opern-
950 710 1115 778 ferendam
1134 710 1269 780 Tiburti·

137 820 230 886 otus
251 817 347 885 simul
368 840 450 884 cum
477 816 505 885 is
533 816 615 885 intra
640 828 750 906 portos
777 816 1011 907 conpelluntur.
1048 816 1173 906 egregie
1194 839 1268 883 cum

168 923 208 991 ab
231 923 385 991 dictatore
407 932 478 989 tum
500 920 540 988 ab
563 921 695 995 oonsule
716 944 769 991 res
790 932 880 1013 gesta
902 933 961 990 est.
999 931 1033 989 et
1054 921 1168 988 consul
1189 921 1267 989 alter

165 1027 283 1095 Fabius
304 1026 434 1117 proeliis
456 1025 596 1117 primurn
617 1026 723 1117 parvis
744 1037 910 1117 postremo
923 1049 996 1094 uno
1017 1024 1130 1117 insigni
1151 1048 1266 1116 pugna,

146 1156 242 1202 ·cnm
263 1132 374 1200 hostes
395 1132 472 1199 totis
496 1131 598 1199 adorti
622 1131 723 1223 copiis
737 1143 854 1217 essent,
874 1132 1031 1201 Hernicos
1046 1130 1192 1199 devincit
1226 1129 1268 1199 diss

166 1249 269 1306 ctotor
291 1235 477 1304 consulibus
499 1236 532 1303 in
554 1247 667 1305 senatu
690 1247 722 1305 et
737 1237 822 1328 opud
836 1237 994 1328 populum
1008 1235 1175 1326 magnifice
1193 1258 1267 1303 con·

119 1341 301 1410 ttluudatis
331 1352 364 1409 et
390 1364 521 1410 surarum
547 1364 679 1432 quoque
706 1366 814 1410 rerum
835 1343 898 1411 illis
924 1342 1058 1409 remisso
1080 1340 1202 1409 bonore
1216 1339 1267 1409 ‘di-

165 1457 288 1514 ctatura
309 1468 346 1514 se
368 1445 535 1515 abdicavit.
572 1446 798 1516 Poeteliusde
819 1447 919 1516 Gallis
942 1445 1191 1535 Tiburtibusque
1215 1467 1266 1534 ge·

159 1551 288 1651 ¹minum
308 1551 508 1642 tritunphum
530 1551 602 1642 egit,
628 1551 728 1619 Fabio
751 1554 827 1621 satis
848 1553 955 1621 visum
976 1563 1013 1619 ut
1033 1573 1133 1619 ovans
1154 1548 1267 1616 urbem

162 1656 264 1727 iniret.
300 1655 435 1727 inridere
456 1656 580 1725 Poeteli
600 1656 799 1748 biumphum
820 1658 987 1727 Tiburtes:
1008 1656 1062 1723 ubi
1085 1655 1171 1723 enim
1192 1677 1266 1722 euni

180 1881 205 1938 1.
234 1896 345 1957 mogon
359 1874 601 1954 utrimqueedito
618 1898 681 1935 coe·

66 1975 89 1999 ’“
232 1966 286 2022 dc:
304 1965 362 2023 Pll.
375 1996 409 2005 —
428 1962 462 2022 C.
474 1963 602 2039 Sigonius
615 1967 681 2021 seri-

234 2053 354 2111 bendnm
377 2053 493 2110 coniecit
510 2051 620 2129 „fugati
635 2050 681 2108 Ti-

230 2140 304 2199 bor“
316 2151 375 2209 cet,
393 2139 467 2218 quod
477 2141 576 2215 palati
585 2158 680 2217 seque-

232 2237 321 2284 retur:
340 2227 389 2283 sed
407 2227 443 2284 ob
458 2228 588 2304 idipsum
605 2228 680 2282 simi·

131 2318 137 2325 '
232 2313 318 2370 litudo
342 2333 439 2370 vocum
463 2312 587 2370 evitanda
604 2312 680 2370 vide·

230 2409 283 2458 tur.
306 2431 341 2441 -
368 2398 409 2456 lll:
437 2401 497 2477 luga
523 2402 596 2457 tibur
622 2398 678 2472 sibl

232 2489 317 2543 aciem
336 2487 407 2547 belli.
425 2518 460 2533 ·-
478 2487 543 2546 PM:
563 2487 646 2568 palati
664 2480 698 2542 ι’
746 2544 756 2567 Ι

233 2572 343 2630 consule
372 2574 480 2655 petelio.
508 2606 544 2618 -
573 2574 614 2634 bl:
645 2574 680 2631 ad

232 2681 310 2739 opem
329 2660 478 2724 serendum.
515 2728 519 2735 .

178 2750 206 2808 ὅ.
234 2750 325 2806 simul
340 2769 405 2806 cum
429 2754 455 2808 is
478 2752 558 2807 intro
572 2758 679 2826 portos
748 2746 751 2751 ’

232 2828 453 2912 conpelluntur:
493 2835 557 2909 ΡΜ]
597 2833 678 2894 simul

232 2943 291 2979 cum
301 2923 343 2979 his
356 2933 406 2983 eet.
425 2922 468 2981 Cl'.
481 2927 508 2992 3,
518 2928 576 2983 tn:
588 2935 677 2993 „tam-

232 3028 311 3086 quam
329 3011 414 3065 moius
432 3009 515 3066 ullum
534 3001 636 3088 populo
654 3031 677 3066 r.

231 3091 330 3147 bellom
348 3095 384 3150 sit
402 3114 481 3169 quarn
494 3116 553 3151 cum
567 3100 593 3151 is
608 3099 676 3172 qni“

232 3187 282 3234 cet.
296 3177 328 3237 al.
348 3177 391 3238 Cf.
403 3178 487 3239 Prisc.
500 3183 526 3249 7,
538 3184 564 3249 d,
578 3183 620 3240 14.
635 3184 677 3245 15

178 3296 212 3311 -
230 3268 364 3346 egregie:
377 3287 444 3323 cum
470 3269 507 3324 ab
533 3268 677 3327 dictatore

229 3362 292 3410 tum
309 3355 348 3410 ab
365 3345 425 3416 coi.
444 3375 494 3413 res
509 3366 598 3439 gesto
616 3367 676 3415 est:

228 3440 278 3498 Plll
295 3440 369 3500 llorl.
387 3462 404 3501 1.
423 3474 469 3523 ‘.
480 3440 560 3502 Rene.
580 3444 674 3510 codd:

230 3531 335 3603 egregie
352 3539 409 3586 tum
428 3530 460 3587 ab
474 3531 605 3589 dictatore
623 3522 673 3592 eet.

229 3612 320 3669 -lllz
337 3627 364 3671 et
376 3626 432 3674 coi.
446 3617 522 3676 alter.

174 3701 203 3756 Θ.
229 3718 295 3754 cum
312 3702 412 3760 bootes
429 3707 499 3761 totis
511 3706 615 3763 adorti
627 3729 674 3764 co·

182 3838 185 3845 .
228 3786 288 3863 piis
306 3798 419 3845 essent.-
437 3789 471 3848 lll.
498 3823 534 3837 -
560 3793 595 3850 P:
614 3815 674 3852 cum

230 3871 337 3929 bootem
363 3875 428 3930 totis
455 3876 563 3937 adhorti
588 3884 675 3960 copiis

229 3968 327 4016 urent
343 3991 376 4003 -
395 3959 498 4023 Lovell.
508 3969 535 4024 2.
554 3969 594 4026 d:
613 3989 675 4026 curn

108 4098 111 4103 .
209 4038 620 4135 'bosteototisodortuseopiis
633 4076 674 4113 es·

64 4200 166 4320 h

823 1888 873 1938 aet.
892 1908 926 1921 -
944 1875 1015 1937 cod.
1033 1875 1090 1952 sig.
1107 1873 1156 1933 at:
1172 1872 1265 1932 llerui·

769 1964 791 1991 ⁸'
824 1985 870 2022 eos
890 1964 999 2023 decicit.

769 2057 796 2112 8.
824 2053 953 2111 dictator
975 2051 1148 2109 consulibus
1171 2051 1201 2106 ἰιι
1223 2070 1266 2107 oe·

822 2149 896 2197 notu
914 2147 944 2196 ct
960 2138 1043 2213 opud
1050 2138 1194 2212 populum
1206 2130 1264 2192 nio·

820 2226 932 2307 gnifica
949 2224 1139 2281 conlaudatis
1154 2234 1184 2280 et
1199 2243 1266 2280 euo-

823 2333 891 2370 rum
909 2332 1027 2390 quoquc
1039 2332 1139 2368 rerum
1150 2313 1212 2369 illis
1224 2332 1266 2367 rc·

822 2402 914 2458 misso
936 2398 1050 2455 honore
1070 2399 1217 2456 dinatum
1234 2417 1266 2454 ce

822 2488 985 2547 obdr‘cout't:
1003 2485 1066 2543 PllI:
1084 2486 1138 2543 nisi
1155 2484 1265 2565 quodie

821 2574 843 2630 P
855 2576 944 2652 primo
963 2573 1126 2651 „magnifico
1134 2577 1152 2607 “
1164 2582 1191 2628 et
1203 2591 1264 2641 „re-

821 2665 917 2719 mioo“
950 2671 1018 2720 ¹erut.
1053 2692 1088 2703 -
1126 2658 1202 2729 Leid.
1231 2679 1262 2716 n:

821 2747 915 2828 ‚,apud
937 2746 1065 2826 populo“
1086 2757 1113 2805 et
1135 2745 1263 2819 „laudau-

819 2839 888 2897 tint.
914 2868 948 2879 -
976 2834 1062 2906 „Und
1083 2835 1213 2893 nnebdem
1234 2854 1263 2890 er

820 2922 888 2982 ancli
906 2924 959 2980 den
972 2923 1062 2981 Robur
1080 2921 1128 2979 der
1143 2922 1200 2989 ibin
1217 2925 1260 2995 ge:

817 3012 916 3069 btibrte
932 3010 1023 3067 eui
1000 3031 1041 3067 sie
1061 3008 1131 3067 bitte
1153 3006 1264 3095 dberge·

817 3099 872 3161 ben
889 3098 1010 3156 lassen‘t

748 3188 792 3248 11.
818 3184 953 3245 Petelino
977 3184 1016 3244 dc
1039 3158 1138 3249 Gallie
1163 3160 1264 3243 Tibur·

817 3270 957 3351 tibiaeque
984 3274 1135 3353 geminum
1161 3272 1265 3331 trium·

814 3361 909 3438 plnum
927 3363 995 3440 egit,
1016 3360 1109 3417 Fadio
1127 3360 1203 3416 sotis
1221 3360 1265 3415 ui·

818 3468 886 3507 sum
914 3458 946 3506 ut
968 3469 1063 3507 ouans
1076 3447 1187 3509 ‚urbem
1210 3440 1263 3501 ini·

816 3522 877 3592 ¹ret:
896 3533 953 3595 ΡΜ.
975 3569 1009 3578 -
1027 3528 1263 3593 Leid.1.=.'ribur-

817 3623 899 3682 tibus.
915 3655 948 3667 -
967 3620 1033 3679 Poll.
1053 3625 1078 3680 1.
1093 3612 1122 3680 ’3.
1142 3618 1219 3679 Voss.
1236 3638 1262 3675 u.
1287 3612 1290 3617 ’

817 3708 916 3789 aliique
934 3732 1002 3771 rece.
1022 3708 1113 3767 codd·
1138 3709 1205 3763 satis
1223 3709 1263 3762 ni·

806 3808 943 3857 comest.
957 3779 1066 3854 -Pid:
1084 3782 1202 3854 inridere
1212 3793 1262 3852 Pe·

815 3883 860 3940 tili
876 3884 1041 3964 triumphuni
1058 3882 1192 3941 Tiburtes.

746 3928 789 4030 ld.
816 3973 868 4029 odi
889 3974 965 4029 enim
987 3993 1054 4029 eum
1077 3989 1177 4030 cecum
1198 3970 1261 4026 ocio

814 4061 1006 4134 conflixisse:
1029 4058 1104 4120 Prn.
1127 4060 1211 4117 2.—
1239 4055 1261 4112 P
