2618 4590
134 224 200 295 506
598 239 708 299 trouu
724 240 772 303 IX„

134 405 209 495 tuga
231 403 358 470 alterius
382 402 477 491 partis
499 403 556 469 sed
579 426 643 469 nox
666 403 803 471 incertos
826 404 899 472 vieti
922 406 1115 472 victoresne
1145 418 1236 472 essent

50 570 53 578 .
136 509 269 576 diremit.
309 508 435 575 invenio
459 508 542 596 apud
567 508 723 596 quosdam
747 509 911 577 adversam
927 534 1001 575 earn
1019 533 1174 599 pugnam
1189 510 1236 576 Ro

135 614 236 681 monis
270 613 365 680 inisse
394 625 489 703 atque
517 613 548 677 in
577 636 614 679 ea
644 613 795 680 cecidisse
823 616 863 697 Q.
890 608 1024 680 Auliurn
1055 615 1236 704 magistrun

135 719 288 808 equiturn.
325 718 477 787 suffectus
500 718 532 783 in
554 717 662 783 loounr
684 716 757 782 Auli
779 718 815 783 C.
836 718 953 785 Fabius
977 720 1142 809 rrragister
1166 720 1235 808 eqni·

103 835 202 899 stum
225 848 301 890 euru
323 823 465 897 exercitu
486 846 571 890 novo
595 822 635 890 ab
656 821 760 889 Rorna
783 824 925 905 aduenit,
951 835 985 890 et
1008 849 1071 914 per
1098 824 1235 914 praemis

133 951 187 996 sos
215 926 342 995 nuntios
370 927 518 994 consulto
547 928 700 996 dictatore
716 928 785 1003 ubi
813 929 999 997 subsisteret
1030 954 1152 1019 quove
1173 941 1234 997 tern

131 1048 220 1123 pore'
233 1044 361 1122 etqua·
374 1057 416 1099 ex
437 1043 527 1122 parte
549 1034 676 1100 bosteru
699 1033 936 1121 adgrederetur,
965 1034 1120 1101 substitit
1144 1034 1234 1102 occul·

132 1148 185 1209 tus
212 1139 253 1205 ad
281 1137 387 1204 omnia
414 1138 490 1205 satis
518 1138 690 1229 exploratis
723 1138 887 1211 consiliis„
909 1139 1050 1207 dictator
1081 1164 1165 1208 curn
1191 1163 1236 1230 per

133 1243 260 1334 aliquot·
279 1243 346 1310 dies
368 1253 444 1332 post
464 1266 604 1333 pugnarn
626 1243 833 1311 continuisset
853 1232 931 1311 suos
946 1245 1029 1312 intra
1047 1245 1180 1314 vallum
1194 1244 1235 1312 ob-

85 1349 210 1425 insessi
232 1348 331 1439 magis
353 1372 451 1438 quarn
473 1349 647 1417 obsidentis
669 1349 782 1431 modo,
804 1349 929 1438 signum
952 1361 1093 1439 repente
1118 1374 1233 1441 pugnae

130 1455 311 1547 proposuit,
340 1466 372 1521 et
400 1454 560 1521 efficacius
582 1465 667 1520 ratus
696 1454 736 1518 ad
766 1455 987 1522 accendendos
1010 1455 1165 1522 virorum
1186 1456 1234 1522 for-

126 1560 355 1657 timo-animos
378 1559 499 1626 unllam
517 1558 596 1625 alibi
618 1558 770 1647 quamiu
792 1571 895 1627 semet
916 1561 987 1649 ipso
1016 1562 1179 1653 cuiquam
1199 1584 1235 1626 re·

129 1660 236 1733 tirum
260 1688 367 1756 spem,
396 1667 437 1733 de
465 1664 616 1754 magistro
646 1663 788 1752 equitum
817 1666 968 1753 novoque
991 1667 1146 1734 exercitu
1168 1666 1234 1733 rnili-

132 1769 344 1852 temjcelavit,
366 1782 399 1839 et
422 1770 586 1859 tamqnir'n
608 1769 695 1835 nulla
719 1769 777 1835 nisi
798 1769 831 1835 in
850 1764 1022 1859 ¹eruptione
1046 1794 1128 1861 spes
1152 1782 1235 1849 esset,

84 1893 118 1951 15
130 1862 382 1965 „loeistinqnir
399 1862 570 1965 '„angustis
593 1874 708 1940 milites
726 1874 916 1965 deprehensi
939 1874 997 1965 uisi
1022 1901 1129 1967 quam
1148 1876 1233 1944 vieto-

130 1979 176 2047 ria
198 1979 442 2069 patefecerimus
464 1981 550 2048 viam
565 1979 687 2049 nullam
704 1966 876 2047 liabernus:
899 1980 1013 2047 stativa
1038 1992 1154 2048 nostra
1176 2004 1233 2045 mu-

126 2068 273 2157 nimento¹
291 2085 457 2154 satistuto
480 2086 634 2153 suut-sed
663 2084 769 2174 inopia
801 2087 915 2152 eadem
942 2085 1076 2167 infesta,
1106 2109 1183 2151 narn
1207 2095 1234 2149 et

128 2186 211 2256 eirea
235 2191 341 2256 omnia
365 2191 553 2258 deiecerunt
578 2189 663 2255 unde
692 2189 826 2256 subvehi
854 2201 1056 2257 commeatus
1080 2200 1233 2279 poterant,

129 2293 212 2395 etsi
235 2317 347 2360 omnes
369 2295 477 2362 iuvare
500 2295 607 2376 velint,
629 2294 735 2384 iniqua
755 2294 826 2362 loca
849 2306 937 2362 sunt:
962 2294 1071 2386 itaque
1086 2318 1156 2363 non
1178 2295 1234 2359 fru-

188 2449 279 2514 -atque
297 2442 325 2495 in
351 2461 381 2495 ea
404 2441 535 2497 cecidisse
553 2464 580 2518 q.
599 2462 643 2497 au·

197 2525 263 2583 lium
287 2533 356 2602 rung.
381 2529 508 2602 equitum.
538 2529 578 2584 tl:
605 2541 643 2584 at-

786 2445 839 2499 nisi
857 2445 886 2499 in
906 2445 1047 2520 eruptione
1071 2463 1141 2520 spes
1158 2451 1231 2499 esset.

785 2531 826 2588 bi:
847 2541 874 2586 et
892 2540 980 2589 tannen
992 2551 1073 2606 quam
1087 2530 1163 2586 nulia
1176 2539 1220 2586 cet.

198 2634 251 2691 que
278 2617 306 2671 in
330 2636 360 2670 ea
385 2615 516 2672 recidisse
538 2623 566 2694 1¹1.
590 2617 643 2673 aliu
715 2621 757 2678 16.
785 2620 897 2675 statiua
921 2626 1026 2674 nostro
1053 2618 1230 2675 munimento

176 2704 281 2793 ,gagis
312 2705 441 2780 equitum,
476 2704 503 2760 bl
536 2725 572 2763 m.
602 2709 641 2762 3.:

193 2809 240 2866 qu.
258 2789 320 2850 alin.
345 2790 388 2851 Cf.
407 2792 522 2852 Diodor.
542 2795 584 2861 19,
598 2796 641 2850 72.

22 2908 25 2921 ¹
143 2881 168 2937 1.
194 2881 281 2937 Auli:
299 2877 342 2951 bi]
361 2879 434 2936 Aulii
453 2882 516 2950 (P).
540 2912 573 2922 -
601 2881 640 2935 bl:

784 2709 859 2763 sotis
877 2712 943 2765 tuto
960 2714 1045 2761 sunt:
1065 2705 1093 2763 tl
1112 2727 1149 2764 m.
1167 2709 1192 2763 3.
1204 2703 1230 2760 Ρ.

784 2826 818 2835 -
842 2792 869 2848 Μ
887 2815 922 2850 m.
943 2796 979 2850 1.·:
1002 2795 1069 2848 satis
1092 2801 1140 2848 toa
1164 2800 1231 2849 sunt,

785 2913 818 2922 -
837 2881 876 2936 bl:
895 2881 966 2937 uude
985 2881 1082 2937 subuei
1099 2890 1154 2936 eet.

97 3031 103 3036 ,
133 3012 136 3017 -
194 2966 318 3026 &fabius
330 2968 398 3041 mgis
411 2971 539 3044 equiturn.
557 2989 592 3025 ru.
602 2971 643 3025 3.:
713 2970 754 3027 19.
783 2977 812 3024 et
838 2971 867 3023 si
896 2969 1093 3026 amrinum
1121 2966 1230 3020 uelint:

193 3057 279 3128 magis
296 3055 425 3129 equitum.

140 3145 168 3201 7.
194 3143 324 3199 substitit
343 3143 474 3198 occultus
487 3142 639 3211 adomnia

192 3231 268 3291 sotis
295 3230 462 3304 exploratis
489 3230 638 3284 consiliis.-

191 3315 223 3375 P.
247 3350 291 3382 -,
308 3316 349 3372 bl:
374 3317 495 3372 substitit
517 3314 638 3373 ocoultos

192 3404 227 3460 ad
241 3406 329 3460 omnia
340 3407 406 3461 satis
418 3402 564 3480 exploratis
577 3424 637 3460 con-

192 3490 270 3550 ciliis.
303 3492 376 3548 Leid.
390 3511 421 3550 1.:
445 3492 576 3552 subsistit.
603 3524 636 3532 —-

190 3578 212 3632 P
229 3599 265 3637 m.
286 3582 323 3636 1.:
342 3579 557 3652 adgrederentur.

122 3665 164 3722 12.
191 3667 306 3719 oollam
330 3668 403 3723 alibi
426 3686 527 3742 quam<
540 3668 571 3722 io
592 3687 637 3723 se·

138 3768 141 3775 ’
190 3758 248 3806 utet
267 3753 331 3826 ipso
349 3756 488 3826 cuiquam
504 3755 636 3816 relictam

189 3858 288 3913 opem:
304 3839 360 3896 ΡΜ.
373 3871 406 3881 -
420 3839 497 3899 Leid.
511 3861 634 3918 1.:quarn

187 3947 205 3983 a
227 3938 313 3983 semet
335 3929 403 4005 ipso.
434 3929 513 3987 Voss.
530 3949 558 3987 u.
586 3928 633 3986 ab:

188 4034 267 4090 quarn
285 4014 327 4072 err.
349 4047 385 4059 -
410 4015 493 4072 Paulo
513 4025 574 4072 ante
591 4015 633 4070 iil:

25 4169 32 4181 ·
155 4096 158 4103 ’
188 4098 423 4162 efficatius-P:
436 4113 463 4160 et
472 4111 551 4179 tiqui
560 4102 632 4159 nulla

782 3054 847 3125 Pol]
867 3064 894 3109 et
911 3058 935 3109 si
949 3055 1072 3110 homines
1083 3053 1178 3111 iuvare
1189 3072 1230 3108 ve

780 3142 839 3198 lint.
860 3170 891 3195 -τ-
912 3143 1023 3199 Omnes
1039 3143 1230 3216 scriptumest

781 3250 888 3306 quoqne
916 3231 944 3285 in
972 3229 1054 3286 Drab.
1086 3227 1168 3287 eodd.
1195 3258 1227 3270 —

720 3344 723 3349 ’
780 3319 987 3374 Arbitrabantur
1014 3317 1152 3373 domines
1182 3337 1226 3392 op-

779 3408 844 3482 poni
867 3408 955 3472 locis,
983 3404 1032 3459 sed
1056 3424 1161 3460 omues
1188 3423 1225 3459 re-

778 3493 896 3569 spondet
914 3491 1089 3568 praecedenti
1114 3493 1225 3547 omnio:

780 3580 875 3648 ,rdenn
900 3578 980 3635 theils
1003 3581 1040 3634 ist
1055 3577 1148 3646 Ailes,
1175 3597 1224 3632 von

779 3688 824 3723 wo
840 3687 890 3723 uus
904 3666 1006 3723 Zniubr
1017 3667 1131 3722 werden
1143 3665 1224 3721 bonn-

777 3766 817 3822 te,
847 3758 921 3828 ringo
948 3753 1042 3812 umber
1065 3751 1223 3828 abgeisllen‚

777 3841 871 3910 thetls,
894 3863 974 3897 wenn
996 3863 1057 3897 man
1082 3841 1154 3898 aue'h
1172 3862 1223 3898 von

776 3928 844 3984 allen
860 3931 952 4001 δῴη
970 3950 1020 3984 uus
1039 3934 1223 3986 nuterstiitzen

775 4017 897 4085 iubebo,
925 4016 1028 4073 eriaubt
1052 4037 1082 4072 es
1106 4019 1153 4073 die
1176 4038 1222 4073 un·

775 4107 898 4178 giustige
927 4102 1004 4178 Lago.
1030 4103 1079 4160 der
1110 4103 1222 4180 Gegend
