2618 4590
156 168 231 283 esa
279 214 288 231 ⁸
615 220 726 283 unm
743 220 811 281 rut

162 413 228 482 que
253 387 310 458 tibi
331 386 462 480 tugienu
483 384 642 455 exercitus
663 384 711 453 tui
739 382 870 476 fugienti
896 393 1026 450 sanutus
1048 380 1211 448 iudicium
1228 381 1264 448 iu

161 492 268 562 dicem
290 495 374 578 iero,
397 491 453 584 qui
475 502 562 559 certe
583 489 763 585 uuusplus
785 513 883 579 quam
907 499 958 554 tua
983 488 1145 555 dictatura
1167 496 1263 577 potest

160 599 341 691 polletqucr
372 597 482 665 videro
503 617 693 664 cessurusne
715 593 934 684 provocationi
961 593 1022 676 sis,
1052 591 1107 660 cui
1129 615 1193 658 rex
1212 590 1263 658 Ro

162 727 276 771 manus
292 702 406 770 Tullus
421 700 575 768 Hostilius
598 698 729 767 cessit“.
766 721 808 766 ex
830 697 916 765 curia
939 696 973 762 in
994 696 1189 764 contionem
1202 696 1262 764 itur.

132 816 228 899 aquo
253 832 328 877 cum
350 805 460 896 paucis
484 806 627 885 dictator,
648 826 724 869 cum
745 802 832 869 omni
856 800 980 891 agmine
1000 801 1189 892 principum
1209 826 1263 869 ma·

161 911 257 1003 gister
280 911 427 1002 equitum
448 933 523 978 cum
546 906 756 990 escendisset,
783 906 896 974 deduci
918 930 993 974 enm
1016 907 1057 973 de
1079 907 1196 976 rostris
1216 907 1262 974 Pa

129 1012 131 1019 ’
161 1015 259 1108 pirius
291 1016 325 1082 iu
355 1025 481 1104 partem
513 1013 696 1080 inferiorem
730 1011 832 1079 iussit
869 1021 998 1078 secutus
1031 1022 1129 1101 pater
1165 1011 1263 1094 „bene

163 1121 254 1211 agis“
280 1120 400 1210 inquit,
435 1142 533 1202 „cum
560 1141 599 1184 eo
621 1139 681 1184 nos
710 1116 824 1185 deduci
851 1114 969 1183 iussisti
989 1115 1077 1182 unde
1101 1126 1139 1183 et
1160 1114 1264 1206 privati

161 1246 277 1291 vocem
303 1223 429 1290 mittere
458 1226 661 1313 possemus“.
697 1221 741 1288 ibi
768 1221 871 1311 primo
900 1243 966 1285 uon
996 1230 1065 1287 tam
1092 1233 1264 1313 perpetuae

117 1338 152 1392 to
166 1328 325 1397 orationes
348 1351 446 1418 quam
468 1326 630 1396 altercatio
654 1325 917 1398 exaudiebanturr
940 1323 1038 1391 vincit
1054 1324 1176 1395 deiude
1198 1337 1264 1394 sne
1290 1342 1296 1403 ζ

235 1524 376 1584 iudicium
385 1526 511 1587 iudicem
516 1527 607 1601 seror
623 1527 679 1588 tul.

235 1640 269 1654 —
279 1611 311 1668 ln
322 1612 423 1675 Harlm
433 1615 591 1672 exciderunt
599 1616 681 1673 verba

821 1523 886 1583 sehr
902 1525 990 1600 gaug,
1016 1523 1118 1603 spracb
1142 1546 1188 1594 er,
1211 1525 1266 1583 dara

822 1614 868 1680 (in
880 1613 970 1668 soieru
983 1611 1031 1680 als,
1049 1612 1162 1680 indam)
1177 1613 1213 1669 du
1222 1632 1265 1671 uns

234 1697 372 1775 „fugienti
394 1704 526 1760 exercitus
547 1705 618 1763 tui“.
644 1731 681 1752 *-

233 1786 278 1847 Gi.
295 1791 324 1858 3,
342 1790 398 1848 itt:
415 1789 492 1847 multi
505 1792 630 1865 privatim
642 1789 681 1847 se·

120 1913 125 1923 .
234 1875 329 1931 rebant
355 1873 465 1933 Volscio
493 1876 619 1936 iudicem.
646 1907 680 1919 -

234 1959 276 2018 tta
293 1961 389 2018 uidero
405 1983 571 2042 gessurusne
583 1983 682 2038 prouo-

148 2096 152 2117 ,
237 2048 337 2104 cationi
364 2050 411 2108 eis.
434 2080 469 2097 -ι-
499 2051 605 2108 Tullus
621 2051 682 2108 Ho-

236 2136 356 2192 stilius:
379 2135 413 2193 ei.
433 2139 458 2204 1,
476 2138 533 2197 265
551 2146 608 2193 tum
625 2135 681 2193 Ho-

236 2221 321 2278 ratius
339 2232 448 2280 auctore
459 2223 538 2280 Tullo
552 2223 681 2280 clemente

231 2307 303 2382 'legis
312 2311 457 2385 interprete
467 2317 629 2388 „provoco“
640 2313 682 2367 iu·

235 2396 303 2470 quit.
320 2396 358 2450 ita
377 2395 411 2452 de
422 2398 614 2474 provocatione
626 2416 683 2454 cer·

237 2491 322 2539 tatum
340 2481 376 2538 ad
392 2483 522 2561 poputum
540 2491 590 2540 est.

182 2567 213 2627 d..
237 2588 279 2625 ea·
293 2572 378 2625 curia
390 2571 422 2626 in
434 2573 597 2629 contionem
609 2572 683 2626 itur:

237 2653 273 2714 di.
289 2685 327 2704 ψ-
344 2655 381 2714 P:
399 2677 433 2713 ex
451 2651 524 2714 curia
540 2658 568 2713 in
580 2658 683 2713 contio·

236 2762 299 2800 nem
326 2744 409 2818 igitur
433 2764 487 2822 quo
514 2752 548 2802 cfr
571 2753 621 2803 cet.
648 2775 683 2790 ·-·

234 2827 298 2889 PM:
317 2818 371 2908 ipro
391 2832 684 2908 compreenduntur

173 2974 176 2979 ,
237 2936 298 2973 cour
316 2919 391 2974 omni
410 2921 512 2996 agmine
530 2922 683 2998 principum

201 3019 204 3023 '
237 3006 363 3079 uragister
381 3009 500 3082 equitum
519 3006 575 3075 til:
594 3008 683 3082 aequi·

235 3097 309 3160 tum)
328 3093 501 3151 escendisset.
518 3093 540 3148 P
558 3113 594 3152 m.
612 3096 637 3151 2.
655 3092 684 3154 M

235 3197 271 3237 m.
284 3180 324 3237 u:
342 3178 516 3239 ascendisset.
534 3170 608 3235 Haeo
620 3199 683 3236 con.

232 3267 337 3324 iunctio
355 3273 421 3323 eum
436 3267 623 3344 praetermissa
642 3276 685 3322 est

235 3353 264 3410 in
304 3352 429 3411 omnibus
472 3373 580 3432 quoque
614 3352 684 3410 Dra·

233 3439 313 3500 kanb.
326 3441 405 3501 codd.
417 3449 481 3519 post
498 3442 648 3519 „equitum
657 3448 683 3504 ⁶⁴.

233 3524 307 3585 flori.
326 3547 357 3586 n:
380 3530 552 3608 principium.
576 3527 649 3588 Harl.
665 3549 683 3592 r.

234 3613 295 3672 cod.
316 3614 411 3675 Klooir.
435 3615 484 3675 al.t
508 3617 683 3682 ascendisset,

234 3731 268 3743 -
287 3699 365 3759 Laid.
385 3723 416 3762 nr
434 3724 495 3760 euru
514 3705 620 3765 deduci.

181 3789 208 3849 7.
235 3789 308 3846 dene
334 3792 404 3869 agie
432 3793 529 3867 iuquit
556 3814 621 3850 cum
649 3814 683 3849 ee

235 3896 292 3934 noe
310 3877 421 3935 deduci
437 3881 555 3937 iussisti
567 3881 645 3936 unde
657 3888 686 3936 et

821 1699 905 1757 dalrin
915 1720 947 1755 uu
960 1699 1055 1756 ffilrren
1066 1698 1197 1756 beiohlcn
1205 1699 1267 1769 hast,
1304 1690 1306 1701 ¹

821 1808 876 1845 von
893 1807 940 1843 wo
963 1788 1016 1844 wir
1038 1785 1108 1842 auch
1135 1786 1209 1845 ohne
1228 1790 1267 1845 ein

822 1874 968 1932 Stratsamt
989 1895 1021 1930 uu
1044 1873 1190 1932 bekieiden
1214 1896 1267 1933 zum

822 1961 906 2021 Volka
916 1960 1046 2038 sprcclrcn
1056 1960 1211 2019 ludentem&
1228 1962 1266 2022 Cf.

824 2069 865 2110 ax.
885 2070 923 2125 gr.
942 2052 991 2117 30,
1010 2051 1067 2107 11.:
1090 2049 1157 2105 inde
1180 2071 1266 2108 exeun

822 2141 914 2194 siones
932 2138 961 2192 in
979 2137 1067 2194 vicem
1078 2136 1141 2194 fleri
1158 2148 1195 2207 et,
1213 2158 1267 2196 eum

822 2224 918 2304 pulsos
936 2223 1085 2299 indignatio
1104 2226 1265 2292 accenderet,

776 2354 779 2361 .
823 2311 915 2391 piures
941 2311 1050 2368 subire:
1081 2312 1157 2388 quod
1180 2314 1268 2369 inrita·

824 2408 944 2455 mentum
979 2400 1156 2455 certaminum
1196 2420 1269 2477 aque·

824 2488 919 2542 atrium
939 2497 993 2554 est,
1016 2507 1082 2543 cum
1101 2497 1148 2543 aut
1166 2489 1269 2545 vincen-

826 2572 899 2629 tibus
917 2593 980 2650 spes
998 2583 1045 2633 aut
1061 2573 1149 2650 pulsia
1162 2577 1201 2631 ira
1220 2575 1269 2631 ad·

823 2670 933 2739 gregat
941 2680 1013 2718 suos.
1020 2683 1052 2703 -·-
1062 2659 1105 2717 ttr
1115 2662 1207 2728 „bene
1217 2664 1269 2736 agis

824 2767 891 2804 aum
910 2768 942 2804 eo
965 2767 1014 2802 nos
1038 2746 1137 2804 deduci
1157 2747 1272 2808 iussieii

825 2833 896 2890 unde
909 2844 936 2889 et
947 2836 1046 2912 priuati
1059 2855 1156 2892 uocem
1167 2839 1271 2893 mittere

825 2922 1014 2999 possuimus‘⁴=
1033 2922 1060 2982 h.
1071 2945 1094 2982 e.
1112 2923 1155 2980 rel
1168 2944 1271 2999 posse·

825 3027 892 3063 mus
923 3007 966 3064 vel
992 3013 1153 3084 possimus.
1182 3013 1272 3073 minus

810 3103 916 3150 -tamcn
924 3092 1013 3171 placet
1022 3095 1074 3154 hoc
1087 3099 1199 3154 alterum
1206 3106 1272 3174 pes·

825 3183 919 3238 simus
929 3194 1040 3260 propter
1050 3187 1123 3242 bene
1132 3187 1209 3264 agio.
1227 3183 1272 3241 sed

824 3287 905 3326 manu
924 3268 1005 3327 altera
1027 3275 1157 3330 ier-asum
1179 3281 1229 3331 est.

773 3357 806 3414 9:
828 3356 869 3412 idi
887 3359 984 3432 primo
1007 3380 1067 3416 eon
1089 3369 1153 3427 tam
1177 3379 1273 3436 perpe·

826 3451 898 3501 tuae
917 3447 1068 3503 orationes
1083 3467 1175 3522 quam
1190 3448 1274 3503 alter·

826 3533 903 3588 aetio
935 3534 1194 3592 exaudiebantur:
1223 3530 1276 3591 Pil.

826 3652 860 3669 v·-
879 3617 1047 3680 liucinii:
1073 3623 1102 3676 in
1120 3625 1222 3698 primo.
1247 3650 1277 3663 -

824 3704 846 3764 Ι.
858 3705 903 3766 Fr.
917 3707 1003 3763 Grou.
1021 3728 1072 3785 pro
1087 3707 1203 3766 Liviana
1216 3709 1278 3766 scri·

825 3793 908 3850 bendi
934 3797 1038 3851 ratione
1060 3798 1279 3855 exaudiebatur

826 3881 950 3940 malebat.

230 3966 347 4045 priuati
363 3986 467 4024 uocem
487 3969 603 4024 mutere
618 3987 685 4042 poe·
758 3968 800 4026 10.
829 3970 918 4025 uincit
930 3971 1039 4028 deinde
1051 3968 1279 4047 etrepdumedl]

235 4069 357 4111 umus:
384 4053 415 4114 P.
450 4054 523 4124 „Du
552 4053 689 4116 versuhrst

828 4058 895 4112 vicit
915 4068 965 4117 cet.
983 4058 1052 4128 (P).
1071 4057 1115 4117 Cf.
1129 4062 1155 4126 9,
1167 4059 1194 4118 6.
1210 4091 1243 4101 -
1260 4055 1281 4112 Ρ
