2842 4724
456 411 462 420 .
539 352 647 412 susa
664 329 746 414 vur'
1116 331 1184 408 381

64 519 135 586 sed
160 518 194 584 in
217 517 339 586 rabiem
362 501 458 608 atque
486 516 548 584 iras
576 514 805 607 imperatomm
828 515 931 582 vertit.
969 535 1108 603 namque
1129 509 1185 578 Pa-

64 623 179 712 pirius
202 623 338 692 dictator
360 648 379 689 a
401 622 536 714 pullario
566 620 705 688 monitus
728 643 802 686 cum
831 620 872 687 ad
899 619 1075 708 auspicium
1097 639 1185 708 repe-

65 728 215 794 tendum
235 728 375 796 Romam
396 727 657 818 proficisceretur,
682 725 835 814 magistro
855 725 999 814 equitum
1020 721 1181 790 denuntia·

64 833 121 900 vit
146 845 188 900 ut
205 856 277 901 sese
300 834 374 902 loeo
397 842 521 900 teneret
539 855 602 900 neu
624 830 756 898 absente
778 854 814 898 se
836 831 1026 916 curnhoste
1050 849 1181 900 manum

66 949 273 1005 consereret.
312 937 353 1025 Q.
367 938 484 1004 Fabius
508 961 582 1003 cum
603 948 680 1028 post
700 935 932 1025 profectionem
948 919 1109 1002 dictatoris
1124 955 1181 1021 per
1198 934 1216 988 ⁵

147 1066 239 1120 titur:
266 1063 316 1141 sed
333 1083 463 1143 persaepe
480 1065 509 1120 in
527 1065 594 1120 snti-

147 1153 212 1228 quis
241 1149 318 1208 libris
353 1150 450 1227 legitur
479 1160 595 1208 uertere

146 1259 200 1317 pro
214 1241 298 1298 uerti.
317 1237 350 1298 ef.
363 1243 388 1308 5,
401 1241 457 1298 aa:
470 1239 523 1294 iam
535 1258 594 1295 ver·

147 1337 221 1383 terat
238 1325 353 1386 fortuna.
383 1327 409 1394 1,
426 1329 468 1385 3.:
487 1325 594 1382 liberta-

144 1425 202 1471 tem
222 1413 335 1470 aliorum
352 1415 381 1469 in
393 1432 469 1471 suam
480 1415 595 1470 vertisse

143 1504 304 1561 servitutem
321 1502 392 1559 inter
407 1521 437 1560 sa
449 1521 595 1578 conquere-

144 1591 254 1651 bantur.
273 1589 307 1650 al.
340 1595 341 1600 ’

110 1767 117 1783 .
146 1741 276 1799 namque
297 1721 440 1796 Papirius
467 1721 595 1778 dictator

145 1829 169 1864 a
188 1811 321 1886 pullario
339 1814 390 1877 (m.
411 1811 449 1868 1.=
470 1807 594 1887 pullam)

147 1897 277 1954 monitus
295 1917 361 1976 eum
378 1896 422 1952 ad
433 1897 593 1972 auspitium
697 1931 700 1938 =

146 1984 339 2059 repetendum
356 1983 483 2040 Romam
502 1985 594 2060 profi-

144 2073 321 2128 cisceretur.-
338 2069 369 2130 P.
393 2102 427 2113 -
453 2067 494 2126 bl:
519 2090 593 2128 nam·

145 2176 200 2232 que
216 2160 337 2234 papirius
360 2157 477 2214 dictator
492 2161 497 2227 Ι
510 2158 594 2235 papi·

145 2243 358 2319 riuapdictator
376 2244 517 2324 apullarlo
535 2265 594 2302 mn·

145 2328 225 2387 nitus
236 2352 296 2388 eum
309 2331 343 2388 ad
357 2335 505 2413 auspicium
518 2353 594 2412 repe·

110 2429 116 2440 “
142 2417 256 2476 tendum
273 2427 348 2477 romi
365 2423 586 2510 procisceretuu

87 2553 116 2611 d.
146 2571 204 2608 neu
226 2552 349 2609 absente
371 2573 405 2610 se
422 2573 488 2610 eum
506 2551 593 2611 darie

145 2655 265 2694 monum
282 2650 465 2698 consereret:
482 2639 556 2698 blm.
564 2641 592 2698 1.

147 2722 329 2781 -lnblm
350 2731 374 2784 1.
392 2725 591 2783 etinPscri·

145 2819 222 2888 ptum
240 2821 281 2868 est
303 2832 394 2870 manu
414 2823 592 2882 consereret,

146 2897 197 2954 sed
214 2919 268 2956 aon
286 2899 381 2956 dubito
399 2903 465 2977 quin
479 2899 525 2956 illa
536 2921 592 2956 ma·

145 3001 197 3043 uns
215 2985 298 3044 alters
316 2990 344 3044 in
358 2987 386 3044 dl
404 3008 499 3068 veram.
511 2988 591 3046 buius

145 3071 199 3131 loci
238 3078 398 3153 scripturam
437 3077 593 3134 restitnerit.

144 3179 206 3216 nam
216 3162 592 3240 quamquamvelinterprets·

146 3249 186 3302 tio
195 3245 240 3303 illa
249 3248 365 3308 Enniani
373 3271 467 3308 versus
477 3251 510 3308 sb
520 3250 591 3308 Aulo

146 3331 235 3390 Gellio
254 3337 303 3404 10,
323 3339 365 3396 10.
383 3341 524 3418 proposita
543 3339 591 3396 do·

145 3431 198 3492 cet,
225 3433 298 3480 recte
324 3421 454 3503 scriptum
481 3447 541 3483 esse
562 3428 591 3498 in

145 3512 257 3590 optimis
289 3510 475 3570 Ciceronianis
512 3513 592 3573 codd.

146 3607 214 3656 orat.
224 3598 348 3676 prodier.
360 3603 402 3660 14.
412 3621 524 3669 ‚mones
532 3603 592 3658 iure

144 3704 235 3741 mona
248 3694 400 3744 consertum
412 3687 464 3744 sed
474 3689 545 3745 ferro
556 3717 591 3731 -

146 3789 205 3828 rem
215 3779 367 3846 repetuut“‚
382 3793 432 3832 nee
442 3776 535 3852 opinio
547 3795 591 3832 eo·

145 3877 206 3916 rum
214 3857 324 3936 probari
333 3869 424 3935 potest
432 3865 479 3936 qni
491 3863 543 3918 boe
554 3864 590 3918 si·

145 3944 282 4017 milibusq.
307 3945 591 4016 locisdeor..1,10.
625 3995 628 4004 ,

145 4029 180 4090 al.
195 4051 286 4090 manu
301 4035 532 4112 exmsoriptomm
544 4056 590 4095 aa·

143 4121 269 4178 ctoritate
281 4121 452 4184 scribendum
468 4123 518 4179 sed
529 4143 590 4180 mo·

734 1063 880 1131 tenderint,
896 1071 984 1119 tamea
1001 1061 1054 1118 hoc
1073 1056 1182 1117 dicendi

735 1171 819 1227 genus
842 1151 876 1206 ab
899 1147 1020 1210 Liuianis
1042 1149 1110 1205 loeis
1136 1145 1181 1202 ab·

735 1225 854 1296 horrere
871 1236 987 1296 ridetur.
1017 1248 1045 1294 et
1066 1239 1114 1297 30.
1137 1237 1182 1293 31.

737 1327 783 1382 ubi
796 1328 824 1382 in
837 1324 962 1382 omnibus
975 1325 1092 1404 antiquis
1103 1321 1182 1378 libris

736 1414 798 1471 biv.
819 1415 860 1470 sic
881 1415 1011 1492 scriptum
1034 1421 1075 1467 est
1097 1429 1181 1479 „eum

736 1520 822 1580 prope
840 1521 930 1557 manu
942 1509 1095 1557 consertum
1106 1499 1183 1554 resti-

736 1599 837 1646 tantem
859 1609 891 1644 ac
912 1589 1133 1664 tergiuersantem
1153 1586 1183 1640 in

736 1677 846 1734 siricam
856 1675 1028 1743 adtraxerim,
1041 1673 1112 1730 nulla
1123 1691 1182 1728 sum

736 1766 788 1822 tibi
814 1763 975 1822 verecundia
1004 1762 1183 1827 obstrictus“,

737 1874 792 1911 non
805 1872 895 1908 manu
908 1859 1075 1906 consertum
1089 1845 1182 1904 cobae-

735 1949 797 1998 rent
818 1940 868 1996 sed
889 1957 955 1996 eum
976 1956 1070 2013 prope
1094 1952 1183 1990 manu
1277 1945 1280 1960 ¹

735 2029 933 2094 adtraxerim,
944 2036 971 2082 et
979 2027 1106 2102 supinum
1117 2041 1182 2077 cars-

735 2125 846 2174 sertum
868 2114 940 2172 idem
962 2113 1018 2170 sere
1045 2109 1118 2188 qnod
1140 2107 1184 2166 aad

735 2212 884 2272 certamen
905 2199 1118 2258 conserendum
1146 2198 1182 2252 si·

736 2289 854 2366 gnificat.
878 2321 911 2332 -
937 2287 980 2348 Ci.
999 2289 1100 2357 9,17.;
1118 2304 1184 2340 con·

735 2375 887 2434 serentibus
917 2395 1021 2434 manus.
1060 2378 1090 2442 1,
1120 2375 1181 2431 15.ι

735 2467 868 2524 consertis
890 2463 1022 2521 manibus.
1052 2463 1102 2528 11,
1122 2462 1182 2517 uu:

735 2565 766 2612 ut
783 2573 844 2612 enm
862 2551 941 2609 basta
959 2583 993 2594 -
1011 2567 1106 2607 manus
1118 2565 1182 2602 eon·

734 2651 844 2699 sereret.
874 2641 995 2707 11,19.ε
1016 2654 1181 2694 ancumeo

734 2759 768 2770 -
787 2747 881 2785 manns
899 2733 1061 2783 consereret.
1080 2722 1113 2782 al.
1136 2724 1181 2790 11,

733 2818 793 2873 Ab:
811 2835 863 2891 qua
881 2823 957 2892 parte
968 2814 1105 2889 copiarum
1117 2829 1169 2866 son

733 2900 843 2958 serendi
860 2920 969 2962 manum
991 2901 1096 2956 fortuna
1118 2895 1181 2952 dats

734 2998 784 3050 est.
813 2990 859 3056 17,
876 2989 933 3045 aa:
952 2984 1099 3064 cupiditate
1118 3001 1181 3042 con·

734 3075 844 3134 serendi
871 3094 932 3132 eum
959 3073 1036 3130 boste
1062 3091 1179 3131 manum.
1215 3059 1221 3090 i

735 3166 785 3233 15,
809 3167 864 3222 11.=
892 3182 952 3221 cum
975 3161 1180 3242 prohibentibus

735 3272 804 3329 opus
822 3250 952 3310 Romanis
969 3271 1076 3309 marum
1098 3267 1181 3327 posse

735 3342 851 3401 conseri.
869 3339 902 3398 ai.
926 3369 958 3382 -
987 3341 1032 3407 ts,
1049 3340 1089 3397 a:
1112 3335 1180 3392 levis

734 3436 866 3484 armatura
886 3457 918 3470 -
937 3444 998 3482 curn
1020 3425 1074 3482 levi
1095 3443 1181 3482 arms·
1289 3482 1294 3495 .

734 3524 794 3574 tura
813 3512 962 3573 conserere.
991 3515 1041 3582 11,
1058 3517 1115 3572 50.:
1139 3513 1181 3570 sic

734 3601 782 3660 obt
794 3611 916 3658 conserta
928 3603 1005 3659 naris
1023 3609 1094 3658 esset
1105 3598 1181 3668 (scil.

675 3684 678 3698 ’
734 3709 795 3746 cum
814 3693 958 3758 nave).-
986 3690 1029 3757 11,
1049 3685 1181 3748 1.:band
1225 3675 1229 3684 ’
1267 3673 1273 3685 ’

733 3778 839 3852 ignotas
857 3774 922 3834 belli
939 3785 1009 3833 artes
1032 3778 1180 3834 intersere

732 3865 782 3922 sed
812 3872 934 3939 expertas
960 3865 1049 3941 primo
1075 3860 1179 3918 Punico

733 3951 911 4007 conserebant
927 3948 1007 4010 bello.
1027 3981 1059 3992 -·
1077 3952 1123 4018 35,
1138 3951 1179 4008 4:

734 4056 877 4095 conserere
895 4048 1038 4096 satamon.
1068 4039 1116 4106 11,
1138 4038 1179 4097 b:

734 4135 859 4184 conserto
877 4125 990 4205 proelio.
1006 4124 1040 4185 sl.
1145 4160 1149 4166 -

145 4225 216 4264 num
233 4205 434 4283 assurgendum
449 4229 509 4270 esse
527 4230 589 4270 con·
680 4213 707 4274 5.
734 4213 770 4290 Q.
788 4213 916 4287 Fabius]
939 4211 1038 4274 Fabius
1057 4211 1121 4286 (P).
1144 4241 1178 4254 -
