2618 4590
176 295 252 369 254.
637 304 747 371 mrsu
767 310 820 372 vlt.

163 464 212 541 'in
235 497 270 542 se
292 472 439 543 vertisset
460 472 589 558 oculos,
619 485 653 542 et
674 474 814 565 spatium
843 475 967 544 consuli
994 473 1081 542 dedit
1102 472 1143 541 nd
1165 472 1281 540 suhdu-

180 581 317 647 cendum
339 602 454 669 agmen
475 579 508 645 in
530 578 715 670 aequiorem
736 581 846 649 locum
868 590 901 647 ct
923 579 1038 671 ipsein
1055 602 1186 647 summo
1209 600 1279 646 con·

180 685 258 752 stitit
279 685 409 752 vertice.
448 684 608 752 Samnites
631 684 709 751 dum
730 684 795 752 huc
809 684 885 753 illuc
907 685 996 775 signa
1009 695 1147 767 vertunt,
1168 683 1280 751 utrius-

179 813 244 880 quo
264 789 311 856 rei
333 789 449 858 amissa
471 791 640 859 occasione
662 814 768 882 neque
793 791 919 881 insequi
947 790 1113 858 consulem
1141 788 1203 856 nisi
1224 812 1279 879 per

148 895 314 961 oeandem
336 893 463 980 vallem,
485 896 518 963 in
540 921 603 988 qua
625 896 723 988 paulo
745 907 818 963 ante
840 894 1020 963 subiectum
1035 917 1111 961 eum
1125 893 1199 961 telis
1215 893 1277 960 suis

179 988 371 1083 habuerant,
399 1013 537 1092 possunt
556 1024 618 1068 nec
640 1001 760 1092 erigere
783 1023 898 1092 agmen
919 999 952 1066 in
974 1011 1104 1091 captum
1126 1021 1280 1088 superse

178 1103 219 1169 ab
241 1103 344 1171 Decio
366 1105 536 1173 tumulum.
574 1107 630 1173 sed
659 1131 734 1174 cum
760 1105 806 1174 ira
828 1106 862 1174 in
889 1105 951 1173 hos
977 1104 1078 1194 magis
1106 1102 1161 1193 qui
1184 1102 1280 1169 fortu-

176 1231 253 1274 nam
275 1210 431 1298 gerendae
452 1209 499 1276 rci
521 1209 713 1303 eripuerant,
744 1223 815 1280 tum
842 1209 1062 1302 propinquitas
1089 1207 1154 1276 loci
1184 1218 1281 1298 atquc

177 1313 246 1402 ipsa
268 1313 414 1403 paucitas
432 1313 550 1398 incitat,
571 1328 605 1384 et
625 1340 711 1384 nunc
726 1317 923 1386 circumdare
938 1315 1079 1406 undique
1101 1313 1222 1382 collem
1237 1336 1283 1378 ar·

103 1417 272 1507 ,somatis
294 1418 407 1486 volunt
428 1431 465 1487 ut
487 1444 505 1485 a
528 1420 662 1489 consule
684 1422 823 1490 Decium
844 1420 1065 1502 intercludant,
1086 1440 1174 1485 nunc
1197 1417 1284 1486 viam

176 1523 356 1614 patefacere
378 1535 416 1592 ut
437 1526 604 1617 degressos
625 1526 659 1592 in
680 1526 799 1594 vallem
820 1527 1018 1596 adoriantur:
1039 1526 1182 1592 incertos
1204 1521 1284 1614 quid

176 1639 307 1717 agerent
332 1651 399 1694 nox
427 1631 597 1720 oppressit.
640 1631 781 1699 Decium
812 1632 952 1725 primum
979 1655 1054 1722 spes
1081 1629 1186 1697 tenuit
1208 1651 1285 1696 cum

154 1731 386 1800 subeuntibus
407 1732 440 1800 in
463 1734 633 1803 adversum
661 1737 779 1805 collem
808 1761 850 1806 ex
878 1737 1040 1829 superiore
1061 1735 1137 1802 loco
1165 1755 1203 1801 se
1226 1756 1285 1823 pu-

175 1849 358 1928 gnaturum,
387 1838 501 1907 deinde
525 1841 689 1910 admiratio
717 1841 848 1910 incessit
869 1840 958 1932 quod
978 1865 1039 1908 nec
1064 1862 1208 1931 pugnam
1229 1837 1286 1903 ini-

125 1949 244 2011 15rent
270 1967 346 2026 nec,
379 1943 407 2010 si
441 1944 481 2011 ab
511 1969 551 2013 eo
580 1946 713 2014 oonsilio
748 1947 913 2038 iniquitate
942 1946 1006 2013 loci
1037 1942 1285 2023 deterrerentur,

171 2072 271 2139 opere
293 2073 330 2117 se
352 2047 504 2139 valloque
531 2051 776 2120 circumdarent:
811 2063 882 2120 tum
910 2050 1147 2118 centurionibus
1177 2048 1220 2114 ad
1249 2069 1285 2112 se

170 2153 293 2221 vocatis
316 2177 501 2244 „quaenam
522 2155 576 2223 illa
597 2155 720 2223 inscitia
742 2156 819 2224 belli
841 2181 879 2223 ac
901 2156 1025 2247 pigritia
1047 2166 1104 2237 est,
1127 2163 1184 2220 aut
1204 2172 1284 2237 quo-

123 2256 126 2263 ’
170 2278 248 2323 nam
269 2259 367 2325 modo
391 2257 442 2324 isti
465 2283 506 2325 ex
529 2259 674 2328 Sidicinis
698 2260 933 2352 Campanisque
956 2260 1121 2327 victoriam
1146 2276 1285 2345 pepere-

171 2362 258 2427 runt!
288 2361 353 2426 huc
376 2372 473 2451 atque
495 2363 571 2432 illuc
593 2365 682 2456 ¹signa
703 2366 826 2437 moveri
847 2391 885 2434 ac
908 2364 1006 2431 modo
1028 2361 1062 2428 in
1082 2383 1186 2426 unum
1209 2381 1286 2426 con-

124 2462 245 2530 sofena·
267 2464 366 2532 modo
389 2464 483 2533 educi
504 2467 634 2539 videtis:
669 2495 752 2563 opus
774 2471 904 2565 quidem
926 2467 1036 2559 incipit
1055 2478 1173 2548 tremo,
1206 2487 1284 2532 cum

241 2703 312 2742 recc.
323 2682 418 2742 codd:
437 2688 501 2744 etin
513 2707 618 2747 summo
630 2690 690 2768 ipss
833 2686 923 2750 itm.
952 2693 978 2749 1.
1005 2687 1102 2747 Ρ.-
1130 2681 1160 2743 ld
1190 2704 1228 2743 nr.
1260 2685 1286 2741 2.

243 2773 365 2827 constitit
382 2775 491 2833 uertice.
831 2776 911 2837 Voss.
934 2796 961 2833 ιι.
986 2773 1121 2850 multique
1142 2768 1206 2828 alii:
1235 2770 1284 2828 sed

136 2900 140 2907 .
189 2858 217 2918 3,
244 2853 396 2916 dum'duc
418 2863 491 2926 illuc
513 2865 602 2943 signo
626 2884 690 2922 uer·
832 2868 956 2923 tamira.

242 2955 323 3004 tunt:
350 2947 398 3005 ΡΜ
423 2949 483 3008 cod.
503 2946 561 3010 Get.
581 2951 654 3012 Harl.
673 2973 690 3013 ι.

240 3031 310 3091 Lov.
330 3036 356 3093 4.
368 3065 403 3076 -
420 3034 497 3093 Leid.
513 3058 531 3096 1.
550 3038 615 3098 Pall.
630 3044 654 3099 1.
664 3043 690 3100 3.

241 3118 322 3177 Voss.
335 3139 361 3177 11.
379 3130 405 3176 et
418 3142 510 3178 omnes
524 3145 608 3202 prope
621 3148 690 3186 rece.

243 3205 341 3264 codd:
360 3207 435 3274 „huc
452 3208 600 3288 illucque“.
623 3214 690 3270 Tres

240 3312 312 3353 rece.
335 3294 430 3354 codd:
457 3297 533 3368 „huc
556 3309 635 3378 atque
657 3301 689 3357 il·

240 3381 323 3438 lnc“:
356 3383 431 3460 quod
460 3384 541 3462 paulo
571 3397 633 3464 post
659 3391 688 3445 in

242 3471 367 3526 omnibus
384 3469 542 3529 melioribus
556 3473 632 3530 libris
650 3475 687 3532 le-

169 3566 171 3577 ·
241 3559 320 3630 gitur.
333 3588 368 3599 ·-
385 3557 413 3614 Μ
430 3580 465 3618 m.
484 3562 523 3619 l.:
543 3563 574 3618 in
591 3564 690 3618 samni-

240 3651 282 3696 tes
301 3644 365 3699 dum
383 3655 433 3705 cat.
451 3646 501 3703 sed
519 3666 554 3707 m.
573 3651 598 3708 1
618 3649 690 3705 dele·

240 3731 311 3784 vit'
299 3751 392 3788 m.·-
419 3733 454 3789 P:
473 3739 636 3796 occassione.
654 3767 690 3780 ·-

242 3810 305 3868 PM:
331 3836 419 3917 neqqe
443 3822 548 3900 insequi
572 3843 628 3880 cos.
654 3853 689 3864 —

243 3898 278 3955 P:
298 3920 349 3956 nec
362 3921 464 3977 erigere
473 3928 566 3982 agmen
579 3929 607 3966 ιιι
617 3931 689 3966 cam

242 4006 308 4063 pum
326 4007 378 4066 sup
395 4009 482 4049 se.-
500 3992 543 4050 lll:
535 4014 642 4074 :super
659 4017 689 4052 se

243 4074 277 4129 ab
296 4074 377 4134 dicio.
395 4096 431 4136 m.
449 4080 490 4138 3.:
509 4080 543 4135 ab
563 4081 648 4142 decio.

190 4159 217 4216 7.
245 4161 301 4247 sed
318 4180 385 4219 cum
402 4165 449 4220 ira
466 4166 496 4221 in
508 4165 565 4225 dos
576 4169 688 4251 magis:

763 2955 806 3013 11.
834 2963 866 3011 ut
884 2948 1070 3030 degressos
1059 2967 1089 3004 m
1102 2944 1218 3004 uallem
1230 2945 1282 3001 ad·

834 3042 984 3097 oriantur:
1002 3031 1051 3092 ΡΜ
1070 3031 1143 3092 H'srl.
1159 3052 1182 3094 1.
1201 3033 1236 3092 sl.
1248 3062 1281 3077 -

832 3125 909 3184 llulti
927 3145 997 3182 rece.
1015 3121 1109 3180 codd:
1135 3118 1282 3200 digressos.

833 3245 867 3256 -
885 3213 925 3270 lll:
944 3232 999 3268 nox
1016 3211 1125 3288 pressit.

761 3303 805 3361 13.
833 3322 867 3358 se
891 3309 1110 3380 pugnaturum:
1132 3295 1166 3357 P.
1194 3328 1230 3340 -
1255 3293 1280 3353 11

830 3387 904 3446 Harl.
917 3408 949 3447 ι·
967 3393 1204 3464 repugnatorem.

763 3478 806 3536 17.
834 3496 982 3551 quaenam
1001 3476 1055 3532 illo
1074 3473 1197 3530 inscitia
1213 3467 1281 3527 belli

833 3582 870 3620 oc
887 3565 1012 3643 pigritia
1033 3569 1094 3619 est:
1117 3557 1214 3616 P.-·
1240 3552 1278 3613 11.

832 3671 864 3708 ac
885 3652 914 3729 pi
930 3655 936 3721 Ι
951 3652 1044 3725 gritiae
1067 3655 1113 3702 sut
1135 3649 1220 3722 qdra
1201 3641 1278 3699 nodo

832 3739 879 3794 isti
897 3758 931 3794 ex
942 3737 1066 3793 sidicinis
1080 3732 1221 3808 campanis
1236 3733 1278 3809 qni
1295 3728 1297 3732 ’

832 3827 945 3881 uictoria
967 3844 1064 3899 pepere
1051 3827 1136 3874 erunt.

762 3913 805 3972 19.
833 3930 870 3967 oc
887 3912 973 3965 niodo
993 3909 1023 3962 in
1042 3926 1133 3962 unum
1145 3906 1279 3979 conferri

829 3997 918 4054 modo
931 3995 1018 4052 educi
1030 3994 1157 4052 uidetis:
1176 3993 1236 4053 ΡΜ.
1246 4023 1277 4034 -

830 4081 907 4140 Leid.
920 4102 938 4141 ι.
950 4080 1028 4140 Voss.
1036 4099 1065 4142 u.
1077 4079 1126 4142 al:
1145 4101 1177 4140 ao
1188 4081 1277 4141 modo

830 4169 908 4226 educi
926 4168 1033 4228 uidetis.
