2618 4590
138 206 206 277 654
611 219 720 281 LIBER
736 222 772 282 X.

138 408 221 469 uem,
242 395 277 454 et
298 383 439 453 Umbros
460 383 501 451 ed
524 384 738 454 delectionem
759 386 866 454 voean‘
890 397 927 453 et
953 384 1084 455 Gallos
1101 386 1225 477 pretioi.

138 490 225 583 genti
245 489 417 558 sollicitari.
451 487 502 557 his
523 490 641 559 nuntiis
663 502 791 558 senatus
814 489 1023 559 conterritus
1047 490 1226 559 iustitiumi

140 596 210 680 diei,
232 596 384 664 dilectum
407 595 511 665 omnis
533 595 658 685 generis
679 595 846 662 hominum
860 595 983 662 haberi
1008 595 1129 663 iussit:
1150 596 1226 663 necin

136 699 232 791 genui
259 702 359 769 modo
388 713 443 770 out
472 699 610 767 iuniores
638 712 837 768 sacramento
866 697 980 767 adacti
1011 701 1081 768 sed
1109 700 1227 768 seuiom

105 805 233 875 tetiam
255 805 406 874 cohortes
426 805 529 874 laetae
551 804 751 896 libertinique
767 804 952 874 centuriati:
979 817 1017 875 et
1044 805 1228 873 defendente

135 909 222 977 urbis
245 910 376 978 consilia
391 911 590 1001 agitabantur
604 932 813 1002 summaeque
834 933 944 977 rerum
964 922 1115 1000 praetor
1129 912 1165 979 P.
1178 911 1229 979 Son

133 1015 265 1104 pronius
287 1027 442 1106 praeerat.
476 1027 619 1084 ceterum
641 1026 732 1106 parte
749 1039 844 1083 curae
859 1027 1100 1084 exonerarunt
1122 1027 1231 1084 senatu

133 1120 171 1188 L.
188 1119 355 1188 Volumnii
378 1120 517 1188 consulis
538 1119 671 1203 litterae,
693 1120 808 1211 quibus
831 1142 944 1187 caesos
970 1119 1148 1212 fusosque
1170 1144 1232 1211 popo

133 1226 252 1294 latores
281 1223 475 1316 Campaniae
503 1224 666 1315 cognitum
695 1236 758 1293 est:
794 1225 901 1316 itaque
931 1234 967 1293 et
1000 1225 1233 1319 supplicatione

85 1340 122 1396 10
133 1331 177 1399 ob
199 1354 270 1398 rem
291 1329 375 1398 bene
396 1340 521 1420 gestam
543 1329 682 1396 consulis
703 1329 833 1399 nomine
862 1330 1073 1397 decernunt:
1110 1331 1234 1399 iustition

130 1436 300 1504 remittitm
321 1435 410 1526 quod
431 1434 536 1501 fuerat
556 1433 624 1501 dies
647 1435 760 1502 decem
782 1446 866 1518 octo,
888 1433 1171 1526 supplicatioque
1192 1459 1234 1525 pn·

129 1541 214 1610 laetu
235 1540 305 1609 fnit.
342 1549 413 1608 tum
435 1540 475 1606 de
497 1539 655 1629 praesidio
669 1541 806 1631 regionis
822 1539 1079 1633 depopulatae
1075 1541 1125 1608 ab
1140 1540 1235 1609 Samni

129 1645 215 1714 tibus
237 1643 347 1738 agitari
370 1652 537 1733 coeptum:
559 1643 667 1734 itaque
689 1645 810 1736 placuit
830 1656 868 1712 ut
889 1645 973 1711 duae
991 1645 1203 1714 coloniae
1179 1669 1237 1714 eno

129 1749 307 1819 Vescinum
329 1761 362 1818 et
383 1749 556 1816 Falernum
578 1772 689 1839 ogmm
710 1748 953 1833 deducerentur,
974 1773 1049 1818 una
1067 1751 1115 1818 ad
1140 1751 1256 1819 ostium.

83 1854 209 1925 loliris
232 1855 321 1926 fluvii
349 1879 432 1948 quae
455 1853 644 1921 Mentumae
677 1852 852 1944 appellata,
886 1853 1030 1921 altera
1018 1879 1056 1921 ιιι
1080 1856 1231 1929 saltule

33 2013 37 2025 .
128 1961 217 2031 acino
229 1960 402 2030 Falernum
417 1958 621 2050 contingente
636 1983 756 2051 agrum,
778 1958 834 2027 ubi
848 1957 970 2050 Sinope
985 1959 1116 2029 dieitur
1132 1961 1237 2030 Graeco
1219 1880 1263 2055 ii

197 2112 313 2218 llmbrer
323 2160 379 2217 und
389 2159 434 2216 olle
444 2157 546 2216 Gallier
558 2159 645 2216 durch
717 2160 760 2218 11.
788 2158 873 2235 quod
884 2155 996 2231 suerat
1023 2159 1096 2218 diors
1119 2175 1236 2221 xrllt:

83 2318 91 2341 ¹
196 2249 351 2323 angeheure
400 2245 644 2324 Versprechungen
785 2243 1049 2306 paternitati
1070 2251 1097 2308 1.
1117 2247 1235 2309 oal-

195 2334 429 2408 herangezogen‘t
786 2331 857 2392 Coti.
870 2333 926 2408 sig.
939 2331 986 2391 al.:
1006 2353 1061 2409 per
1075 2335 1140 2394 dies
1154 2335 1235 2393 decen

140 2422 168 2481 ³.
195 2421 335 2477 dilectum
348 2422 443 2475 omnia
453 2422 575 2498 generis
591 2421 643 2477 lto·
786 2430 814 2478 et
835 2431 906 2479 octo.
937 2417 981 2478 Cf.
1000 2419 1034 2479 Τ.
1054 2419 1122 2480 Livt
1147 2423 1166 2479 l.
1183 2442 1234 2480 xxx.

193 2507 305 2565 minum
324 2505 444 2563 haberi.-
462 2506 511 2563 ΡΜ
528 2506 606 2567 Leld.
624 2526 643 2568 ι.
784 2527 812 2584 p.
835 2523 915 2567 nxxr.
952 2506 1010 2563 sed
1038 2509 1077 2567 el.
1108 2513 1164 2579 10,
1187 2511 1233 2567 ts:

194 2594 256 2654 cod.
268 2592 380 2666 Klocl.]
399 2592 531 2652 delectum
543 2604 594 2654 cet.
607 2626 640 2636 -—
785 2594 952 2670 minonem
963 2624 998 2635 -
1011 2594 1194 2654 duodecim.-
1207 2596 1234 2654 al.

192 2681 257 2741 Pllz
275 2681 374 2740 adacti.
391 2679 509 2743 heile:
528 2683 640 2745 adactis.
713 2685 756 2741 13.
784 2691 817 2739 ut
833 2683 913 2739 duae
930 2682 1070 2740 coloniae
1084 2685 1172 2741 circo
1183 2682 1233 2743 Ve-

195 2767 275 2828 Voss.
290 2789 316 2830 ιι.
329 2768 397 2829 Lov.
410 2773 450 2829 la
468 2770 557 2829 adacti
569 2782 641 2832 sunt.
782 2771 896 2827 ocinum
908 2768 1116 2827 consumam
1128 2790 1232 2850 agrum

192 2888 228 2901 -
249 2856 272 2915 P
290 2877 325 2916 m.
344 2860 383 2916 1.:
406 2856 525 2915 libertini
549 2870 639 2915 centu·
782 2858 1015 2914 deducerentur:
1033 2876 1068 2912 ex
1081 2858 1191 2916 emend
1204 2855 1230 2916 C.

192 2946 264 3004 riuti.
283 2943 305 3000 P
317 2963 352 3002 m.
364 2946 390 3002 2.
400 2943 440 2999 tl:
457 2944 639 3022 libertinique.
779 2944 895 3018 Sigonii.
909 2970 941 2986 υ-
955 2943 1002 2999 Ptl
1021 2942 1097 3005 roll:
1116 2986 1134 3014 ‚‚
1145 2947 1229 3002 uesti-

136 3032 164 3092 5.
190 3041 221 3090 ct
238 3028 454 3104 defendendae
471 3034 555 3088 urbia
573 3053 638 3088 con·
780 3037 887 3100 num“,
917 3031 1063 3108 pauloque·
1083 3042 1152 3108 post
1180 3034 1230 3100 „ia

189 3119 262 3176 silio
278 3118 486 3196 agitabantur:
506 3118 534 3173 Μ
557 3138 592 3173 m.
610 3121 636 3177 3.
779 3119 862 3174 sollu
889 3120 1037 3176 uestino“.
1089 3119 1230 3176 Vestinos

188 3234 223 3247 -·
241 3204 268 3261 ll
286 3225 321 3263 m.
341 3208 379 3264 1.:
408 3213 436 3260 et
458 3203 572 3262 deiende
593 3226 636 3262 ur·
780 3224 836 3261 non
854 3206 883 3262 in
896 3204 1044 3282 Campania
1062 3205 1115 3262 sed
1133 3208 1169 3263 ad
1187 3228 1227 3263 su·

167 3291 240 3352 tto.
267 3323 302 3335 -
330 3290 366 3348 P:
394 3290 428 3347 arl
452 3292 636 3350 defendendae
779 3311 874 3370 perum
893 3313 964 3348 mare
977 3294 1048 3348 inter
1059 3291 1227 3351 Marrucinos

186 3379 271 3438 urbis.
308 3379 350 3439 cf.
376 3382 499 3447 10‚17.=
522 3380 545 3436 P
567 3400 633 3448 „ea-
778 3387 805 3435 et
823 3379 975 3436 Praetutios
1001 3379 1082 3436 sedes
1101 3380 1227 3439 hahuisse

185 3475 262 3541 plum
287 3467 418 3544 oppidum
441 3487 478 3523 uc
499 3468 633 3543 direptum
776 3478 871 3523 nolum
890 3477 938 3526 est.
957 3466 992 3524 cf.
1011 3469 1055 3535 10,
1075 3469 1121 3527 10.
1134 3498 1169 3510 -
1186 3468 1222 3524 lll:

184 3558 261 3608 esl“:
294 3553 321 3608 tt
343 3565 474 3632 „captum
502 3555 633 3632 oppidum
774 3560 827 3609 una
839 3553 873 3609 ad
887 3554 1005 3611 hostium
1017 3553 1076 3612 liris
1088 3555 1223 3614 fluuii.-

55 3664 61 3688 ι
184 3638 220 3695 acl
239 3639 374 3715 direptum
393 3647 509 3701 est“.—
528 3643 568 3698 lll:
587 3663 631 3699 ex·
775 3638 836 3696 PM:
859 3642 1036 3699 Menturnae
1057 3646 1131 3712 (non
1155 3641 1220 3698 llin-

153 3717 357 3787 lhonerarunt
375 3761 410 3771 -
438 3729 500 3786 Pnts
519 3729 537 3788 l.
555 3729 631 3786 uoln·
772 3735 893 3796 tornae).
912 3731 946 3789 cl.
963 3733 990 3797 83
1010 3732 1052 3787 10.
1073 3732 1117 3788 11.
1136 3730 1170 3788 al.
1189 3759 1222 3773 ·-

156 3852 160 3859 ·
181 3815 250 3870 urnii
272 3822 347 3875 sons.
373 3814 425 3885 (Pz
447 3822 538 3886 eost.)
560 3816 631 3872 litte·
772 3812 817 3871 ll:
835 3814 917 3872 altera
935 3819 965 3874 in
982 3814 1051 3873 saltu
1063 3819 1173 3875 aestiuo
1186 3817 1222 3872 la·

181 3918 238 3959 rae.
250 3931 285 3944 -·
298 3901 380 3963 Paulo
399 3895 534 3980 postPlll:
554 3910 630 3961 cont.
773 3900 877 3961 leruum
905 3894 1104 3980 contingentem
1128 3924 1222 3981 agrum

60 4034 64 4055 2
181 3989 629 4058 nomine:„znrlll1retlesGon·
772 3998 823 4049 eet.
850 3990 884 4047 Pr
911 3994 1155 4091 contingente„-
1187 3991 1220 4047 P.

180 4071 269 4132 outae.
770 4077 887 4139 sinuosa.
