2798 4722
417 401 426 422 ,
509 345 615 406 LIBER
633 347 691 408 vlt.
1087 333 1152 402 269
1213 390 1218 402 .

37 514 72 578 in
98 511 189 578 urbe
213 508 410 578 insedentem
438 508 545 577 labem
573 499 743 580 crescentis
759 510 802 593 in
829 509 897 580 dies
929 511 1046 579 fenoris
1068 513 1153 602 pati?

36 617 127 694 haec
145 614 265 705 agitata
277 613 410 682 occultis
423 615 691 683 coniurationibus
707 617 844 683 necdum
854 615 981 705 vulgata
995 617 1028 682 in
1040 640 1151 684 omnes

39 719 184 788 consilia
207 718 327 786 invenit
348 743 451 786 novus
474 719 586 788 consul
609 719 646 787 C.
669 711 963 804 Marcius'Rueilus‚
986 719 1037 788 cui
1059 719 1185 788 Cam-0

38 825 141 916 pania
167 835 254 890 sorte
280 823 441 913 provincia
473 835 634 907 evenerat,
665 825 705 910 Q.
728 825 862 892 Servilio
890 821 1013 915 collega
1042 824 1082 890 ad
1103 848 1153 890 ur·

40 931 129 997 bem'
146 927 272 996 relicto.
310 928 418 1018 itaque
441 951 515 994 cum
542 929 649 996 omnia
678 953 717 995 ea
739 929 784 996 sic
805 941 842 996 ut
867 941 956 1019 gesta
984 937 1187 1019 erant=per5

42 1035 197 1102 tribunos
221 1043 372 1123 conperta
396 1044 428 1100 et
450 1043 552 1100 aetate
574 1031 708 1100 haberet
729 1043 761 1099 et
782 1056 844 1099 usu
871 1034 999 1116 doctus,
1032 1033 1151 1124 quippe

44 1139 105 1229 qui
126 1139 195 1204 iam
218 1148 367 1228 quartum
389 1137 501 1206 consul
524 1148 608 1204 esset
630 1137 827 1228 dictatorque
850 1149 883 1205 et
897 1162 1010 1206 censor
1032 1138 1151 1222 fuisset,

44 1254 222 1334 optumum
243 1253 333 1310 ratus
354 1242 527 1311 differendo
550 1266 642 1333 spem
659 1243 928 1333 quandocumque
943 1242 1063 1310 vellent
1078 1267 1151 1310 con-

42 1347 106 1414 silii
128 1346 329 1438 exsequendi
349 1346 518 1416 militarem
538 1347 695 1437 impettuu
715 1348 880 1429 frustrare,
906 1371 1069 1414 rumorem
1091 1347 1150 1414 dis-

120 1572 226 1644 agere“
251 1567 286 1627 al.
310 1599 346 1612 -
374 1565 454 1628 itm.
472 1571 511 1628 Ἅι
538 1569 570 1632 iu
655 1570 681 1627 3.
708 1587 805 1624 nonus
823 1567 1073 1628 coi.C.Mnrcius
1092 1567 1150 1638 (tiz
1257 1623 1261 1634 ,

118 1655 265 1734 pestilente
284 1667 363 1734 atque
381 1666 432 1715 eet.

63 1747 91 1803 1.
105 1745 290 1802 insedentem
297 1742 463 1800 lademrPdI
469 1741 541 1803 Harl.
548 1761 566 1800 r.

117 1829 318 1903 Voss.11.al.]
340 1830 501 1888 insidentem
527 1840 566 1885 ta·

117 1920 182 1977 bern
199 1923 285 1990 (rece.
304 1917 410 1986 codd).
433 1947 467 1957 —
496 1915 566 1972 Corn

117 2008 205 2064 labae
222 2004 252 2061 id
270 2003 368 2062 malum
380 2007 416 2060 sit
427 2003 500 2082 qnod
512 2006 566 2060 rui-

118 2115 183 2150 nam
201 2095 391 2170 interitumque
404 2095 499 2168 cuique
517 2094 566 2150 rni-

117 2190 213 2248 netur‚
243 2182 339 2237 tabem
367 2179 485 2236 scribere
513 2199 567 2235 nou

120 2269 218 2336 ausim,
236 2267 299 2324 licet
317 2269 355 2322 ita
373 2267 399 2324 h.
412 2265 430 2325 l.
450 2269 479 2323 iu
497 2282 567 2322 mar·

118 2358 182 2432 gine
200 2353 302 2410 codicis
319 2351 355 2422 P,
382 2352 567 2431 similibusque

118 2443 190 2500 loeis
210 2443 255 2512 (2,
274 2443 334 2511 23.)
354 2443 433 2497 etiam
450 2443 478 2497 in
497 2443 567 2515 opti·

118 2532 174 2587 mis
196 2527 275 2585 libris
296 2529 426 2603 scriptum
451 2531 566 2606 reperia-

118 2626 179 2674 tur:
198 2615 277 2684 „und
295 2613 357 2671 dass
369 2618 418 2684 aie,
436 2617 567 2672 naehdem

120 2706 163 2761 sie
181 2703 239 2759 sich
252 2705 289 2759 im
302 2701 503 2778 Kriegsdienste
521 2705 568 2760 ab·

121 2791 245 2868 gemam,
267 2811 322 2847 nrm
341 2801 510 2866 angcstrengt
527 2811 568 2846 ar·

121 2877 216 2934 beiten
233 2877 328 2934 sollten
346 2898 391 2934 um
409 2878 469 2934 dem
487 2897 568 2952 unge·

122 2964 567 3022 nandennnduniruchtbarensso-

4 3049 21 3136 ξ
123 3053 178 3110 den
196 3071 242 3108 am
253 3051 324 3110 Rom
335 3052 384 3108 her
396 3055 455 3108 eine
468 3051 569 3108 Frucht

122 3141 347 3214 abrogewinnen,
374 3139 441 3194 oder
463 3142 492 3196 in
521 3139 570 3194 der

124 3227 205 3283 Stadt
222 3226 270 3282 dae
283 3228 455 3301 eingenistete
467 3225 568 3283 Unheil

124 3315 175 3372 der
203 3315 298 3370 immet
328 3313 403 3370 mehr
432 3335 477 3371 um
508 3313 569 3371 sich

124 3400 281 3477 gretienden
309 3399 499 3458 Sehuldenlast
527 3421 568 3458 er·
602 3396 607 3408 “

124 3498 219 3562 tragon
235 3492 387 3546 minsteu“.
410 3489 454 3548 Cf.
467 3491 498 3557 2,
510 3491 568 3547 tta

123 3575 155 3632 id
181 3594 264 3632 uuum
290 3595 421 3632 venenum
446 3593 505 3632 eam
530 3574 569 3630 la-

124 3664 186 3720 bem
205 3661 360 3721 civitatibus
377 3661 512 3736 opulentia
528 3681 571 3718 re·

125 3753 244 3828 terum,
274 3758 304 3804 ut
334 3767 429 3824 magua
459 3750 571 3824 imperia

706 1657 837 1726 martius)
865 1656 1001 1714 Rutilus:
1029 1655 1086 1714 ΡΜ.
1117 1657 1152 1714 οἱ

707 1747 734 1809 7,
754 1748 797 1802 17.
816 1773 850 1782 -
877 1740 950 1798 Harl.
968 1760 1002 1799 r.:
1028 1741 1151 1802 rutulius.

707 1826 788 1888 Voss.
799 1849 825 1886 u.
837 1827 967 1904 multique
979 1848 1048 1888 rece.
1059 1829 1151 1888 codd:

707 1915 823 1976 ruritius.

655 2005 681 2064 6.
708 2014 848 2080 conperta
865 2014 895 2061 et
912 1977 1154 2060 aetate'haoem

708 2103 738 2150 et
756 2084 953 2148 usuitoctas:
976 2090 1025 2148 ΡΜ
1042 2087 1120 2150 Leid.
1133 2109 1151 2148 r.

708 2177 802 2238 Lovel.
825 2181 851 2237 d.
874 2177 924 2250 aL]
949 2187 1083 2252 comperta
1107 2177 1152 2232 ha·
1239 2191 1242 2199 ’

708 2267 784 2338 beret
802 2276 829 2322 et
847 2274 932 2320 aetate
951 2275 977 2320 et
994 2285 1045 2323 usu
1058 2263 1152 2320 doctus
1186 2319 1189 2332 ,

708 2359 794 2426 (rece.
813 2353 916 2423 codd).
937 2349 1007 2408 Cum
1025 2349 1096 2428 apud
1108 2349 1152 2406 Li·

708 2443 782 2499 vium
801 2440 929 2497 audacior
941 2437 1048 2518 quidam
1061 2448 1152 2516 poeta·

709 2549 821 2608 rumque
840 2529 946 2602 ingenio
970 2524 1153 2583 accommoda·

709 2617 763 2674 tior
774 2618 916 2673 verborum
930 2614 997 2672 ordo
1007 2613 1079 2670 haud
1092 2633 1153 2669 raro
1170 2669 1186 2684 ,

709 2707 869 2782 reperiatur,
891 2707 1053 2780 optimorum
1071 2699 1152 2758 libro·

710 2811 773 2846 rom
806 2791 989 2846 auctoritatem
1021 2785 1154 2861 negligere

709 2875 803 2933 nolim.
833 2897 882 2930 nee
901 2893 1060 2950 quemquam
1081 2873 1154 2946 iuge·

708 2965 755 3030 rit,
773 2981 833 3017 curn
845 2963 928 3016 totius
940 2959 993 3014 loci
1006 2961 1155 3015 subiectum

686 3100 688 3104 .
709 3069 778 3106 voce
796 3069 870 3104 usus
888 3066 1044 3123 expressum
1062 3047 1106 3113 sit,
1126 3047 1155 3100 in

710 3137 761 3193 hac
773 3138 831 3214 ipsa
845 3137 1019 3192 concinniore
1033 3143 1154 3190 constru-

712 3227 801 3281 ctione
818 3224 890 3280 haud
908 3225 1037 3298 ingratam
1052 3219 1154 3296 elegan-

709 3315 775 3369 tiam
805 3314 902 3370 inesse.
931 3343 966 3352 —
996 3308 1023 3364 M
1051 3327 1087 3366 m.
1115 3309 1156 3364 d.:

711 3409 810 3476 coapta
832 3407 859 3452 et
884 3400 976 3452 aetati
996 3395 1105 3451 haberet
1129 3403 1156 3449 et

710 3506 761 3542 usu
779 3484 883 3543 doctus,
903 3482 935 3538 In
952 3481 1032 3539 voss.
1046 3501 1074 3540 u.
1086 3482 1157 3538 aliis·

711 3593 763 3650 que
781 3571 863 3627 rerba
880 3579 910 3627 et
926 3577 1023 3626 aetate
1039 3578 1157 3647 praeter·

652 3701 655 3706 -
711 3662 794 3718 missa
812 3667 883 3717 snut.
906 3687 942 3702 ···
970 3655 1032 3714 PM:
1057 3660 1158 3734 quippe

713 3749 760 3825 qui
778 3749 831 3802 iarn
850 3755 973 3822 quartum
992 3749 1050 3803 eoi.
1066 3753 1145 3803 esset.

125 3835 249 3894 mortalia
268 3845 366 3894 eruent.
396 3837 427 3903 9,
446 3837 503 3894 aa:
525 3833 572 3891 eil·
659 3836 688 3895 8.
716 3843 867 3909 optumum
896 3843 996 3890 ratus:
1026 3831 1100 3890 Harl.
1122 3832 1157 3903 r.]

126 3924 263 3982 ratribus
279 3922 348 3978 locis
361 3920 516 3978 cohortibaa
534 3925 574 3978 in-

124 4011 221 4068 eedere
238 4012 330 4070 iussis.
348 4008 381 4068 at
399 4039 434 4051 -
454 4007 529 4068 Pm.
547 4011 573 4068 2.

124 4097 168 4156 ll:
195 4097 315 4155 foenori·
336 4097 401 4170 pati.
431 4093 454 4152 P
475 4115 511 4154 m.
536 4096 573 4154 1.:

124 4194 199 4262 pato.

716 3923 847 4002 optimum
859 3929 932 3976 ratus
950 3918 1042 3990 (PM).
1062 3915 1105 3975 Cf.
1118 3938 1158 3975 ex.

715 4026 755 4082 gr.
770 4010 814 4074 22,
831 4009 888 4064 27st
907 4025 937 4062 se
954 4015 1093 4083 optumum
1110 4002 1159 4060 du·

716 4113 778 4152 cere
794 4093 897 4165 (Pet).
1094 4093 1098 4102 '

661 4179 689 4248 9.
708 4175 1130 4254 snutraresl’dfflada.1aeid.
1140 4198 1159 4234 1.
