2618 4590
506 243 702 304 cruuntur.
1084 226 1153 305 roe

56 390 126 476 siue
147 430 262 498 magno
284 404 488 475 incommodo
516 406 664 496 progredi
685 431 751 474 non
772 410 912 497 poterat,
944 429 1018 475 eum
1047 406 1153 498 ipsum

56 512 91 578 in
113 536 177 605 que
200 511 383 579 constiterat
403 510 513 577 lucum
534 509 644 576 castris
661 510 805 580 dimetari
817 509 925 577 iussit:
947 510 980 576 id
1002 535 1078 578 vcro
1097 514 1153 579 cir-

56 617 205 683 cumfuso
229 615 370 704 undique
392 613 534 703 equitatu
556 625 593 680 ut
613 614 733 681 vellum
752 624 915 706 peteretur
943 637 1088 704 opusque
1108 616 1153 682 iu·

58 722 194 813 ciperet,
221 720 288 787 lieri
316 741 382 785 non
410 726 550 809 poterat:
585 717 693 809 itaque
722 720 776 787 ubi
803 741 909 808 neque
931 718 1027 785 eundi
1047 742 1152 810 neque

56 826 206 893 manendi
229 825 355 916 copiam
377 821 569 905 esse'videt,
596 821 722 892 instruit
743 822 845 890 aciem
869 821 1091 913 inpedimentis
1113 840 1183 894 ex5

58 930 183 1021 agmine
204 930 344 997 remotis.
381 924 539 994 instruunt
560 937 669 993 contra
692 938 725 994 ct
745 926 855 995 hostes
878 937 911 994 ct
925 926 1037 994 animis
1058 914 1092 994 et
1112 927 1156 995 vi-

56 1036 144 1101 ribus
166 1058 274 1124 pares:
297 1024 428 1100 arrxerat
448 1030 481 1096 id
502 1029 642 1098 maxime
664 1030 787 1099 animos
808 1031 954 1122 quud-
968 1031 1068 1121 ignari
1082 1031 1165 1113 locu·

57 1138 166 1228 iniquo
189 1162 255 1206 nou
276 1137 361 1205 hosti
384 1157 511 1204 cessum
532 1171 576 1183 ——
598 1135 686 1202 velut
708 1136 864 1227 fugientes
887 1160 925 1203 ac
950 1136 1075 1203 territos
1096 1146 1155 1203 ter-

54 1243 163 1321 ribiles
184 1242 245 1333 ipsi
265 1241 367 1310 secuti
388 1242 527 1308 fuerant:
563 1239 596 1306 id
618 1239 812 1330 aliquamdiu
840 1240 990 1332 aequavit
1007 1244 1158 1332 'pugnam
1247 1246 1254 1265 '

56 1348 121 1414 iam
148 1342 278 1438 pridem'
299 1347 432 1415 desueto
459 1342 603 1412 Samnite
632 1344 806 1413 clamorem
832 1346 969 1413 Romani
998 1345 1155 1425 exercitus
1169 1360 1204 1417 10
1278 1347 1283 1366 '

56 1452 133 1543 pati.
171 1463 204 1520 et
224 1451 355 1520 hercule
376 1449 433 1517 illo
457 1449 509 1517 die
531 1447 570 1514 ab
592 1447 672 1517 hora
694 1449 756 1518 diei
777 1450 868 1518 tertia
891 1450 931 1517 ad
948 1460 1095 1519 octavam
1113 1449 1157 1517 ita

75 1620 101 1677 1.
128 1638 194 1675 eum
216 1620 313 1694 ipsum
335 1618 366 1672 in
389 1634 449 1690 que
466 1614 573 1671 censii·

126 1715 205 1761 teret
229 1706 327 1762 locum
349 1702 459 1759 cestrie
484 1701 573 1758 dime-

128 1792 190 1847 tari
223 1792 326 1849 iussit:
361 1787 384 1846 P
421 1785 481 1846 cod.
513 1785 573 1847 Gel.

127 1875 200 1937 llarl.
213 1897 231 1936 r.
244 1907 278 1917 -
296 1875 335 1932 ll:
354 1875 483 1932 dimetarc
499 1877 504 1946 Ι
518 1876 573 1931 ius·

127 1967 172 2025 sit.
192 1963 261 2023 Cud.
278 1962 388 2022 Kionin:
406 1963 501 2018 metari
518 1963 573 2018 ius·
641 1972 644 1977 '

713 1616 754 1673 tie
772 1636 812 1672 ex
833 1618 952 1694 agmine
973 1617 1113 1672 remotis.-
1133 1613 1157 1672 P

712 1701 770 1763 rell.
783 1701 817 1746 -’-
834 1703 863 1759 ld
879 1701 971 1762 Lovcl.
984 1703 1025 1762 ‘1.:
1042 1704 1159 1758 instituit
1211 1716 1222 1727 ·

714 1791 799 1867 aciem
817 1798 868 1848 cet.
897 1788 987 1846 Simili
1005 1808 1096 1845 errore
1113 1791 1158 1858 33,

715 1879 758 1936 15.
768 1879 895 1935 instituit
904 1874 1033 1953 scriptum
1044 1875 1160 1943 videtur,

715 1973 743 2020 et
755 1985 788 2021 ex
799 1964 940 2041 Bamberg.
951 1962 1158 2021 restituendum:

127 2052 173 2109 sit.
190 2050 267 2111 Leid.
278 2071 296 2113 1.
305 2036 387 2110 Voss.
397 2068 424 2107 11.
435 2047 502 2129 Pell.
514 2051 537 2107 1.
547 2050 574 2106 3.

86 2198 89 2207 ἱ
128 2136 197 2197 Lov.
215 2126 242 2197 4ss
264 2137 312 2197 al.:
341 2137 464 2196 dimicari
487 2136 574 2193 iussit.

107 2220 198 2285 'cot
235 2224 291 2301 sig.
327 2223 380 2284 el:
403 2223 575 2281 'communiri

125 2314 212 2373 iussit.

74 2403 102 2460 2.
130 2401 163 2456 id
181 2420 251 2456 uero
274 2398 455 2472 circumfuso
474 2397 517 2466 (lll
538 2416 574 2457 m.

129 2476 173 2546 1.':
209 2486 405 2554 circumlunso)
442 2485 574 2562 undique

128 2576 262 2652 equitatu
282 2583 314 2631 ut
332 2574 446 2653 uellam
460 2582 574 2648 petere-

128 2670 178 2717 tur
188 2668 336 2738 'opusque
350 2663 490 2736 inciperet
497 2659 575 2735 fieri

130 2767 189 2803 non
209 2755 342 2821 poteret.-
363 2745 425 2803 Plll:
453 2744 481 2804 h.
499 2765 522 2804 e.
543 2755 574 2801 ut

129 2851 194 2889 vcro
224 2830 323 2890 vallum
352 2841 488 2907 peteretur
515 2832 576 2888 fieri

131 2940 186 2975 nau
195 2928 302 2997 poterat
315 2939 374 2976 curu
385 2920 519 2996 equitatus
529 2938 576 2974 uu·

130 3007 212 3085 dique
239 3008 415 3071 circumfusus
440 3013 519 3064 esset.
554 3002 576 3065 l.

131 3094 176 3152 Fr.
189 3092 273 3152 Gron.
292 3105 337 3150 aut
355 3103 388 3150 ut
404 3094 518 3150 uallum
526 3112 576 3168 pe·

130 3190 227 3239 terent
244 3190 289 3236 aut
308 3190 340 3237 ut
353 3182 454 3238 callus
463 3188 576 3257 petere·

130 3276 180 3323 tur
202 3267 374 3323 scribendum
398 3276 499 3324 censet:
526 3267 578 3324 sed

94 3352 97 3361 ’
132 3352 391 3432 quemadmodum
407 3356 508 3412 callus
525 3375 575 3431 pro

21 3438 25 3455 ¹
82 3437 84 3443 ⁴
130 3442 245 3500 vallum
262 3460 461 3521 nonnumquam
471 3440 577 3517 legitur,

130 3531 172 3585 sic
190 3526 216 3589 ir.
234 3528 252 3587 l.
273 3529 387 3584 callum
404 3549 454 3608 pro
475 3531 577 3586 cattus

130 3620 263 3697 scriptum
284 3615 407 3685 videtur,
429 3618 483 3672 nisi
507 3612 588 3672 lerte'

131 3704 164 3764 L.
190 3696 257 3762 voce
283 3704 397 3760 vallum
427 3703 528 3759 omnia·
546 3722 577 3758 ea

131 3791 229 3870 quibus
248 3790 282 3847 ad
294 3810 413 3867 aggerem
426 3788 578 3847 laciendum

134 3898 202 3952 opus
220 3887 277 3935 crat
294 3878 445 3953 siguificare
462 3876 557 3936 valuit.

79 3967 107 4024 5.
136 3966 254 4022 iustruit
280 3966 372 4024 aciem
398 3965 577 4043 inpedimeu·

716 2055 797 2129 „ipsc
828 2053 926 2129 raptim
963 2070 1058 2128 cepere
1086 2070 1160 2107 arma

716 2140 796 2195 iussis
835 2137 965 2194 militibus
998 2136 1160 2215 infrequenti

716 2226 820 2303 agmine
828 2234 905 2305 perta
914 2237 1035 2300 egressus
1046 2210 1097 2303 pie
1109 2223 1159 2281 flu·

715 2315 788 2370 mine
805 2314 915 2370 instruit
936 2313 1029 2370 aciem.
1056 2321 1160 2369 ceterae

716 2402 810 2478 copiae
827 2401 873 2457 vix
895 2398 994 2472 conligi
1017 2407 1097 2476 etque
1119 2399 1160 2454 in·
1246 2426 1249 2432 ·

715 2488 784 2544 strui
802 2477 1047 2565 eum¹petuissent‘⁴
1060 2490 1111 2546 cet.
1124 2514 1161 2529 -·

714 2573 737 2632 P
755 2595 790 2634 m.
810 2577 847 2633 1.:
865 2576 994 2631 intruunt.
1020 2571 1159 2633 lil'm.1.:

714 2663 851 2719 instruunt
868 2672 960 2717 centra
978 2669 1005 2716 et
1022 2659 1115 2716 hostes
1133 2668 1162 2716 ct

716 2750 786 2803 anim
794 2747 843 2802 sed
854 2749 957 2804 uiribus
969 2766 1056 2825 pares.
1073 2767 1110 2804 m.
1119 2750 1160 2805 t:

718 2844 745 2890 et
762 2833 1005 2890 animiseduiribus.

664 2924 704 2980 7(
718 2921 819 2999 ignari
834 2920 899 2976 loeo
918 2921 1019 2995 inique
1032 2930 1092 2976 ueri
1106 2919 1160 2977 Ιιο-

717 3009 758 3066 sti
774 3027 907 3064 cessum:
925 3004 985 3062 Plll:
1004 3005 1068 3079 hte.
1080 3006 1160 3091 xquod

718 3093 852 3154 Samnites
881 3095 935 3151 sibi
964 3104 1161 3172 persuaserant,

716 3181 869 3242 Romanum
894 3202 950 3241 nou
975 3180 1036 3241 loco
1067 3183 1161 3260 iniquo

716 3270 766 3327 sed
784 3270 837 3326 sibi
855 3272 977 3329 cessisse.
995 3300 1030 3312 -
1052 3267 1114 3326 Pal:
1132 3268 1162 3325 id
1270 3293 1274 3303 ¹

716 3357 879 3435 aliquamdiu
897 3359 1022 3433 aequauit
1037 3375 1161 3434 pugnam.

716 3477 751 3487 -
769 3444 810 3503 ll':
829 3443 945 3501 clamare
962 3446 1066 3507 romani
1087 3464 1161 3503 exer·
1204 3454 1209 3463 ‘

718 3533 787 3588 citus
804 3533 869 3611 pati.

648 3619 691 3677 11.
717 3629 747 3676 et
764 3619 897 3678 hercule:
916 3616 964 3676 Pu
976 3617 1053 3693 rell]
1066 3618 1162 3679 ather·

718 3705 777 3761 cule
794 3705 871 3776 (cod.
889 3704 973 3775 (iel).
1001 3704 1050 3765 ct:
1063 3729 1104 3767 ex.
1121 3728 1162 3783 gr.
1223 3745 1224 3752 κ

717 3795 744 3861 73
765 3794 821 3852 11.:
841 3801 868 3848 et
885 3791 992 3850 hercule
1004 3796 1072 3852 tenti
1084 3815 1115 3851 ca
1127 3795 1162 3852 ad

718 3882 839 3936 universi
865 3879 929 3936 belli
956 3891 1079 3938 eventum
1105 3901 1161 3938 mo·
1269 3935 1271 3949 ,

719 3968 802 4025 menti
820 3966 957 4024 dimicetis
970 3966 1034 4040 luit,
1052 3977 1082 4026 ut
1099 3967 1161 4031 Gal·
1242 3986 1248 4000 ·
