2618 4590
135 235 202 306 528
600 245 711 307 nura
728 247 775 307 tx.

136 411 266 480 Samnio
288 409 435 481 Cluviam
455 407 647 502 praesidium
668 411 865 497 Romanum,
893 412 968 504 quin
998 413 1224 506 nequiveratn'

11 602 14 609 Ι
135 519 216 610 capi,
238 506 405 586 obsessum
426 516 512 584 fame
534 515 776 585 indeditionem
791 530 983 611 acceperant
995 519 1165 588 Samnites
1177 543 1224 589 rer·
1242 513 1263 547 '⁴

135 623 326 715 beribusque
348 621 480 691 foedum
501 621 534 688 in
555 621 688 688 modum
712 622 868 692 laceratos
890 623 1082 693 occiderant
1110 624 1224 692 deditos
1261 619 1263 626 ⁴

135 729 208 797 huie
228 729 371 800 infensus
393 725 569 793 crudelitati
591 726 698 799 lunius
720 765 764 777 -
786 726 864 795 nihil
884 728 1049 819 antiquius
1078 752 1224 820 oppugna

97 833 218 917 stione
241 833 395 901 Cluviana
424 841 510 899 ratus
532 869 576 882 -
602 855 668 922 quo
696 831 747 899 die
774 834 941 923 adgressus
969 844 1023 901 cst
1050 833 1224 901 moeniati

132 940 218 1031 cepit
239 950 334 1029 atquc
358 959 470 1004 omnes
492 937 630 1026 puberes
652 937 818 1007 interfecit.
854 940 927 1006 inde
948 938 1056 1006 victor
1081 939 1223 1008 exercite

131 1044 312 1112 Bovianum
340 1043 469 1108 deictus:
506 1053 602 1133 caput
634 1041 698 1110 boe
729 1053 797 1110 erat
823 1044 1015 1111 Pentrorum
1044 1043 1224 1112 Sanmitiuu

131 1149 226 1240 louge
249 1147 438 1215 ditissimum
460 1131 567 1237 atque
585 1146 861 1237 opulentissimum
887 1148 982 1214 armis
1005 1148 1167 1240 virisque.
1194 1149 1224 1216 ibi

131 1253 205 1343 quia
227 1252 314 1319 haud
336 1262 460 1318 tantum
483 1249 599 1318 irarum
622 1263 705 1336 erat,
728 1276 786 1343 spe
808 1252 944 1343 praedae
965 1251 1093 1324 milites
1117 1255 1225 1324 accensi

84 1372 119 1426 10
131 1357 250 1447 oppido
266 1357 444 1446 potiuntur:
466 1355 570 1423 minus
586 1355 694 1447 itaque
715 1357 872 1425 saevitum
886 1355 919 1423 in
934 1354 1051 1424 hostes
1067 1369 1133 1442 est,
1154 1384 1225 1452 prae

75 1450 81 1475 ⁴
131 1463 191 1529 dae
212 1462 286 1552 plus
308 1486 410 1554 paene
439 1485 536 1552 quam
565 1483 607 1527 ex
635 1461 722 1527 omni
743 1460 876 1529 Samnio
902 1485 1064 1551 umquam
1092 1477 1225 1556 egestum

130 1566 330 1658 benigneque
352 1567 456 1634 omnis
477 1564 569 1633 militi
591 1587 754 1633 concessa.
793 1576 827 1633 et
847 1578 1022 1657 postquam
1045 1583 1225 1662 praepoteu·

129 1683 196 1740 tem
217 1673 312 1740 armis
335 1670 517 1738 Romanum
538 1692 599 1736 nec
628 1669 712 1737 acies
733 1669 905 1738 subsistere
931 1670 1019 1738 ullae
1047 1697 1115 1741 nec
1138 1687 1225 1743 castra

128 1801 189 1846 nec
210 1779 306 1845 urbes
328 1786 484 1866 poterant,
507 1775 650 1842 omnium
672 1772 852 1865 principum
867 1776 901 1842 in
914 1774 1051 1844 Samnio
1074 1803 1120 1847 eo
1145 1804 1225 1848 curae

82 1895 116 1952 ts
130 1893 205 1950 sunt
226 1883 364 1948 intentae
392 1890 429 1946 ut
455 1878 573 1945 insidiis
600 1889 806 1970 quaereretur
831 1879 936 1963 locus,
968 1879 995 1945 si
1018 1904 1087 1970 qua
1110 1883 1225 1952 licentia

126 1988 311 2081 populando
335 1985 455 2052 effusus
484 1982 643 2050 exercitus
672 1983 777 2074 excipi
805 2006 842 2051 ac
865 1985 1090 2054 circumveniri
1113 1999 1224 2079 posset

124 2093 323 2184 transfugere
346 2101 496 2181 agrestes,
518 2098 551 2155 et
573 2088 688 2178 captivi
711 2087 841 2179 quidam
862 2111 936 2180 pars
952 2088 1038 2157 forte
1059 2116 1141 2182 pars
1163 2117 1224 2162 con

143 2277 169 2334 1.
195 2275 333 2333 Cluuiam
348 2273 640 2348 praesidiumromo·
781 2273 913 2351 nigneque
939 2275 1028 2332 omnis
1055 2274 1143 2334 militi
1171 2297 1224 2335 con·

196 2381 281 2418 num:
304 2357 365 2434 cod.
388 2356 447 2416 Get.
464 2356 540 2417 Leid.
560 2378 577 2413 r.
605 2391 639 2401 -
782 2381 865 2418 cessa.
884 2359 906 2417 P
923 2380 959 2420 m.
978 2364 1017 2420 1.:
1036 2380 1147 2425 omues.

194 2445 222 2503 m
249 2445 309 2503 cod.
331 2443 424 2503 Kloelr.
449 2443 516 2504 Lor.
538 2448 564 2503 d.
591 2445 639 2504 al.:
712 2448 755 2506 ts.
781 2467 836 2504 nec
859 2447 939 2504 acies
959 2450 1131 2509 subsistere
1152 2455 1224 2510 ullae

196 2534 317 2591 cluuiani
324 2531 639 2610 praesidiumromauum.
781 2555 835 2592 nec
856 2544 957 2591 castra
979 2555 1034 2591 nec
1057 2537 1150 2597 urbes
1167 2549 1223 2615 pot-

153 2686 156 2691 ,
193 2621 230 2679 P:
247 2621 346 2678 cluiani
364 2628 415 2678 cet.
432 2650 468 2662 -
490 2617 526 2676 P:
545 2619 638 2677 uerba·
781 2631 880 2680 erant.-
893 2619 1129 2701 Pdquuamquam
1141 2629 1223 2703 primo

193 2708 269 2767 ribus
292 2705 400 2765 foedum
423 2707 453 2764 iu
475 2707 585 2766 modum
603 2705 639 2764 la·
779 2706 848 2765 inst
866 2719 923 2767 erat
933 2720 1044 2770 castras.
1058 2712 1176 2773 -laoa
1189 2717 1222 2773 1.:

193 2805 306 2854 ceratos.
626 2790 628 2795 ’
780 2797 898 2853 omnium
917 2800 1092 2877 principium.

139 2885 166 2944 l.
193 2883 262 2942 huic
287 2882 425 2956 infensus
452 2881 639 2940 crudelitati.-
710 2882 754 2941 17.
778 2884 975 2964 transfugere
996 2895 1153 2966 agrestes:
1177 2884 1222 2946 Ptt

193 2968 230 3030 ll.
244 3000 278 3010 -
296 2966 329 3025 P:
345 2969 518 3028 infensos-
530 2964 569 3024 tl:
589 2989 637 3044 op·
779 2969 962 3045 eod.Kloclr.]
979 2971 1136 3048 transfugae
1153 2994 1221 3050 agre·

191 3057 352 3135 pusnatione
369 3053 499 3112 cluuiana.
529 3053 566 3111 P:
589 3075 637 3132 op·
778 3067 844 3117 stes.
861 3088 896 3099 -
914 3053 942 3115 dl
959 3080 995 3118 m.
1013 3060 1054 3119 1.=
1069 3060 1221 3140 trasfugere.

190 3143 353 3221 pugnatione
371 3138 502 3197 cluniana.
778 3174 814 3187 -—
830 3144 903 3203 Haec
920 3149 958 3204 ita
976 3145 1138 3225 explicanda
1149 3159 1221 3207 sunt:

137 3234 164 3290 8.
192 3231 233 3288 ihi
249 3230 320 3308 quia
338 3226 554 3285 suostantiam
576 3230 635 3284 ira·
777 3233 943 3309 transfugere
971 3240 1090 3308 agrestes
1116 3237 1221 3315 quidam

190 3335 257 3374 rum
274 3323 340 3374 erat
364 3336 417 3393 spe
432 3313 566 3393 praedae
583 3316 635 3372 mr'·
748 3394 752 3401 ,
776 3317 910 3381 Samnites
924 3319 957 3377 nd
968 3317 1108 3381 Romanos
1118 3345 1151 3383 eo
1161 3346 1220 3384 con·

188 3406 258 3462 lites
275 3407 394 3462 accensi
411 3414 474 3463 cet:
492 3399 522 3463 P.
542 3434 575 3444 -
593 3400 634 3459 M:
776 3404 839 3464 silio
857 3415 887 3464 ut
904 3403 1042 3466 fallacibus
1053 3412 1148 3470 verbis
1160 3430 1219 3471 eon·

189 3493 228 3548 ibi
246 3495 293 3569 qui
317 3491 388 3550 haud
411 3500 514 3549 tantum
535 3491 635 3547 irarum
727 3481 733 3495 ’
776 3490 862 3550 sulem
880 3496 909 3551 in
932 3495 1047 3552 insidias
1065 3495 1100 3554 ab
1118 3499 1219 3558 Samni·

118 3602 123 3609 ’
168 3602 172 3608 ·
189 3590 247 3636 erat
263 3579 395 3655 sperande
407 3580 506 3635 milites
518 3579 634 3637 accensi.
775 3581 847 3638 libus
859 3583 961 3659 positas
971 3578 1139 3655 inducerent.
1156 3606 1218 3665 qao·

119 3669 163 3726 1⁰.
186 3668 321 3743 praedae
351 3666 421 3740 plus
449 3686 544 3742 paene
576 3664 633 3735 tlt:
776 3687 836 3725 rum
863 3668 943 3726 dictis
968 3690 1028 3725 cum
1051 3689 1083 3729 ea
1111 3694 1181 3751 quae
1205 3693 1218 3729 s

187 3756 276 3832 pene)
301 3770 391 3828 quarn
413 3773 453 3810 ex
476 3753 558 3811 omni
576 3752 633 3812 Sa·
776 3757 889 3833 captivis
916 3752 1083 3816 Samnitibus
1111 3746 1219 3819 ederen-

188 3840 634 3919 mnioumquamegestumrPfd.
775 3851 819 3898 tur
831 3853 1015 3918 congruerent,
1032 3865 1159 3922 magnam
1176 3868 1218 3924 pe·

188 3959 219 3970 —
247 3925 315 3985 Pall.
339 3931 363 3988 1.
386 3929 412 3987 3.
434 3927 514 3986 Voss.
533 3945 562 3987 rr.
585 3925 631 3986 ala
775 3931 846 3987 coris
858 3932 913 3989 rim
929 3933 958 3989 in
969 3927 1068 3990 saltum
1086 3935 1219 4012 quendam

187 4022 229 4070 est
246 4026 358 4089 gestum.
380 4013 437 4072 Pal.
455 4016 481 4072 2.
500 4013 548 4074 al:
567 4034 632 4072 con·
775 4014 864 4075 arium
882 4015 1039 4096 conpulsam
1060 4040 1137 4090 esse,
1163 4022 1218 4079 nul·

45 4153 61 4177 ἱ,
184 4108 303 4196 {aqum
319 4130 359 4186 ,νς
377 4099 458 4187 Ῥξιη.
476 4102 502 4160 2.
519 4096 562 4160 bi:
584 4102 631 4160 lte·
774 4099 829 4162 lum
842 4102 933 4164 dolam
947 4106 1042 4166 consul
1053 4107 1168 4168 subesse
1179 4130 1219 4167 ra·
