2618 4590
1003 170 1009 177 '
1052 174 1061 209 l

144 204 210 274 626
619 218 731 280 uum
747 219 783 279 X.

145 381 361 471 laborumque
382 381 532 471 praemiis
560 382 788 451 sollicitarent?
814 405 875 451 nce
902 380 1057 472 corporis
1089 403 1158 446 nec
1181 377 1253 444 anini

147 487 291 578 vigorem
312 510 477 556 remanere
505 489 659 571 eundem,
688 500 722 556 ct
748 488 909 555 fortunam
936 488 1050 577 ipsam
1075 484 1202 566 vereri,
1228 494 1282 549 ne'

150 591 203 660 cui
224 592 359 660 deorum
380 592 476 660 nimia
498 593 562 661 iam
584 594 617 659 in
639 617 675 661 se
698 605 731 662 et
753 594 949 661 constantior
964 615 1073 684 quam
1092 589 1200 657 velint
1216 588 1255 654 hu·

149 721 264 766 manae
286 723 347 780 res,
368 696 528 765 videatur:
557 709 590 767 et
611 722 648 766 se
670 698 788 789 gloriae
811 699 974 767 seniorum
1002 695 1220 764 subcrevisse
1237 704 1257 759 et

116 803 193 870 bad
214 827 307 871 suam
328 802 463 893 gloriam
492 816 720 894 consurgentes
748 803 826 871 alios
854 804 976 871 laetum
1004 800 1184 892 aspicere:
1216 821 1257 865 nec

151 907 291 977 honores
306 931 440 998 magnos
455 907 634 976 fortissimis
652 909 726 976 viris
737 909 861 975 Romae
877 930 937 974 nec
950 906 1147 974 honoribus
1164 904 1258 971 deesse

150 1013 251 1082 fortes
272 1015 368 1083 viros.¹
398 1012 533 1081 acuebat
546 1014 608 1081 hac
623 1013 842 1081 moderatione
856 1024 924 1080 tam
935 1011 1017 1078 iusta
1043 1011 1171 1092 studia,
1195 1031 1259 1099 quae

151 1119 343 1186 verecundia
369 1116 477 1207 legum
504 1119 727 1209 restinguenda
755 1131 841 1186 ratus
874 1118 979 1208 legem
1012 1114 1152 1183 recitari
1188 1112 1259 1179 iussit

152 1247 217 1314 qua
238 1222 319 1290 intra
342 1222 455 1290 decem
478 1247 579 1291 annos
602 1225 740 1291 eundem
762 1223 930 1291 consulem
952 1219 1043 1287 refici
1060 1244 1135 1286 non
1153 1219 1261 1285 liceret

107 1332 142 1391 10
152 1327 208 1419 vin
229 1350 307 1417 prae
328 1327 463 1416 strepitu
485 1328 592 1396 audita
613 1328 668 1395 lcx
697 1340 760 1412 cst,
787 1328 969 1417 tribunique
999 1324 1110 1414 plebis
1140 1323 1223 1391 nihil
1241 1321 1261 1386 it

151 1430 360 1522 inpedimenti
382 1432 525 1500 loturum
546 1432 683 1515 aiebant,
704 1455 740 1499 se
763 1433 803 1500 ad
826 1432 984 1523 populum
1005 1430 1138 1496 laturos
1164 1428 1213 1501 uti
1232 1427 1262 1491 le-

149 1535 244 1627 gibus
276 1535 465 1606 solveretur.
503 1548 537 1606 et
563 1537 618 1606 ille
655 1537 786 1627 quidem
818 1538 851 1604 in
880 1535 1063 1603 recusando
1095 1532 1264 1623 perstabat,

814 1712 850 1769 ad
868 1720 990 1789 quartum
1005 1708 1105 1766 decem
1118 1711 1211 1766 iustos
1229 1727 1265 1761 an·

813 1819 865 1856 nos
883 1808 1007 1874 peractos
1031 1796 1122 1853 luisse
1145 1795 1265 1871 scripsis·

224 1711 354 1772 lauben‘a
384 1711 451 1769 baec
481 1715 561 1770 etiam
591 1733 671 1771 causa

224 1799 358 1876 estquod
376 1799 470 1858 Livius
488 1821 544 1857 non
560 1803 673 1877 scripsit

223 1889 432 1962 „qumodint
440 1888 671 1949 humanusres“.

171 2014 200 2074 l.
227 2025 257 2072 ct
269 2037 302 2075 ee
311 2020 431 2097 gloriae
443 2023 593 2078 seniorum
605 2016 674 2078 sud·

225 2106 357 2162 creuisse
384 2117 413 2164 et
434 2109 478 2164 od
499 2128 585 2165 suam
609 2111 674 2188 glo-

226 2191 673 2273 riomconsurgentesolioslae·

223 2284 287 2335 tum
308 2281 457 2352 aspicere:
484 2280 506 2338 P
528 2303 564 2342 m.
587 2285 612 2342 Μ.
636 2283 673 2344 Μ.

227 2393 258 2403 -
281 2362 303 2417 P
321 2384 356 2421 m.
376 2369 413 2424 1.:
431 2368 602 2426 subcreuisse
617 2373 621 2441 Ι
638 2370 673 2427 ad

117 2486 120 2492 .
227 2451 312 2508 suam.
336 2481 371 2494 -—
393 2451 421 2507 Μ
439 2474 474 2513 m.
494 2457 531 2513 l.:
555 2477 606 2514 nec
623 2456 673 2514 bo-

227 2535 279 2590 rlb.
293 2535 388 2595 deesse
400 2539 482 2597 lortes
495 2545 578 2604 uiros.
595 2544 622 2604 Μ
636 2566 673 2604 m.

225 2622 252 2680 3.
270 2620 306 2679 P:
324 2645 375 2681 nec
392 2626 517 2688 honorib.

171 2754 199 2813 7.
227 2755 353 2813 acuebat
382 2758 439 2815 hac
470 2763 675 2822 moderatione

223 2850 288 2898 ¹tom
306 2845 387 2900 iusta
404 2848 523 2905 studio:
541 2850 576 2910 Μ.
595 2883 629 2893 -
652 2849 675 2906 P

228 2947 265 2987 m.
275 2931 323 2991 ,1.:
342 2932 492 2989 acubucbat
508 2957 540 2992 ao
553 2938 673 2994 modera-

154 3048 157 3053 -
225 3015 308 3074 tione.
325 3035 363 3075 m.
376 3019 414 3075 ΞΑ
433 3021 552 3080 acuebat.
564 3054 599 3064 -
611 3024 672 3080 Plll:

228 3121 297 3179 qnae
326 3108 488 3164 uerecundia
515 3109 603 3184 legum
631 3131 673 3167 re·

225 3191 383 3266 stinguenda
407 3204 490 3255 ratus.
517 3195 583 3255 Pall.
602 3200 627 3256 1.
645 3201 672 3258 3.

228 3275 306 3336 Voss.
330 3299 358 3338 n.
383 3279 451 3341 Lov.
474 3285 501 3339 tl.
523 3283 572 3342 al:
604 3306 672 3362 quae

155 3382 159 3391 ’
228 3372 379 3424 reuerentia
390 3369 476 3444 legum
489 3372 674 3446 restringenda

226 3461 311 3512 sutus.
337 3484 372 3497 -
399 3454 439 3512 lll:
463 3477 515 3534 qua
537 3459 609 3515 intra
629 3460 674 3518 de-

228 3557 288 3596 cem
305 3560 391 3597 annos
408 3545 524 3601 eundem
539 3554 615 3608 cons.
633 3567 675 3605 re·

130 3676 136 3685 ,
225 3625 273 3684 fiet
290 3647 347 3684 non
364 3626 470 3691 luero.
496 3631 532 3689 P:
554 3635 615 3712 quia
634 3637 675 3692 in·

225 3721 267 3772 tra
286 3714 381 3775 decem
393 3738 478 3776 annos
490 3720 605 3777 eundem
618 3728 673 3781 coir.

225 3801 302 3860 retici
320 3824 375 3860 non
392 3804 483 3866 licere.
508 3807 552 3868 Cf.
571 3808 605 3866 de
623 3810 674 3866 hae

225 3887 285 3964 lege
310 3893 342 3959 7,
369 3894 673 3954 tentatationum

225 3973 254 4034 lr.
279 3975 298 4034 l.
324 3977 434 4048 docuit,
461 4002 523 4040 eum
545 3984 671 4041 Dulerus

224 4060 258 4118 ab
276 4066 357 4122 tertio
376 4067 412 4140 Q.
429 4067 508 4127 Fabii
530 4070 671 4130 consulatu

813 1897 865 1955 set,
882 1907 937 1944 non
955 1906 989 1941 ex
1000 1883 1119 1942 Liviana
1140 1901 1266 1939 annorum

813 1978 920 2031 ratione
942 1975 1044 2030 iustum
1070 1972 1172 2029 decem
1191 1988 1266 2025 anno·

814 2083 876 2120 rum
887 2081 1027 2118 numerum
1038 2058 1199 2116 absolutum
1210 2057 1266 2112 luie

815 2170 846 2208 se
864 2150 912 2206 sed
926 2169 958 2205 ex
971 2148 1062 2225 Capit.
1076 2147 1152 2215 last,
1170 2147 1219 2222 qui
1231 2147 1265 2199 in·

814 2246 857 2293 ter
879 2235 916 2296 Μ.
934 2236 1042 2292 Livium
1066 2234 1102 2292 Μ.
1122 2231 1267 2289 Aemilium

812 2333 843 2380 et
861 2323 896 2398 Q.
913 2323 1058 2401 Apuleium
1076 2320 1113 2381 Μ.
1129 2319 1266 2378 Valerium

815 2429 887 2471 coss.
899 2414 1037 2488 integrum
1059 2429 1165 2466 annum
1187 2411 1265 2464 inter·

813 2510 959 2574 ponerent:
980 2500 1013 2556 ol.
1030 2497 1091 2558 [dv.
1111 2501 1159 2567 10,
1177 2499 1203 2554 3.

745 2586 788 2644 10.
815 2588 872 2643 uix
899 2607 974 2662 proc
1003 2587 1132 2661 strepitu
1162 2583 1266 2640 audito

815 2675 869 2731 lex
895 2684 941 2730 est
964 2683 1001 2731 tr.
1025 2694 1052 2748 q.
1072 2674 1114 2747 pt.
1138 2671 1219 2728 nihil
1235 2670 1266 2725 id

816 2761 1008 2833 inpedimenti
1029 2759 1178 2830 suturam
1209 2759 1264 2812 oie·

816 2845 1043 2905 hannul-P:
1061 2854 1120 2912 „tc
1134 2867 1164 2922 q.
1178 2844 1216 2922 pl.
1230 2847 1264 2899 ni·

816 2932 856 2990 bil
875 2933 904 2990 id
927 2933 1121 3011 impedimento
1145 2933 1264 2991 futurum

815 3022 950 3096 egebant“
963 3021 1040 3090 (dies
1054 3020 1149 3078 werde
1162 3020 1266 3078 leines-

813 3128 905 3184 weges
928 3130 988 3166 zum
1006 3108 1189 3166 Hinderuisse
1212 3109 1266 3165 die·

813 3201 898 3266 nen):
924 3197 974 3253 sed
991 3198 1085 3254 eadem
1102 3217 1202 3254 manus
1222 3218 1266 3252 an·

814 3285 890 3359 tiqua
916 3287 1035 3341 restituit
1064 3284 1269 3358 impedimenti

816 3373 897 3443 „dies
915 3373 1009 3430 werde
1026 3372 1087 3429 lein
1102 3371 1267 3428 llinderniss

815 3460 959 3520 werdone
972 3491 1007 3503 -
1024 3460 1100 3517 Leid.
1114 3478 1131 3517 ι.
1152 3458 1200 3516 alt
1220 3480 1265 3513 an-

816 3546 873 3604 din
897 3557 938 3604 est
959 3547 1011 3607 lex.
1038 3578 1072 3590 -
1096 3547 1129 3602 ln
1146 3544 1226 3604 Leid.
1248 3566 1264 3604 r.

815 3631 896 3694 Voss.
910 3654 938 3694 11.
950 3635 1095 3711 multisque
1109 3633 1169 3691 aliis
1183 3633 1264 3691 codd.

814 3724 946 3801 seriptum
969 3733 1010 3779 est
1028 3723 1104 3791 „sed
1124 3721 1159 3778 ud
1176 3742 1264 3799 popu·

813 3807 870 3866 lum
888 3809 1024 3868 laturos“:
1053 3811 1086 3869 cl.
1106 3813 1138 3877 6,
1157 3812 1202 3868 tu.
1222 3810 1249 3865 Μ
1256 3833 1262 3864 :

812 3916 843 3954 se
860 3896 889 3953 id
907 3930 941 3940 -
959 3897 1074 3954 libenter
1092 3908 1208 3955 acturos.
1229 3898 1262 3952 P:

811 3985 867 4041 scd
878 3984 915 4043 id.
924 3987 950 4053 2,
960 3989 1004 4043 60.
1023 3985 1058 4040 P:
1071 4006 1101 4039 ea
1113 3989 1202 4042 omnis
1212 3989 1261 4040 mi-

773 4063 776 4069 ’
811 4071 855 4132 liti
867 4072 928 4130 data
941 4083 989 4130 est.
1007 4071 1048 4130 ld:
1061 4073 1213 4133 cadorunis.
1227 4071 1260 4128 al.
