2618 4590
100 281 104 292 .
180 228 224 297 26
315 286 320 303 ‚
402 261 410 283 ·
648 241 822 306 LIBERVL

181 407 288 485 lorum
308 404 450 495 legiones
472 425 580 471 caesas
602 416 726 474 taceam
748 444 792 457 -
814 410 913 479 modo
928 412 1114 503 trigesimae
1130 413 1282 485 victoriae

181 510 339 600 triplicem
364 508 559 599 triumphum
585 534 627 578 ex
654 511 691 579 iis
718 512 796 601 ipsis
819 514 946 584 Vulscis
974 527 1008 583 et
1028 515 1149 606 Aequis
1178 531 1212 586 et
1240 545 1283 590 ex

154 656 161 669 ι
181 615 306 683 Etruria
329 613 442 705 egistis.
464 639 520 680 ·an
541 639 604 700 me,
638 617 725 706 quod
746 641 812 685 non
835 620 970 688 dictator
991 620 1083 688 vobis
1105 621 1163 688 sed
1184 624 1282 692 tribu·

181 745 241 789 nus
263 722 386 810 signum
400 718 481 802 dedi,
502 743 569 787 non
582 722 749 810 agnoscitis
772 722 909 805 ducem?
930 750 1036 815 neque
1059 749 1119 815 ego
1141 727 1283 796 maxima

151 828 311 918 simperia
331 826 365 892 in
378 848 439 892 vos
454 824 598 892 desidero
615 837 648 892 et
660 850 720 894 vos
740 827 773 893 in
787 852 841 895 me
859 829 937 896 nihil
959 841 1085 920 praeter
1105 856 1158 898 me
1174 834 1283 922 ipsum

140 928 145 939 ¹
180 932 292 999 intueti
315 931 422 998 decet:
458 931 673 1020 nequeenim
694 932 848 1001 dictatura
875 935 954 1002 mihi
975 959 1130 1025 umquam
1156 938 1282 1007 animos

116 1115 121 1129 ⁶
179 1037 255 1105 lecit
275 1048 311 1103 ut
332 1060 373 1103 ne
396 1035 527 1101 exilium
549 1036 680 1126 quidem
701 1038 828 1106 ademit.
866 1040 953 1106 idem
974 1040 1068 1131 igitur
1094 1065 1207 1108 omnes
1231 1067 1281 1110 su·

178 1166 265 1226 mus,
293 1130 423 1208 etcum
445 1140 557 1206 eadem
577 1142 683 1209 omnia
704 1143 736 1209 in
757 1143 821 1211 hoc
843 1143 966 1211 bellum
993 1144 1172 1212 adferamus
1195 1171 1281 1236 quae

93 1293 97 1301 ·
178 1250 212 1315 in
234 1248 339 1338 priora
361 1244 532 1328 attulimus,
554 1246 692 1313 eundem
714 1259 865 1315 eventum
887 1248 963 1315 belli
986 1261 1206 1339 expectemus.
1240 1251 1278 1318 si

133 1353 248 1429 fflmul
269 1350 497 1434 concurreritis,
519 1349 606 1439 quod
629 1351 763 1443 quisque
786 1352 893 1422 didicit
915 1377 953 1421 ac
967 1355 1143 1439 cousuevit,
1165 1355 1278 1423 faciet:

177 1480 237 1525 vos
259 1456 401 1540 vincetis,
422 1455 469 1521 illi
490 1455 644 1545 lugient“.

264 1560 347 1629 Vlll.
391 1560 477 1627 Dato
499 1560 613 1628 deinde
634 1561 724 1651 signo
747 1584 788 1630 ex
810 1585 895 1653 equo
919 1561 1024 1628 desilit
1044 1573 1077 1630 et
1094 1563 1279 1654 proximum

178 1665 360 1755 signiferum
388 1689 485 1732 manu
513 1677 674 1757 arreptum
703 1690 814 1734 secum
840 1668 874 1732 in
901 1666 1029 1732 hostem
1056 1668 1140 1759 rapit
1174 1669 1279 1751 „infer

176 1771 294 1839 miles“
317 1771 482 1838 clamitans
504 1771 686 1859 „signurn“.
724 1771 889 1874 quodxubi
910 1770 1018 1838 videre
1041 1771 1147 1863 ipsum
1162 1771 1276 1839 Camil·

130 1881 165 1937 15
176 1878 245 1944 lum
265 1877 330 1944 iam
353 1875 393 1942 ad
420 1899 552 1942 munera
582 1875 723 1965 corporis
751 1888 880 1944 senecta
908 1874 1084 1943 invalidum
1106 1877 1278 1945 vadentem

91 2054 98 2067 .
174 1983 208 2048 in
235 1981 363 2064 hostes,
396 1991 587 2070 procurrunt
611 1980 728 2071 pariter
756 2004 869 2049 omnes
892 1982 1033 2048 clamore
1057 1981 1184 2048 sublato
1206 2005 1277 2065 „se

130 2171 140 2180 „
175 2111 273 2177 quere
301 2087 550 2175 imperatorem“
578 2109 637 2174 pro
665 2108 701 2151 se
730 2087 866 2177 quisque
894 2086 1079 2154 clamantes.
1124 2086 1277 2152 emissum

176 2192 272 2258 ctiam
293 2192 418 2280 signum
440 2189 567 2253 Camilli
594 2190 684 2254 iussu
704 2190 738 2255 in
759 2190 900 2257 hostium
928 2191 1031 2256 aciem
1053 2192 1159 2257 lerunt
1179 2191 1276 2281 idque

174 2306 212 2361 ut
232 2304 428 2383 repeteretur
450 2293 625 2358 concitatos
648 2293 886 2384 antesignanos:
920 2294 963 2360 ibi
985 2296 1125 2385 primum
1146 2295 1277 2385 pulsum

129 2405 165 2458 2⁰
175 2398 336 2466 Antiatem
361 2409 580 2486 terroremque
607 2422 673 2464 non
700 2398 733 2463 in
765 2398 901 2488 primum
930 2409 1055 2465 tantum
1088 2399 1190 2466 aciem
1219 2400 1293 2467 sed=

174 2504 271 2573 etiam
293 2503 333 2571 ad
354 2502 557 2570 subsidiarios
572 2502 741 2591 perlatum.
778 2527 839 2570 nec
855 2503 903 2573 vis
917 2514 1043 2571 tantum
1056 2505 1194 2573 militum
1209 2529 1276 2573 mo·

244 2705 313 2760 tium
325 2703 427 2758 animos
440 2701 571 2775 fregisset,
584 2720 633 2757 vos
647 2721 691 2756 me
763 2702 805 2760 15.
832 2701 892 2757 iam
903 2702 1076 2758 admonere
1085 2704 1220 2777 corporis
1231 2726 1275 2763 se·

246 2791 315 2847 duce
327 2790 591 2868 ›hostempicistis‘t
610 2819 645 2832 -
662 2787 691 2844 lll
830 2796 917 2843 necta
934 2790 1116 2846 inualidum.-
1133 2788 1191 2847 ΡΜ.
1214 2780 1217 2787 ’

243 2899 279 2937 m.
298 2881 322 2937 1.
341 2877 363 2933 P
385 2897 421 2932 m.
444 2878 483 2936 2:
505 2877 626 2952 triripln'e
650 2897 691 2933 ex
762 2879 804 2936 17.
831 2879 971 2933 emissum
988 2879 1077 2934 etiam
1093 2879 1231 2956 signum.-
1254 2877 1276 2934 Ρ

243 2968 281 3022 iis
300 2967 373 3038 ipsis
398 2967 516 3022 volscis.
547 2964 574 3020 Μ
595 2984 631 3023 m.
649 2967 689 3024 2:
830 2983 867 3022 m.
885 2965 911 3021 9.
929 2962 965 3022 lll.
987 2993 1024 3007 —-
1053 2962 1129 3022 Pm.
1149 2968 1188 3022 l.:
1211 2967 1276 3022 emi·

242 3051 353 3124 tritiphir
367 3042 426 3125 qud
440 3054 444 3120 Ι
460 3071 494 3104 ex
503 3059 553 3107 cet.
571 3051 593 3105 P
605 3072 640 3110 m.
652 3057 689 3110 1.:
831 3071 893 3106 eum
906 3059 957 3105 cet.
974 3049 995 3109 l.
1007 3050 1052 3111 Fr.
1065 3050 1149 3110 Gron.
1161 3051 1277 3109 malebat

243 3157 277 3193 ex
294 3137 348 3192 lriis
366 3138 441 3210 ipsis.
454 3168 488 3177 —
505 3136 532 3192 M
550 3156 585 3194 m.
605 3139 642 3194 1.:
662 3146 689 3191 et
829 3139 962 3196 missum.
976 3170 1008 3181 -
1028 3138 1050 3195 P
1068 3161 1104 3199 m.
1123 3145 1162 3198 1.=
1180 3143 1209 3196 in
1227 3141 1275 3196 ho·

151 3244 164 3285 r
244 3245 277 3280 ex
301 3224 446 3281 aetruriae.
457 3224 558 3298 egistis.
588 3242 624 3281 m.
647 3226 687 3282 22
759 3236 772 3297 J
828 3233 898 3281 stem
917 3227 1000 3280 aciem
1024 3226 1113 3282 lerunt
1134 3227 1216 3302 idque
1234 3247 1275 3283 re·

241 3313 365 3371 aetrurio.
828 3321 972 3389 peteretur.
998 3332 1034 3370 m.
1060 3316 1085 3372 2.
1113 3316 1230 3370 restituit
1248 3325 1276 3372 et

187 3426 215 3483 fi.
240 3415 423 3500 nequeenim
437 3421 600 3511 dictpturo:
611 3421 686 3481 P.-
828 3399 958 3502 llffusn
976 3409 1003 3454 el
1021 3407 1061 3457 ¹⁴5·
1172 3458 1177 3468 ,

239 3511 279 3566 ll:
293 3524 383 3586 neque
401 3509 542 3568 dictatura.
560 3540 594 3551 -
612 3507 687 3568 Mm.
759 3487 802 3544 19·
829 3487 869 3540 'b‘
889 3505 1016 3558 immam
1034 3488 1154 3559 11¹¹le
1170 3488 1276 3546 Ᾰπίίῦ·

242 3599 281 3655 1.:
305 3607 336 3653 ut
354 3617 391 3652 m,
415 3599 540 3653 exilium
559 3598 686 3673 quidem·
827 3580 886 3626 tem
895 3580 1096 3650 terroremque
1107 3595 1167 3630 non
1178 3577 1208 3630 ire
1215 3578 1276 3649 pri·

170 3660 173 3665 ’
239 3703 275 3741 m·
294 3685 335 3741 2⁸²
354 3693 387 3737 ap
403 3704 439 3739 ne
458 3694 509 3742 εει.
826 3663 1277 3720 mamtantumaciemsedetiam

247 3794 253 3809 .
344 3793 350 3809 .
376 3794 382 3809 .
510 3802 517 3811 ,
827 3746 871 3802 ad
891 3748 1090 3805 subsidiarios
1108 3734 1276 3824 perlatum:

187 3797 215 3853 7.
242 3793 320 3849 edem
339 3801 430 3870 agitur
448 3814 548 3854 omnes
567 3815 685 3855 sumus.-
825 3831 885 3891 PM·
911 3867 945 3877 —
968 3834 1049 3893 Rem.
1068 3837 1176 3912 quidam
1195 3836 1275 3895 codd·

142 3980 144 3987 p
238 3879 298 3954 ΡΜ]
317 3879 400 3937 iidem
418 3891 468 3939 cet·
517 3958 526 3967 ⁴-
826 3929 854 3976 et
865 3961 881 3988 „
891 3922 929 3978 ibi
941 3924 1057 4000 primum
1069 3924 1204 3980 Antiatem
1216 3921 1275 4000 pul·

169 3997 212 4063 11.
238 4023 279 4062 ex
295 4022 372 4080 equo
391 4004 508 4061 desilit:
526 4003 562 4063 Ill.
589 4035 623 4047 -
650 4005 684 4062 P:
728 4020 732 4025 ·
826 4013 910 4064 sum“
933 4004 960 4064 et
982 4009 1054 4077 „sed
1079 4010 1113 4066 ed
1141 4009 1275 4068 subsidia-

238 4111 272 4153 ex
288 4110 359 4168 equo
381 4091 498 4151 oonsilit.
623 4132 630 4149 ·,
793 4124 797 4141 ι
823 4095 914 4153 rios“.
