2618 4590
174 63 203 121 X

176 200 449 328 discrepantiam
473 248 554 329 oum
569 218 732 298 Parisino
748 204 990 323 Mediceoque
1009 223 1101 305 libro
1124 168 1303 335 dilige

176 357 233 423 ter
263 373 305 421 ac
334 344 446 423 libere
476 343 763 446 comparaverint
803 370 885 417 nam
915 346 1097 445 quemad
1127 357 1285 437 eloah

176 468 236 575 ilie
260 490 473 558 consensus,
498 467 559 568 qui
583 468 652 544 iam
677 465 795 566 priore
819 465 997 544 volumine
1021 469 1058 541 in
1081 468 1216 546 Harlei
1225 508 1270 552 :11

122 666 125 679 ,
178 601 216 665 et
244 588 416 664 Leidensi
445 599 482 664 et
510 589 548 662 in
576 587 673 668 vitiis
706 596 744 662 et
778 585 816 660 in
852 589 1042 666 virtutibus
1074 590 1244 692 deprelre
1266 639 1289 670 ι

175 711 312 787 dendus
339 720 424 800 erat,
450 735 526 810 quo
546 711 658 811 magis
684 706 850 784 adfinem
870 711 1074 787 tenderetur
1098 738 1141 787 eo
1159 714 1302 797 maio

173 832 250 906 fieri
282 830 487 921 videbatur,
523 830 573 906 ita
601 858 675 906 non
704 828 811 905 modo
842 830 1032 909 Leidensis
1064 834 1130 909 sed
1164 834 1232 909 etia
1275 883 1295 915 .

172 952 384 1041 Harleianus
414 954 527 1055 magis
556 955 741 1056 magisque
771 954 815 1026 ab
846 948 916 1028 illis'
949 954 1200 1055 integrioribus
1230 957 1291 1034 li-

53 1132 56 1138 .
172 1076 247 1150 bris
273 1075 490 1152 aberrarunt.
531 1101 577 1150 ne
600 1087 722 1153 tamen
745 1100 830 1153 vera
853 1074 959 1151 huius
984 1074 1069 1150 libri·
1090 1075 1271 1150 Harleiam'

170 1197 285 1272 virtus
322 1222 404 1272 nos·
427 1196 579 1286 falleret,
622 1197 672 1272 ita
707 1198 744 1272 in
781 1196 839 1273 his
876 1195 1005 1271 studiis
1039 1198 1182 1272 versati·
1211 1224 1270 1272 su-

172 1346 267 1410 mus,
298 1329 339 1393 ut
362 1318 473 1397 veluti
498 1316 544 1392 de
567 1318 707 1422 integro
739 1328 813 1395 tota
836 1343 896 1393 res
925 1317 1022 1393 nulla
1041 1331 1271 1420 praesumpta

172 1441 339 1542 opinione
357 1440 586 1514 examinanda
602 1442 792 1532 videretur,
817 1450 855 1522 et
872 1467 1085 1541 quamquam
1109 1439 1269 1540 plurimis

171 1563 262 1645 locis
287 1589 368 1637 eum
392 1573 434 1637 ut
458 1563 636 1663 expectari
660 1572 803 1662 poterat
827 1563 870 1636 ab
895 1562 965 1638 iliis
982 1561 1122 1637 duobus
1140 1563 1270 1637 codici-

45 1762 50 1785 ,
171 1685 241 1760 bus
257 1669 330 1760 non
350 1682 619 1760 dissentientem
634 1684 852 1776 videbamus,
870 1693 1060 1759 tamentot·
1072 1683 1171 1758 locos
1188 1681 1270 1785 pes-

170 1805 262 1880 sime
285 1800 473 1907 corruptos
499 1816 536 1881 et
559 1805 741 1881 mutibtos
772 1807 989 1897 invenimus,
1020 1815 1061 1881 ut
1090 1806 1181 1879 nihii
1202 1833 1268 1881 nos

167 1929 296 2031 prioris
321 1929 445 2003 iudicii
466 1929 673 2028 paeniteret.
715 1928 810 2002 idem
841 1953 954 2028 prope
979 1926 1050 2002 dici
1077 1937 1199 2028 potest
1223 1928 1269 2004 de
1292 1988 1295 1993 ,

167 2048 316 2149 reliquis
340 2049 439 2123 libris
466 2075 618 2149 quorum
641 2049 682 2122 in·
710 2047 829 2149 priore
853 2048 1033 2126 volumine
1062 2050 1195 2124 mentio
1220 2050 1270 2123 s-

169 2179 226 2244 cta
252 2180 323 2246 est:
350 2180 483 2271 quanto
507 2170 616 2271 igitur
631 2154 764 2245 maiore
779 2196 849 2245 nos
865 2170 993 2272 gaudio
1012 2170 1102 2245 affiei
1118 2197 1269 2246 necesse

168 2302 259 2381 erat,
293 2293 391 2392 quod
416 2318 488 2393 quo
513 2290 710 2371 deteriores
736 2302 774 2367 et
797 2291 948 2367 Palatini
979 2303 1016 2367 et
1040 2282 1292 2368 Drakenbor-‘

168 2412 285 2487 chiani
310 2414 452 2489 codices
476 2414 555 2488 beri
578 2413 795 2505 viderentur,
820 2439 864 2489 eo
889 2414 1133 2516 castigatiores
1159 2425 1268 2515 atque

168 2535 379 2637 integriores
409 2535 491 2611 libri
514 2535 702 2615 Mediceus
734 2546 772 2612 et
799 2523 983 2612 Parisinus
1013 2537 1266 2614 invenirentur.

167 2684 247 2732 nam
273 2684 353 2733 com
378 2659 556 2760 prioribus
581 2658 687 2734 buius
713 2656 871 2734 decadis·
884 2658 1042 2759 partibus
1069 2685 1116 2732 ne
1141 2658 1185 2730 ab
1209 2656 1266 2732 his

168 2778 310 2878 quidem
335 2780 434 2855 libris
461 2781 718 2856 emendatrices
743 2806 868 2855 manus
893 2779 1100 2856 viderentur
1125 2779 1267 2869 afuisse,

165 2900 234 2976 bac
269 2902 469 3004 posteriore
506 2913 608 3002 parte
637 2902 801 2978 librarios
829 2901 942 2975 mutto
972 2900 1104 2973 maiore
1133 2902 1266 2976 veteris

166 3023 351 3124 scriptoris
381 3023 596 3129 verecundia
629 3022 747 3098 officio
778 3049 848 3098 suo
876 3022 1016 3096 functos
1048 3020 1265 3114 videbamus,

165 3154 205 3218 ut
230 3145 342 3220 oratio
368 3146 513 3246 antiqua
538 3172 611 3221 non
635 3146 743 3220 modo
761 3170 835 3218 non
854 3144 1065 3218 obrueretur
1081 3130 1263 3221 inutilibus

166 3267 390 3356 coniecturis,
416 3269 578 3343 sedeam
602 3268 640 3341 in
653 3266 810 3367 antiquis
833 3263 1092 3365 exemplaribus
1104 3265 1263 3368 legendis

36 3390 62 3431 Γ
137 3386 213 3483 ¹illi
237 3387 306 3461 iam
330 3389 447 3463 minus
473 3386 690 3464 difficuitati's
719 3386 910 3477 haberent,
944 3395 987 3460 ut
1017 3385 1124 3461 etiam
1151 3387 1263 3462 multo

160 3509 275 3584 rarius
310 3509 379 3585 illis
412 3538 507 3610 quae
539 3520 595 3586 tot
625 3494 875 3586 inveneramus
908 3507 1047 3584 mendis
1077 3519 1262 3583 erraretur.

159 3657 241 3704 nam
268 3631 425 3732 quodie
452 3631 618 3706 Mediceo
642 3629 734 3704 libro
764 3629 822 3705 bis
854 3628 1014 3731 quinque
1044 3630 1142 3705 libris
1167 3630 1262 3704 baud

117 3822 119 3832 .
159 3754 265 3851 pauci
293 3753 364 3828 ioei
393 3754 640 3843 inveniuntur,
672 3752 802 3852 quibus
834 3775 952 3826 rerum
984 3760 1189 3850 argumenta
1217 3752 1260 3826 ab

160 3873 268 3975 docto
292 3871 448 3975 quodam
472 3873 616 3948 homine
649 3872 787 3947 adiecta
817 3871 905 3962 sint,
935 3870 1037 3947 euius
1067 3872 1119 3947 rei
1144 3898 1261 3949 exem·
1294 3874 1297 3880 ’
