2618 4590
517 220 627 293 snas
643 230 723 294 nn·
911 283 918 293 .
1102 218 1168 289 393

66 392 171 482 pitum
197 411 264 464 v'ox
290 405 324 462 et
344 394 522 486 indignatio
548 394 628 462 Fabi
656 393 741 462 senis
767 393 958 484 increpantis
985 396 1166 496 superbiam
1278 434 1281 445 ·

66 499 350 589 crudelitatemque
372 500 492 591 Papiri:
515 524 550 568 se
572 522 703 600 quoque
725 498 912 567 dictatorem
923 500 1045 569 Romae
1067 488 1165 570 loisis
1187 518 1192 522 “

56 624 128 679 ,nee
150 627 226 671 ase
248 628 445 695 quemquam
465 629 508 674 ne
529 604 631 695 plebis
659 603 790 693 quidem
815 603 981 672 hominem
1005 629 1071 673 non
1088 610 1164 681 ,cen-

64 706 227 774 turionem
248 733 314 775 non
336 709 470 778 militem
490 709 661 777 violatum:
683 709 844 799 Papirium
858 720 1024 799 tamquam
1045 733 1088 777 ex
1107 710 1163 777 ho·

15 880 27 905 Ι
64 809 163 876 stium
185 812 318 880 ducibus
340 814 387 882 sie
409 840 450 882 ex
465 815 616 882 Romano-
624 815 816 904 imperatore
831 813 996 881 victoriam
1011 824 1044 881 et
1057 813 1164 895 triuma
1181 836 1209 915 ⁶¹

62 913 167 1002 phum
187 929 308 1007 petere.
345 930 505 1009 quantum·
525 921 678 988 interesse
700 919 787 985 'inter
807 919 1060 986 moderationem
1085 918 1166 987 anti·

64 1042 204 1106 quorum
227 1035 260 1092 et
283 1032 416 1090 novam
429 1025 612 1116 superbiam
639 1023 939 1113 crudelitatemques
979 1023 1166 1091 dictatorem

63 1121 251 1205 Quinctium
272 1127 495 1197 Cincinnatum
508 1129 549 1197 in
569 1128 607 1195 L.
629 1127 807 1195 Minucium
828 1128 996 1195 consulem
1018 1151 1060 1194 ex
1078 1127 1166 1212 obsi-

62 1224 206 1317 dionepa
234 1254 270 1299 se
298 1245 445 1325 ereptum
473 1257 540 1304 non
565 1232 649 1300 ultra
677 1232 818 1304 saevisse
845 1257 944 1325 quam
964 1243 1002 1301 ut
1022 1232 1165 1328 legatum
1281 1307 1290 1318 ,

63 1353 140 1397 eum
162 1336 203 1405 ad
225 1338 401 1408 exereitum
421 1362 481 1430 pro
503 1337 636 1405 consule
656 1336 865 1428 relinqueret:
890 1335 936 1406 M.
958 1336 1090 1404 Furium
1107 1336 1215 1413 (la-10

61 1435 189 1506 millum
209 1439 243 1508 in
264 1440 301 1510 L.
323 1442 430 1527 Furio,
452 1441 508 1533 qui
530 1452 713 1531 contempta
735 1466 794 1508 sua
815 1453 980 1509 senectute
1003 1455 1037 1510 et
1058 1453 1165 1515 aucto.
1202 1528 1205 1537 1

57 1538 154 1608 ‘ritate
177 1543 361 1614 foedissimo
384 1572 460 1616 cum
482 1557 599 1614 eventu
613 1558 793 1638 pugnasset,
814 1570 881 1614 non
902 1546 1009 1614 solum
1029 1547 1062 1613 in
1077 1571 1168 1637 prae·
1190 1566 1193 1573 ’

60 1646 165 1712 sentia
182 1649 390 1731 'mpderatum
416 1651 482 1718 irae
511 1674 582 1719 esse
611 1676 652 1719 ne
681 1651 758 1742 quid
786 1651 826 1718 de
850 1650 973 1741 collega
994 1674 1087 1718 secus
1110 1675 1166 1741 po-

62 1749 143 1839 pulo
167 1764 223 1824 ont
244 1755 369 1828 senatui
390 1756 556 1841 scriberet,
586 1757 644 1824 sed
666 1779 741 1823 cum
762 1756 945 1822 revertisset
965 1754 1167 1846 potissimum

62 1877 107 1921 ex
128 1854 262 1926 tribunis
285 1859 506 1939 consularibus
521 1859 677 1928 ‘habuisse
700 1883 798 1950 quem
821 1883 861 1926 ex
884 1860 1015 1950 collegis
1037 1859 1167 1950 optione
1181 1876 1215 1933 15

62 1958 105 2026 ab
133 1973 247 2033 senatu
268 1963 341 2035 data
368 1965 494 2063 socium
520 1965 582 2037 sibi
607 1964 731 2056 imperii
759 1963 920 2058 deligeret.
956 1988 1032 2031 nam
1057 1962 1169 2054 populi

121 2164 171 2210 'm
190 2154 228 2213 1.:
246 2154 403 2234 strepidum.
421 2187 455 2201 ·-
474 2155 511 2214 P:
529 2155 584 2220 taut

135 2241 218 2300 senis.
236 2272 270 2285 -
288 2240 351 2300 Pbl:
368 2246 467 2323 papiri.

82 2328 110 2385 3.
136 2346 191 2388 nee
207 2348 227 2384 o
248 2350 282 2386 se
305 2351 499 2410 quemquam:
524 2331 583 2396 ΡΜ,

725 2165 855 2234 ereptum.
874 2185 908 2196 --
926 2153 1004 2215 Leid.
1017 2175 1036 2214 r.
1048 2153 1095 2213 als
1112 2173 1168 2214 non

660 2242 662 2249 ’
725 2243 796 2300 ultra
821 2244 962 2304 secuisset.
988 2275 1023 2286 -
1051 2240 1092 2300 tt:
1106 2261 1168 2320 pro

677 2329 680 2334 ’
726 2320 804 2389 cons'.
822 2329 993 2410 relinqueret.
1015 2330 1051 2389 P:
1068 2334 1169 2437 pounb.

137 2446 172 2462 -ν-
197 2413 238 2476 ll:
265 2437 322 2486 ‚sue
347 2417 451 2496 plebeis
474 2421 582 2503 quidem

136 2501 274 2566 hominem
308 2525 363 2568 nou
400 2511 583 2572 centurionem

138 2608 193 2653 non
211 2589 323 2648 militem
335 2592 501 2660 uiolatum“;
519 2595 546 2654 h.
559 2614 584 2654 e.

139 2675 183 2739 vel
202 2679 301 2752 plebei
316 2678 359 2739 vel
377 2683 482 2754 plebis.
504 2713 538 2724 -
562 2681 584 2739 P

36 2820 39 2829 Α
138 2765 226 2826 m.1.:
245 2784 295 2820 nee
311 2764 398 2840 plebis
417 2768 525 2851 quidem
535 2768 584 2824 ho·

61 2840 66 2859 ¹
140 2851 239 2913 minem
252 2870 306 2908 non
320 2853 348 2914 in
361 2857 516 2918 centurione
531 2876 586 2912 non

107 2992 111 3009 ι
141 2930 226 3001 milite
246 2932 384 3004 uioletrim.
413 2962 449 3002 m.
467 2944 507 3002 ‘dt
531 2963 586 3005 non

141 3027 298 3084 centurione
316 3049 371 3084 non
389 3028 484 3089 milite·

86 3113 115 3168 6.
144 3121 287 3187 quantum
309 3117 453 3176 interesse
470 3118 590 3183 restituit

143 3196 164 3262 Ι,
173 3196 195 3253 F
196 3218 219 3265 r.,
229 3199 391 3269 Gronovius,
402 3225 461 3267 cum
471 3208 500 3271 in
510 3204 589 3269 codd,

145 3287 281 3362 suscriptis
307 3292 470 3355 inveniretur
498 3313 590 3371 quan·

145 3381 209 3434 tum
238 3375 400 3437 sperasset.
441 3382 592 3437 sexcenties

146 3462 217 3529 enim
236 3462 272 3517 ita
291 3472 320 3520 et
341 3475 420 3540 etque
441 3487 458 3523 e
481 3466 591 3523 confusa

145 3546 219 3606 sunt.
260 3580 294 3598 -v
340 3551 402 3608 PM:
439 3554 591 3613 interesse.

148 3633 225 3694 Leid.
242 3655 276 3695 nr
295 3638 413 3698 interest.
437 3671 471 3683 -
495 3639 531 3697 P:
552 3640 592 3697 di-

724 2424 895 2504 rellnqueret,

655 2557 699 2621 12.
724 2578 784 2620 uun
813 2560 912 2622 sulum
942 2559 973 2623 in
999 2559 1173 2633 praeseutia

725 2646 910 2709 moderatum
920 2647 985 2702 irae
997 2666 1081 2708 esse.-
1093 2644 1123 2706 P.
1136 2676 1172 2688 -·

726 2729 767 2786 M:
787 2731 954 2795 moderatum
971 2752 1037 2808 prae
1054 2752 1122 2791 esse.
1137 2765 1172 2805 ·.·
1262 2780 1265 2787 .
1298 2770 1301 2781 ·

728 2816 789 2880 l’lll:
809 2839 865 2886 „ne
883 2818 949 2894 quid
968 2819 1002 2876 de
1014 2817 1114 2893 college
1131 2839 1173 2875 se-

730 2923 778 2963 cus
796 2904 896 2982 populo
920 2914 966 2961 aut
986 2907 1091 2962 senatui
1107 2909 1174 2964 scri·

729 2991 835 3051 beret“.
854 2994 987 3059 neminem
999 2991 1105 3071 fugerit,
1116 2993 1143 3052 h.
1155 2992 1174 3049 l.

729 3089 784 3138 out
804 3082 935 3162 seriptum
962 3100 1017 3144 non
1043 3099 1103 3136 esse
1123 3099 1174 3159 pro
1237 3160 1241 3171 Ι

730 3177 830 3243 atque.
850 3200 882 3213 ·-
901 3168 935 3233 P;
953 3169 1124 3247 potissimum
1142 3186 1176 3225 ex

732 3256 847 3317 tribunis
866 3255 1052 3319 consularibus
1069 3253 1175 3316 habuis-

732 3355 784 3404 stc.
820 3341 861 3399 M:
898 3342 1032 3399 habuisse.
1069 3372 1103 3382 -
1140 3338 1176 3402 P:

733 3414 1178 3492 obtioneabsenatudata.lisele:

734 3512 855 3572 obitiens
873 3516 906 3578 ab
923 3525 1018 3580 senatu
1035 3516 1108 3584 dau.
1137 3515 1178 3597 lla

734 3605 843 3663 sotium.
1090 3604 1092 3609 '
1245 3610 1247 3615 ‘

151 3732 278 3780 statorem
303 3727 436 3800 quintium
459 3730 594 3792 cinciana·
666 3733 710 3792 16.
736 3733 895 3813 deligeret:
918 3734 999 3797 Voss.
1015 3756 1043 3797 u.
1068 3734 1136 3794 bor.
1155 3735 1181 3794 t.
1283 3742 1289 3748 '

113 3835 116 3840 ·
152 3819 217 3870 tum.
234 3811 276 3867 tl:
290 3812 448 3872 dictatorem
461 3818 595 3893 quintium
663 3831 665 3835 ’

153 3900 323 3959 cicinnatum.
341 3899 386 3968 cf,
396 3905 422 3969 3,
435 3904 479 3964 29.
489 3935 523 3952 --
535 3902 597 3962 Ptlz

153 3984 182 4038 in
201 3984 219 4043 l.
236 3989 377 4044 minutium
400 3996 456 4050 eos.
474 4011 507 4048 ex
525 3991 596 4048 obsi·

154 4069 236 4128 dione
253 4094 269 4129 a
286 4086 458 4156 seareptum.
470 4077 499 4134 Ρ
508 4099 544 4140 m.
555 4082 602 4139 22·
620 4140 625 4158 ¹

737 3819 867 3898 multique
884 3822 930 3881 ulii
942 3845 1011 3883 rece.
1023 3823 1119 3895 codd]
1135 3821 1181 3880 do·

737 3907 832 3982 legerit
848 3909 887 3981 (P
904 3931 940 3970 m.
958 3913 1010 3981 2).
1021 3910 1091 3966 -P
1107 3911 1181 3969 m.-.t.

738 3994 766 4051 ttl
788 4016 823 4055 m.
852 4001 889 4056 1.:
914 3996 1045 4074 deligerit.
1072 3995 1150 4056 lseid.
1164 4015 1182 4056 ι.

708 4105 710 4110 ’
739 4081 789 4142 ab:
807 4083 948 4160 delegerat.
975 4119 977 4123 >
1004 4118 1006 4123 .
1083 4116 1086 4121 ·
1116 4095 1123 4109 “

1162 4204 1174 4239 b
