2618 4590
161 241 229 315 too
414 246 426 261 ·
504 212 506 217 ’
609 251 807 319 urrunnu.

52 436 57 465 ⁸
166 420 209 490 ita
230 421 363 491 inritatis
385 421 522 490 militum
543 421 656 491 animis
678 417 815 487 subdere
837 416 944 506 ignem
966 437 1004 482 ac
1031 413 1201 481 materiam
1222 435 1263 481 se
1305 446 1307 507 q

50 578 52 585 -
162 524 273 595 ditioni
295 549 361 594 non
384 550 455 596 esse
478 528 590 596 aetatis
619 551 684 594 non
715 521 900 619 prudentiae
931 519 1014 589 eius:
1051 513 1264 623 neminemid
1302 558 1307 569 ·

163 628 205 717 Q.
226 630 326 701 Fabio
348 655 488 725 poenam
514 631 697 724 deprecanti
724 650 817 696 suam
843 624 919 693 vitio
933 647 1110 693 ‘versurum
1138 623 1199 690 sed
1226 621 1264 690 di
1306 714 1307 720 ἵ

163 736 285 820 etatori,
306 737 333 805 ai
357 749 545 806 occaecatus
568 738 613 804 ira
636 736 784 804 intestam
805 728 1042 799 multitudinem
1059 728 1146 797 inse
1170 752 1263 819 pravo

17 859 22 869 ·
132 841 334 911 tcertamine
357 842 527 911 movisset:
550 852 715 933 postremo
738 860 779 904 ne
800 837 833 904 id
855 860 891 903 se
914 834 1032 925 gratiae
1055 835 1131 901 dare
1157 832 1199 920 Q.
1213 834 1264 901 Fa

162 941 205 1009 bii
227 947 381 1029 crederet,
404 969 440 1014 se
455 946 504 1014 ius
521 945 690 1015 iurandum
705 943 779 1010 dare
797 952 925 1032 paratos
949 963 1020 1007 csse
1042 962 1110 1008 non
1131 937 1264 1006 viderie

161 1049 345 1138 republica
368 1051 401 1119 in
424 1051 465 1136 Q.
488 1049 624 1145 Fabium
646 1071 685 1116 eo
708 1059 852 1138 tempore
876 1044 1095 1113 animadverti.

249 1153 397 1223 XXXIII.
443 1154 501 1221 His
524 1153 657 1222 vocibus
680 1176 755 1220 cum
783 1151 817 1218 in
845 1175 880 1220 se
908 1149 1009 1240 magis
1037 1148 1208 1215 incitarent
1228 1146 1266 1217 di

162 1264 318 1327 ctatorem
340 1281 439 1350 quarn
460 1258 611 1349 magistro
636 1257 780 1347 equitum
802 1257 979 1348 placarent,
1004 1254 1082 1323 iussi
1112 1253 1153 1321 de
1177 1252 1266 1320 tribu·
1306 1271 1307 1279 ¹

116 1360 232 1435 tondi
248 1363 443 1431 descendere
464 1362 570 1454 legati,
591 1373 624 1429 et
638 1360 764 1428 silentio
783 1363 979 1453 nequiquam
1000 1383 1059 1449 per
1074 1381 1267 1448 praeconem

162 1473 319 1555 temptato
343 1492 418 1536 cum
439 1491 517 1563 prae
538 1465 673 1557 strepitu
702 1489 740 1533 ac
768 1467 908 1534 tumultu
930 1488 990 1533 nec
1018 1464 1118 1554 ipsius
1142 1464 1268 1532 dictato·

52 1654 57 1665 ἱ
161 1566 205 1640 tit
228 1591 290 1637 nec
312 1573 529 1666 apparitorum
551 1571 619 1640 eius
642 1595 709 1639 vox
732 1571 903 1654 audiretur,
925 1593 991 1637 nox
1013 1568 1160 1636 velutin
1183 1590 1268 1658 proe

160 1670 205 1740 lio
228 1677 393 1748 certamini
414 1677 513 1747 linem
533 1677 619 1749 lecit.
659 1675 811 1768 magister
834 1675 976 1765 equitum
1006 1672 1113 1740 iussus
1139 1683 1268 1763 postero

162 1774 212 1844 die
234 1780 357 1864 adesse,
380 1805 455 1850 cum
478 1805 591 1851 omues
614 1781 817 1848 adfirmarent
837 1777 981 1846 infestius
996 1777 1161 1868 Papirium
1184 1802 1269 1845 exar-

114 1896 272 1954 arsurum
294 1886 448 1976 agitatum
471 1886 684 1955 conventione
706 1885 775 1976 ipsa
799 1882 1100 1973 exacerbatumque‚
1123 1882 1209 1949 clam
1231 1906 1269 1949 ex

162 1987 272 2055 caenis
296 1987 436 2059 Romam
458 1990 608 2081 profugit,
631 2002 664 2058 et
685 2001 775 2081 patre
800 1999 929 2056 auctore
952 1986 997 2054 M.
1013 1987 1123 2076 Fabio,
1147 1987 1204 2077 qui
1225 1997 1270 2055 ter

160 2088 225 2159 inu
246 2095 360 2164 consul
383 2095 582 2188 dictatorque
605 2095 718 2179 iuerat,
739 2103 856 2165 vocato
880 2092 1043 2186 extemplo
1059 2103 1174 2164 senatu
1197 2116 1269 2161 cum

179 2267 206 2326 2.
234 2288 295 2331 non
313 2289 380 2326 eree
402 2271 511 2330 aetatis
534 2289 594 2326 non
611 2288 681 2343 pru·
826 2288 862 2328 m.
885 2269 910 2327 2.
929 2267 971 2325 tt:
996 2268 1064 2327 inrui
1087 2266 1122 2325 de
1144 2265 1270 2325 tribunali

232 2353 353 2413 dentiae
370 2358 451 2413 eiua:
471 2356 501 2414 P.
514 2387 547 2399 -
565 2355 607 2413 ll:
627 2375 682 2416 non
827 2355 991 2414 descendere
1020 2355 1109 2430 legati.
1157 2352 1231 2412 Harl.
1254 2373 1271 2409 1.

234 2458 294 2495 erre
307 2443 402 2496 aetalia
415 2446 433 2497 ri
444 2442 586 2518 prudentie
599 2448 636 2500 ei.
646 2474 681 2486 -
823 2442 900 2504 Leid.
919 2464 936 2502 1.
955 2443 1005 2503 el:
1024 2443 1058 2501 de
1076 2442 1278 2509 tribunatibus.

230 2522 681 2587 ldm1.=uitiouenunm.m.t.:
753 2533 796 2592 10.
824 2540 854 2588 et
876 2532 993 2591 cilentio
1016 2533 1200 2607 nequiquam
1219 2547 1272 2606 per

231 2632 379 2674 uersurum.
396 2647 429 2663 ··-
449 2615 512 2673 Plll:
532 2624 680 2674 occuratur.
820 2637 997 2694 praeconem
1026 2626 1167 2693 temptato
1196 2635 1271 2692 prae

179 2700 207 2759 5.
232 2709 384 2777 postremo
403 2723 440 2759 ne
458 2703 492 2759 id
509 2723 542 2760 ee
561 2705 681 2782 gratioe
823 2707 950 2778 strepitu
969 2703 1020 2771 (Pr
1045 2703 1213 2783 putrepitu)
1234 2723 1269 2758 ae

172 2790 174 2795 ’
231 2786 308 2846 dare
326 2788 447 2865 nsueti
457 2791 607 2849 erederet:
625 2789 681 2851 ΡΜ.
822 2794 966 2849 tumultu:
985 2791 1041 2852 ΡΜ.
1056 2821 1088 2832 -
1108 2791 1184 2847 Cum
1202 2790 1271 2846 exci-

229 2903 266 2920 ·-
280 2871 353 2956 Lor.
371 2878 398 2935 t.
417 2875 465 2937 al.:
485 2876 515 2937 id
532 2898 563 2935 se
580 2880 682 2955 gratiae
824 2878 989 2955 dit·quoque
1001 2881 1030 2934 iu
1042 2876 1115 2935 llari.
1130 2896 1148 2934 r.
1161 2876 1240 2935 Leid.
1251 2896 1270 2936 1.

134 2987 137 2998 .
231 2961 296 3018 dare
309 2984 335 3042 q.
347 2961 428 3022 labio.
443 2964 563 3029 -llarl
578 2985 682 3040 tagra·
823 2965 903 3024 Voss.
922 2986 949 3026 u.
968 2964 1036 3026 Lov.
1054 2971 1080 3025 l.
1097 2961 1130 3027 al.

229 3049 283 3105 tiae
306 3049 383 3106 daret
407 3050 481 3107 fabii.
504 3084 537 3099 -
565 3051 605 3109 Pi
626 3073 681 3109 non
752 3056 796 3119 15.
822 3056 967 3137 agitatum
990 3051 1181 3111 conuentione
1205 3051 1274 3126 ipro

231 3134 319 3192 uideri
337 3155 353 3191 e
371 3143 434 3215 repe
446 3139 476 3193 in
494 3159 520 3217 q.
534 3138 634 3196 fabium
647 3159 680 3195 eo
822 3135 1166 3216 exacerbatumquerl'lll
1175 3135 1271 3197 llarlr.

229 3231 351 3300 tempore
377 3224 563 3286 animaduerti.
599 3225 626 3282 Μ
654 3236 681 3284 et
820 3225 899 3286 Leid.
921 3247 940 3287 1.
965 3226 1032 3289 Pell.
1059 3222 1111 3295 al]
1145 3225 1272 3300 agitatum

229 3308 366 3369 Drakenb.
378 3311 471 3371 codd:
484 3314 513 3368 in
525 3312 636 3373 labium.
645 3344 680 3360 -
822 3317 996 3371 contentione
1008 3317 1067 3393 ipsa
1077 3321 1128 3375 oet.
1139 3341 1175 3355 -
1187 3309 1270 3382 „Anf-

229 3393 309 3457 von.
327 3417 360 3457 ιι.
374 3396 424 3458 al.:
446 3419 502 3456 uon
528 3399 616 3460 uideri
635 3419 680 3458 ex·
821 3411 914 3478 geregt
941 3401 997 3460 und
1024 3401 1149 3458 erbittert
1173 3397 1270 3475 genade

229 3483 324 3560 pedire
341 3484 515 3562 reipublicae.
702 3494 705 3498 '
777 3501 779 3513 ·
820 3490 888 3546 tiber
912 3489 986 3546 dieue
1008 3483 1269 3564 gemeiusamedul·

59 3591 62 3595 ·
175 3571 202 3631 9.
230 3575 678 3654 quammogirtroequitumplu·
820 3575 938 3652 lelrnuug
955 3575 1030 3633 Aller
1047 3594 1131 3650 gegen
1150 3574 1230 3634 ilrn“.

87 3680 97 3692 .
227 3670 344 3718 carent:
362 3660 412 3721 ΡΜ
429 3660 504 3721 Harl.
522 3681 541 3722 1.
561 3660 639 3719 Laid.
658 3680 678 3723 ι.
749 3666 793 3730 17.
819 3685 886 3724 cum
898 3667 1027 3725 maxime
1039 3670 1268 3739 conquereretur

227 3745 282 3820 al]
298 3767 378 3826 quam
390 3751 419 3805 iu
431 3751 588 3825 magistrum
600 3751 674 3828 equi·
817 3753 903 3828 opud
911 3761 1014 3827 patrer
1027 3753 1087 3810 uim
1099 3760 1192 3828 atque
1210 3744 1267 3818 (lit

226 3833 674 3912 tumplacarent(Pall.Vous.u.).
817 3840 898 3916 adq.)
926 3839 1066 3896 r'niuriam
1096 3837 1266 3897 dinatum:

225 3921 334 3982 Leidr.
352 3920 399 3981 at:
419 3944 498 4002 quarn
516 3926 674 4000 magistrum
816 3925 884 3986 Pulc.
896 3927 975 3994 „und
993 3926 1033 3984 ale
1051 3946 1081 3983 er
1098 3925 1168 3994 hier,
1186 3920 1265 3983 uach·

119 4078 122 4086 .
226 4019 277 4065 cet.
289 4039 324 4053 ·-
342 4008 364 4066 P
383 4031 418 4069 m.
437 4013 476 4070 1.:
494 4013 561 4068 turri
580 4011 614 4066 de
626 4012 672 4066 tri·
817 4013 994 4079 doluerant
1014 4013 1067 4071 den
1085 4011 1157 4071 Rath
1175 4009 1264 4066 niuea

225 4092 345 4166 bunalilr3
372 4093 632 4173 discuteretque·
652 4096 673 4153 P
708 4148 715 4156 .
816 4097 911 4163 Vetere
923 4092 1264 4172 destruantur-rogator
