<?xml version="1.0" encoding="UTF-8"?>
<!DOCTYPE html PUBLIC "-//W3C//DTD XHTML 1.0 Transitional//EN"
    "http://www.w3.org/TR/xhtml1/DTD/xhtml1-transitional.dtd">
<html xmlns="http://www.w3.org/1999/xhtml" xml:lang="en" lang="en">
 <head>
  <title>
</title>
<meta http-equiv="Content-Type" content="text/html;charset=utf-8" />
  <meta name='ocr-system' content='tesseract 3.04.00' />
  <meta name='ocr-capabilities' content='ocr_page ocr_carea ocr_par ocr_line ocrx_word'/>
</head>
<body>
  <div class='ocr_page' id='page_1' title='image "./titilivirerumro01alscgoog_0558.png"; bbox 0 0 2618 4590; ppageno 0'>
   <div class='ocr_carea' id='block_1_1' title="bbox 81 192 718 302">
    <p class='ocr_par' dir='ltr' id='par_1_1' title="bbox 81 192 718 302">
     <span class='ocr_line' id='line_1_1' title="bbox 81 192 718 302; baseline -0.002 -1"><span class='ocrx_word' id='word_1_1' title='bbox 81 192 148 301; x_wconf 75' lang='lat' dir='ltr'><strong>otu</strong></span> <span class='ocrx_word' id='word_1_2' title='bbox 423 247 433 266; x_wconf 71' lang='lat'>=</span> <span class='ocrx_word' id='word_1_3' title='bbox 546 240 654 302; x_wconf 79' lang='lat' dir='ltr'><strong>suaa</strong></span> <span class='ocrx_word' id='word_1_4' title='bbox 671 241 718 300; x_wconf 82' lang='lat' dir='ltr'><strong>u.</strong></span> 
     </span>
    </p>
   </div>
   <div class='ocr_carea' id='block_1_2' title="bbox 7 400 1216 2481">
    <p class='ocr_par' dir='ltr' id='par_1_2' title="bbox 7 400 1216 2481">
     <span class='ocr_line' id='line_1_2' title="bbox 84 400 1199 499; baseline -0.008 -23"><span class='ocrx_word' id='word_1_5' title='bbox 84 408 219 476; x_wconf 85' lang='lat' dir='ltr'><strong>sterium</strong></span> <span class='ocrx_word' id='word_1_6' title='bbox 240 407 407 499; x_wconf 82' lang='lat' dir='ltr'><strong>religiosae</strong></span> <span class='ocrx_word' id='word_1_7' title='bbox 436 428 551 474; x_wconf 91' lang='lat' dir='ltr'><strong>censor</strong></span> <span class='ocrx_word' id='word_1_8' title='bbox 579 403 753 499; x_wconf 69' lang='lat' dir='ltr'><strong>deduxisti,</strong></span> <span class='ocrx_word' id='word_1_9' title='bbox 783 424 860 494; x_wconf 85' lang='lat' dir='ltr'><strong>gena</strong></span> <span class='ocrx_word' id='word_1_10' title='bbox 886 400 1065 494; x_wconf 73' lang='lat' dir='ltr'><strong>antiquior.</strong></span> <span class='ocrx_word' id='word_1_11' title='bbox 1084 402 1199 494; x_wconf 83' lang='lat' dir='ltr'><strong>origini</strong></span> 
     </span>
     <span class='ocr_line' id='line_1_3' title="bbox 84 507 1198 602; baseline -0.002 -24"><span class='ocrx_word' id='word_1_12' title='bbox 84 513 145 579; x_wconf 89' lang='lat' dir='ltr'><strong>bus</strong></span> <span class='ocrx_word' id='word_1_13' title='bbox 174 513 259 580; x_wconf 87' lang='lat' dir='ltr'><strong>urbis</strong></span> <span class='ocrx_word' id='word_1_14' title='bbox 288 512 382 579; x_wconf 89' lang='lat' dir='ltr'><strong>huius</strong></span> <span class='ocrx_word' id='word_1_15' title='bbox 409 510 562 602; x_wconf 82' lang='lat' dir='ltr'><strong>hospitio¹</strong></span> <span class='ocrx_word' id='word_1_16' title='bbox 578 511 713 577; x_wconf 87' lang='lat' dir='ltr'><strong>deorum</strong></span> <span class='ocrx_word' id='word_1_17' title='bbox 741 507 958 575; x_wconf 73' lang='lat' dir='ltr'><strong>inmortalium</strong></span> <span class='ocrx_word' id='word_1_18' title='bbox 991 518 1114 574; x_wconf 88' lang='lat' dir='ltr'><strong>sancta</strong></span> <span class='ocrx_word' id='word_1_19' title='bbox 1137 532 1198 599; x_wconf 85' lang='lat' dir='ltr'><strong>pro</strong></span> 
     </span>
     <span class='ocr_line' id='line_1_4' title="bbox 84 611 1216 715; baseline -0.005 -29"><span class='ocrx_word' id='word_1_20' title='bbox 84 628 158 708; x_wconf 79' lang='lat' dir='ltr'><strong>pter</strong></span> <span class='ocrx_word' id='word_1_21' title='bbox 177 629 209 686; x_wconf 87' lang='lat' dir='ltr'><strong>te</strong></span> <span class='ocrx_word' id='word_1_22' title='bbox 233 642 270 685; x_wconf 87' lang='lat' dir='ltr'><strong>ac</strong></span> <span class='ocrx_word' id='word_1_23' title='bbox 292 629 381 715; x_wconf 84' lang='lat' dir='ltr'><strong>tuam</strong></span> <span class='ocrx_word' id='word_1_24' title='bbox 410 639 576 685; x_wconf 79' lang='lat' dir='ltr'><strong>censuram</strong></span> <span class='ocrx_word' id='word_1_25' title='bbox 605 616 686 682; x_wconf 88' lang='lat' dir='ltr'><strong>intra</strong></span> <span class='ocrx_word' id='word_1_26' title='bbox 714 636 834 680; x_wconf 87' lang='lat' dir='ltr'><strong>annum</strong></span> <span class='ocrx_word' id='word_1_27' title='bbox 862 613 903 680; x_wconf 81' lang='lat' dir='ltr'><strong>ab</strong></span> <span class='ocrx_word' id='word_1_28' title='bbox 925 612 1032 702; x_wconf 85' lang='lat' dir='ltr'><strong>stirpe</strong></span> <span class='ocrx_word' id='word_1_29' title='bbox 1061 611 1216 680; x_wconf 67' lang='lat' dir='ltr'><strong>extinto·</strong></span> 
     </span>
     <span class='ocr_line' id='line_1_5' title="bbox 87 717 1198 810; baseline -0.004 -21"><span class='ocrx_word' id='word_1_30' title='bbox 87 732 152 804; x_wconf 85' lang='lat' dir='ltr'><strong>est,</strong></span> <span class='ocrx_word' id='word_1_31' title='bbox 179 723 238 788; x_wconf 90' lang='lat' dir='ltr'><strong>nisi</strong></span> <span class='ocrx_word' id='word_1_32' title='bbox 268 723 449 789; x_wconf 84' lang='lat' dir='ltr'><strong>universam</strong></span> <span class='ocrx_word' id='word_1_33' title='bbox 476 744 545 788; x_wconf 89' lang='lat' dir='ltr'><strong>rem</strong></span> <span class='ocrx_word' id='word_1_34' title='bbox 574 719 733 810; x_wconf 82' lang='lat' dir='ltr'><strong>publicam</strong></span> <span class='ocrx_word' id='word_1_35' title='bbox 761 743 801 785; x_wconf 88' lang='lat' dir='ltr'><strong>eo</strong></span> <span class='ocrx_word' id='word_1_36' title='bbox 827 717 950 785; x_wconf 80' lang='lat' dir='ltr'><strong>nefario</strong></span> <span class='ocrx_word' id='word_1_37' title='bbox 973 717 1198 799; x_wconf 69' lang='lat' dir='ltr'><strong>obstrinxerit.</strong></span> 
     </span>
     <span class='ocr_line' id='line_1_6' title="bbox 48 822 1198 917; baseline 0 -27"><span class='ocrx_word' id='word_1_38' title='bbox 48 826 174 917; x_wconf 81' lang='lat' dir='ltr'><strong>tquod</strong></span> <span class='ocrx_word' id='word_1_39' title='bbox 196 827 329 893; x_wconf 91' lang='lat' dir='ltr'><strong>ominari</strong></span> <span class='ocrx_word' id='word_1_40' title='bbox 352 827 448 894; x_wconf 89' lang='lat' dir='ltr'><strong>etiam</strong></span> <span class='ocrx_word' id='word_1_41' title='bbox 470 825 655 893; x_wconf 79' lang='lat' dir='ltr'><strong>reformidat</strong></span> <span class='ocrx_word' id='word_1_42' title='bbox 676 824 815 890; x_wconf 82' lang='lat' dir='ltr'><strong>animus:</strong></span> <span class='ocrx_word' id='word_1_43' title='bbox 844 822 921 889; x_wconf 91' lang='lat' dir='ltr'><strong>urbs</strong></span> <span class='ocrx_word' id='word_1_44' title='bbox 949 845 1003 888; x_wconf 84' lang='lat' dir='ltr'><strong>eo</strong></span> <span class='ocrx_word' id='word_1_45' title='bbox 1021 823 1137 890; x_wconf 83' lang='lat' dir='ltr'><strong>lustro</strong></span> <span class='ocrx_word' id='word_1_46' title='bbox 1159 846 1198 890; x_wconf 79' lang='lat' dir='ltr'><strong>ca</strong></span> 
     </span>
     <span class='ocr_line' id='line_1_7' title="bbox 86 925 1198 1021; baseline -0.002 -23"><span class='ocrx_word' id='word_1_47' title='bbox 86 941 141 1020; x_wconf 85' lang='lat' dir='ltr'><strong>pta</strong></span> <span class='ocrx_word' id='word_1_48' title='bbox 164 941 222 1012; x_wconf 71' lang='lat' dir='ltr'><strong>eat,</strong></span> <span class='ocrx_word' id='word_1_49' title='bbox 245 955 310 1021; x_wconf 91' lang='lat' dir='ltr'><strong>quo</strong></span> <span class='ocrx_word' id='word_1_50' title='bbox 334 932 503 998; x_wconf 87' lang='lat' dir='ltr'><strong>demortuo</strong></span> <span class='ocrx_word' id='word_1_51' title='bbox 526 930 649 1019; x_wconf 80' lang='lat' dir='ltr'><strong>collega</strong></span> <span class='ocrx_word' id='word_1_52' title='bbox 666 928 710 997; x_wconf 84' lang='lat' dir='ltr'><strong>¹C.</strong></span> <span class='ocrx_word' id='word_1_53' title='bbox 733 927 813 994; x_wconf 90' lang='lat' dir='ltr'><strong>lulio</strong></span> <span class='ocrx_word' id='word_1_54' title='bbox 836 949 970 994; x_wconf 85' lang='lat' dir='ltr'><strong>censore</strong></span> <span class='ocrx_word' id='word_1_55' title='bbox 995 925 1036 994; x_wconf 85' lang='lat' dir='ltr'><strong>L.</strong></span> <span class='ocrx_word' id='word_1_56' title='bbox 1054 928 1198 1018; x_wconf 84' lang='lat' dir='ltr'><strong>Papirius</strong></span> 
     </span>
     <span class='ocr_line' id='line_1_8' title="bbox 83 1030 1198 1124; baseline -0.003 -24"><span class='ocrx_word' id='word_1_57' title='bbox 83 1033 204 1101; x_wconf 84' lang='lat' dir='ltr'><strong>Cursor</strong></span> <span class='ocrx_word' id='word_1_58' title='bbox 231 1059 272 1103; x_wconf 90' lang='lat' dir='ltr'><strong>ne</strong></span> <span class='ocrx_word' id='word_1_59' title='bbox 302 1036 402 1102; x_wconf 86' lang='lat' dir='ltr'><strong>abiret</strong></span> <span class='ocrx_word' id='word_1_60' title='bbox 434 1035 617 1124; x_wconf 88' lang='lat' dir='ltr'><strong>magistratu</strong></span> <span class='ocrx_word' id='word_1_61' title='bbox 645 1033 691 1099; x_wconf 89' lang='grc' dir='ltr'><strong>Μ.</strong></span> <span class='ocrx_word' id='word_1_62' title='bbox 720 1032 905 1100; x_wconf 84' lang='lat' dir='ltr'><strong>Cornelium</strong></span> <span class='ocrx_word' id='word_1_63' title='bbox 934 1030 1198 1122; x_wconf 74' lang='lat' dir='ltr'><strong>Maluginensem</strong></span> 
     </span>
     <span class='ocr_line' id='line_1_9' title="bbox 86 1136 1198 1231; baseline -0.003 -25"><span class='ocrx_word' id='word_1_64' title='bbox 86 1138 245 1230; x_wconf 79' lang='lat' dir='ltr'><strong>collegam</strong></span> <span class='ocrx_word' id='word_1_65' title='bbox 274 1140 466 1231; x_wconf 80' lang='lat' dir='ltr'><strong>subrogavit.</strong></span> <span class='ocrx_word' id='word_1_66' title='bbox 507 1150 540 1206; x_wconf 87' lang='lat' dir='ltr'><strong>et</strong></span> <span class='ocrx_word' id='word_1_67' title='bbox 568 1148 686 1228; x_wconf 85' lang='lat' dir='ltr'><strong>quanto</strong></span> <span class='ocrx_word' id='word_1_68' title='bbox 715 1137 891 1205; x_wconf 83' lang='lat' dir='ltr'><strong>modestior</strong></span> <span class='ocrx_word' id='word_1_69' title='bbox 917 1136 1006 1202; x_wconf 88' lang='lat' dir='ltr'><strong>illius</strong></span> <span class='ocrx_word' id='word_1_70' title='bbox 1039 1136 1198 1227; x_wconf 74' lang='lat' dir='ltr'><strong>cupiditas</strong></span> 
     </span>
     <span class='ocr_line' id='line_1_10' title="bbox 86 1239 1198 1336; baseline -0.004 -26"><span class='ocrx_word' id='word_1_71' title='bbox 86 1244 145 1310; x_wconf 86' lang='lat' dir='ltr'><strong>luit</strong></span> <span class='ocrx_word' id='word_1_72' title='bbox 167 1269 265 1333; x_wconf 90' lang='lat' dir='ltr'><strong>quam</strong></span> <span class='ocrx_word' id='word_1_73' title='bbox 287 1255 342 1310; x_wconf 86' lang='lat' dir='ltr'><strong>tua</strong></span> <span class='ocrx_word' id='word_1_74' title='bbox 364 1245 470 1336; x_wconf 84' lang='lat' dir='ltr'><strong>Appi?</strong></span> <span class='ocrx_word' id='word_1_75' title='bbox 490 1266 550 1310; x_wconf 87' lang='lat' dir='ltr'><strong>nec</strong></span> <span class='ocrx_word' id='word_1_76' title='bbox 572 1243 661 1310; x_wconf 88' lang='lat' dir='ltr'><strong>solus</strong></span> <span class='ocrx_word' id='word_1_77' title='bbox 682 1264 742 1308; x_wconf 88' lang='lat' dir='ltr'><strong>nec</strong></span> <span class='ocrx_word' id='word_1_78' title='bbox 766 1241 847 1308; x_wconf 88' lang='lat' dir='ltr'><strong>ultra</strong></span> <span class='ocrx_word' id='word_1_79' title='bbox 870 1240 997 1306; x_wconf 83' lang='lat' dir='ltr'><strong>linitum</strong></span> <span class='ocrx_word' id='word_1_80' title='bbox 1021 1239 1104 1330; x_wconf 88' lang='lat' dir='ltr'><strong>lege</strong></span> <span class='ocrx_word' id='word_1_81' title='bbox 1127 1251 1198 1308; x_wconf 79' lang='lat' dir='ltr'><strong>tem·</strong></span> 
     </span>
     <span class='ocr_line' id='line_1_11' title="bbox 38 1344 1199 1438; baseline 0 -24"><span class='ocrx_word' id='word_1_82' title='bbox 38 1359 146 1437; x_wconf 82' lang='lat' dir='ltr'><strong>lopus</strong></span> <span class='ocrx_word' id='word_1_83' title='bbox 167 1347 205 1414; x_wconf 64' lang='lat'><strong>1.</strong></span> <span class='ocrx_word' id='word_1_84' title='bbox 228 1348 372 1438; x_wconf 83' lang='lat' dir='ltr'><strong>Papirius</strong></span> <span class='ocrx_word' id='word_1_85' title='bbox 401 1372 569 1416; x_wconf 86' lang='lat' dir='ltr'><strong>censuram</strong></span> <span class='ocrx_word' id='word_1_86' title='bbox 597 1347 710 1438; x_wconf 79' lang='lat' dir='ltr'><strong>gessit:</strong></span> <span class='ocrx_word' id='word_1_87' title='bbox 742 1358 850 1414; x_wconf 88' lang='lat' dir='ltr'><strong>tamen</strong></span> <span class='ocrx_word' id='word_1_88' title='bbox 877 1344 1048 1413; x_wconf 89' lang='lat' dir='ltr'><strong>neminem</strong></span> <span class='ocrx_word' id='word_1_89' title='bbox 1080 1345 1199 1414; x_wconf 87' lang='lat' dir='ltr'><strong>invenit</strong></span> 
     </span>
     <span class='ocr_line' id='line_1_12' title="bbox 85 1449 1198 1543; baseline 0.001 -26"><span class='ocrx_word' id='word_1_90' title='bbox 85 1452 199 1541; x_wconf 87' lang='lat' dir='ltr'><strong>quise</strong></span> <span class='ocrx_word' id='word_1_91' title='bbox 222 1464 335 1543; x_wconf 85' lang='lat' dir='ltr'><strong>postea</strong></span> <span class='ocrx_word' id='word_1_92' title='bbox 358 1465 524 1523; x_wconf 86' lang='lat' dir='ltr'><strong>auctorem</strong></span> <span class='ocrx_word' id='word_1_93' title='bbox 545 1463 746 1542; x_wconf 87' lang='lat' dir='ltr'><strong>sequeretur,</strong></span> <span class='ocrx_word' id='word_1_94' title='bbox 769 1475 881 1521; x_wconf 83' lang='lat' dir='ltr'><strong>onmes</strong></span> <span class='ocrx_word' id='word_1_95' title='bbox 904 1449 1064 1541; x_wconf 84' lang='lat' dir='ltr'><strong>deinceps</strong></span> <span class='ocrx_word' id='word_1_96' title='bbox 1091 1473 1198 1519; x_wconf 77' lang='lat' dir='ltr'><strong>censo</strong></span> 
     </span>
     <span class='ocr_line' id='line_1_13' title="bbox 87 1547 1199 1648; baseline 0.001 -27"><span class='ocrx_word' id='word_1_97' title='bbox 87 1577 140 1622; x_wconf 85' lang='lat' dir='ltr'><strong>res</strong></span> <span class='ocrx_word' id='word_1_98' title='bbox 162 1569 237 1646; x_wconf 87' lang='lat' dir='ltr'><strong>post</strong></span> <span class='ocrx_word' id='word_1_99' title='bbox 257 1547 395 1626; x_wconf 87' lang='lat' dir='ltr'><strong>mortem</strong></span> <span class='ocrx_word' id='word_1_100' title='bbox 418 1559 560 1648; x_wconf 76' lang='lat' dir='ltr'><strong>collegae</strong></span> <span class='ocrx_word' id='word_1_101' title='bbox 584 1581 619 1624; x_wconf 89' lang='lat' dir='ltr'><strong>se</strong></span> <span class='ocrx_word' id='word_1_102' title='bbox 642 1556 827 1646; x_wconf 85' lang='lat' dir='ltr'><strong>magistratu</strong></span> <span class='ocrx_word' id='word_1_103' title='bbox 849 1554 1058 1624; x_wconf 83' lang='lat' dir='ltr'><strong>abdicarunt:</strong></span> <span class='ocrx_word' id='word_1_104' title='bbox 1082 1567 1121 1624; x_wconf 90' lang='lat' dir='ltr'><strong>te</strong></span> <span class='ocrx_word' id='word_1_105' title='bbox 1144 1580 1199 1646; x_wconf 83' lang='lat' dir='ltr'><strong>nec</strong></span> 
     </span>
     <span class='ocr_line' id='line_1_14' title="bbox 90 1659 1198 1752; baseline 0.001 -26"><span class='ocrx_word' id='word_1_106' title='bbox 90 1661 178 1750; x_wconf 92' lang='lat' dir='ltr'><strong>quod</strong></span> <span class='ocrx_word' id='word_1_107' title='bbox 200 1659 268 1729; x_wconf 88' lang='lat' dir='ltr'><strong>dies</strong></span> <span class='ocrx_word' id='word_1_108' title='bbox 291 1663 356 1730; x_wconf 85' lang='lat' dir='ltr'><strong>exit</strong></span> <span class='ocrx_word' id='word_1_109' title='bbox 379 1685 531 1729; x_wconf 88' lang='lat' dir='ltr'><strong>censurae</strong></span> <span class='ocrx_word' id='word_1_110' title='bbox 560 1685 621 1730; x_wconf 91' lang='lat' dir='ltr'><strong>nec</strong></span> <span class='ocrx_word' id='word_1_111' title='bbox 643 1661 731 1751; x_wconf 93' lang='lat' dir='ltr'><strong>quod</strong></span> <span class='ocrx_word' id='word_1_112' title='bbox 759 1661 882 1752; x_wconf 89' lang='lat' dir='ltr'><strong>collega</strong></span> <span class='ocrx_word' id='word_1_113' title='bbox 905 1659 1103 1750; x_wconf 86' lang='lat' dir='ltr'><strong>magistratu</strong></span> <span class='ocrx_word' id='word_1_114' title='bbox 1128 1661 1198 1727; x_wconf 88' lang='lat' dir='ltr'><strong>abiit</strong></span> 
     </span>
     <span class='ocr_line' id='line_1_15' title="bbox 84 1764 1196 1857; baseline 0 -27"><span class='ocrx_word' id='word_1_115' title='bbox 84 1786 146 1831; x_wconf 83' lang='lat' dir='ltr'><strong>neo</strong></span> <span class='ocrx_word' id='word_1_116' title='bbox 167 1764 221 1832; x_wconf 87' lang='lat' dir='ltr'><strong>lex</strong></span> <span class='ocrx_word' id='word_1_117' title='bbox 243 1789 303 1833; x_wconf 89' lang='lat' dir='ltr'><strong>nec</strong></span> <span class='ocrx_word' id='word_1_118' title='bbox 325 1769 430 1857; x_wconf 90' lang='lat' dir='ltr'><strong>pudor</strong></span> <span class='ocrx_word' id='word_1_119' title='bbox 452 1778 589 1849; x_wconf 86' lang='lat' dir='ltr'><strong>coercet,</strong></span> <span class='ocrx_word' id='word_1_120' title='bbox 612 1766 761 1833; x_wconf 90' lang='lat' dir='ltr'><strong>virtutem</strong></span> <span class='ocrx_word' id='word_1_121' title='bbox 783 1765 815 1832; x_wconf 90' lang='lat' dir='ltr'><strong>in</strong></span> <span class='ocrx_word' id='word_1_122' title='bbox 838 1764 986 1857; x_wconf 85' lang='lat' dir='ltr'><strong>superbia</strong></span> <span class='ocrx_word' id='word_1_123' title='bbox 1011 1765 1047 1830; x_wconf 91' lang='lat' dir='ltr'><strong>in</strong></span> <span class='ocrx_word' id='word_1_124' title='bbox 1064 1765 1196 1833; x_wconf 82' lang='lat' dir='ltr'><strong>audacia</strong></span> 
     </span>
     <span class='ocr_line' id='line_1_16' title="bbox 37 1854 1195 1962; baseline 0 -27"><span class='ocrx_word' id='word_1_125' title='bbox 37 1866 116 1936; x_wconf 76' lang='lat' dir='ltr'><strong>ltin</strong></span> <span class='ocrx_word' id='word_1_126' title='bbox 150 1880 337 1962; x_wconf 89' lang='lat' dir='ltr'><strong>contemptu</strong></span> <span class='ocrx_word' id='word_1_127' title='bbox 366 1873 500 1939; x_wconf 91' lang='lat' dir='ltr'><strong>deornm</strong></span> <span class='ocrx_word' id='word_1_128' title='bbox 533 1871 764 1962; x_wconf 89' lang='lat' dir='ltr'><strong>hominumque</strong></span> <span class='ocrx_word' id='word_1_129' title='bbox 800 1854 903 1960; x_wconf 77' lang='lat' dir='ltr'><strong>ponis,</strong></span> <span class='ocrx_word' id='word_1_130' title='bbox 946 1893 1007 1959; x_wconf 88' lang='lat' dir='ltr'><strong>ego</strong></span> <span class='ocrx_word' id='word_1_131' title='bbox 1048 1880 1083 1938; x_wconf 89' lang='lat' dir='ltr'><strong>te</strong></span> <span class='ocrx_word' id='word_1_132' title='bbox 1114 1869 1195 1961; x_wconf 83' lang='lat' dir='ltr'><strong>Appi</strong></span> 
     </span>
     <span class='ocr_line' id='line_1_17' title="bbox 84 1970 1194 2068; baseline 0.002 -30"><span class='ocrx_word' id='word_1_133' title='bbox 84 1970 198 2041; x_wconf 82' lang='lat' dir='ltr'><strong>Claudi</strong></span> <span class='ocrx_word' id='word_1_134' title='bbox 219 1999 278 2065; x_wconf 90' lang='lat' dir='ltr'><strong>pro</strong></span> <span class='ocrx_word' id='word_1_135' title='bbox 300 1977 389 2046; x_wconf 89' lang='lat' dir='ltr'><strong>istius</strong></span> <span class='ocrx_word' id='word_1_136' title='bbox 412 1976 612 2068; x_wconf 81' lang='lat' dir='ltr'><strong>magistratus</strong></span> <span class='ocrx_word' id='word_1_137' title='bbox 635 1975 799 2043; x_wconf 77' lang='lat' dir='ltr'><strong>maiestate</strong></span> <span class='ocrx_word' id='word_1_138' title='bbox 823 2000 861 2042; x_wconf 87' lang='lat' dir='ltr'><strong>ac</strong></span> <span class='ocrx_word' id='word_1_139' title='bbox 875 1973 1073 2043; x_wconf 85' lang='lat' dir='ltr'><strong>verecundie</strong></span> <span class='ocrx_word' id='word_1_140' title='bbox 1098 1999 1194 2065; x_wconf 89' lang='lat' dir='ltr'><strong>quem</strong></span> 
     </span>
     <span class='ocr_line' id='line_1_18' title="bbox 84 2078 1194 2168; baseline 0 -24"><span class='ocrx_word' id='word_1_141' title='bbox 84 2078 209 2166; x_wconf 79' lang='lat' dir='ltr'><strong>gessisti</strong></span> <span class='ocrx_word' id='word_1_142' title='bbox 231 2104 295 2146; x_wconf 91' lang='lat' dir='ltr'><strong>non</strong></span> <span class='ocrx_word' id='word_1_143' title='bbox 320 2081 418 2161; x_wconf 87' lang='lat' dir='ltr'><strong>modo</strong></span> <span class='ocrx_word' id='word_1_144' title='bbox 441 2106 539 2148; x_wconf 89' lang='lat' dir='ltr'><strong>manu</strong></span> <span class='ocrx_word' id='word_1_145' title='bbox 562 2080 715 2148; x_wconf 88' lang='lat' dir='ltr'><strong>violatum</strong></span> <span class='ocrx_word' id='word_1_146' title='bbox 736 2079 793 2145; x_wconf 91' lang='lat' dir='ltr'><strong>sed</strong></span> <span class='ocrx_word' id='word_1_147' title='bbox 816 2103 857 2146; x_wconf 90' lang='lat' dir='ltr'><strong>ne</strong></span> <span class='ocrx_word' id='word_1_148' title='bbox 878 2080 980 2147; x_wconf 81' lang='lat' dir='ltr'><strong>verbo</strong></span> <span class='ocrx_word' id='word_1_149' title='bbox 997 2079 1137 2168; x_wconf 84' lang='lat' dir='ltr'><strong>quidem</strong></span> <span class='ocrx_word' id='word_1_150' title='bbox 1154 2079 1194 2144; x_wconf 88' lang='lat' dir='ltr'><strong>in·</strong></span> 
     </span>
     <span class='ocr_line' id='line_1_19' title="bbox 84 2180 1193 2276; baseline 0.003 -29"><span class='ocrx_word' id='word_1_151' title='bbox 84 2180 280 2250; x_wconf 87' lang='lat' dir='ltr'><strong>clementiori</strong></span> <span class='ocrx_word' id='word_1_152' title='bbox 304 2209 321 2250; x_wconf 90' lang='lat' dir='ltr'><strong>a</strong></span> <span class='ocrx_word' id='word_1_153' title='bbox 344 2209 398 2251; x_wconf 88' lang='lat' dir='ltr'><strong>me</strong></span> <span class='ocrx_word' id='word_1_154' title='bbox 421 2186 617 2276; x_wconf 86' lang='lat' dir='ltr'><strong>appellatum</strong></span> <span class='ocrx_word' id='word_1_155' title='bbox 639 2184 766 2266; x_wconf 89' lang='lat' dir='ltr'><strong>vellem,</strong></span> <span class='ocrx_word' id='word_1_156' title='bbox 788 2184 845 2250; x_wconf 88' lang='lat' dir='ltr'><strong>sed</strong></span> <span class='ocrx_word' id='word_1_157' title='bbox 868 2182 1003 2250; x_wconf 86' lang='lat' dir='ltr'><strong>ethaeo</strong></span> <span class='ocrx_word' id='word_1_158' title='bbox 1032 2206 1123 2273; x_wconf 85' lang='lat' dir='ltr'><strong>quae</strong></span> <span class='ocrx_word' id='word_1_159' title='bbox 1144 2183 1193 2249; x_wconf 87' lang='lat' dir='ltr'><strong>ad·</strong></span> 
     </span>
     <span class='ocr_line' id='line_1_20' title="bbox 84 2283 1192 2378; baseline 0.004 -29"><span class='ocrx_word' id='word_1_160' title='bbox 84 2283 149 2350; x_wconf 90' lang='lat' dir='ltr'><strong>huc</strong></span> <span class='ocrx_word' id='word_1_161' title='bbox 173 2287 222 2374; x_wconf 87' lang='lat' dir='ltr'><strong>egi</strong></span> <span class='ocrx_word' id='word_1_162' title='bbox 244 2289 421 2376; x_wconf 89' lang='lat' dir='ltr'><strong>pervicacia</strong></span> <span class='ocrx_word' id='word_1_163' title='bbox 444 2300 498 2354; x_wconf 84' lang='lat' dir='ltr'><strong>tua</strong></span> <span class='ocrx_word' id='word_1_164' title='bbox 522 2301 554 2355; x_wconf 90' lang='lat' dir='ltr'><strong>et</strong></span> <span class='ocrx_word' id='word_1_165' title='bbox 576 2288 721 2378; x_wconf 88' lang='lat' dir='ltr'><strong>superbia</strong></span> <span class='ocrx_word' id='word_1_166' title='bbox 746 2287 851 2378; x_wconf 81' lang='lat' dir='ltr'><strong>coegit</strong></span> <span class='ocrx_word' id='word_1_167' title='bbox 871 2309 925 2352; x_wconf 90' lang='lat' dir='ltr'><strong>me</strong></span> <span class='ocrx_word' id='word_1_168' title='bbox 946 2285 1039 2377; x_wconf 91' lang='lat' dir='ltr'><strong>loqui</strong></span> <span class='ocrx_word' id='word_1_169' title='bbox 1063 2298 1114 2370; x_wconf 86' lang='lat' dir='ltr'><strong>et,</strong></span> <span class='ocrx_word' id='word_1_170' title='bbox 1136 2287 1192 2354; x_wconf 86' lang='lat' dir='ltr'><strong>nisi</strong></span> 
     </span>
     <span class='ocr_line' id='line_1_21' title="bbox 7 2380 1190 2481; baseline 0.003 -26"><span class='ocrx_word' id='word_1_171' title='bbox 7 2388 71 2458; x_wconf 67' lang='lat'><strong>‘20</strong></span> <span class='ocrx_word' id='word_1_172' title='bbox 82 2387 234 2454; x_wconf 79' lang='lat' dir='ltr'><strong>Aemiliae</strong></span> <span class='ocrx_word' id='word_1_173' title='bbox 257 2389 319 2480; x_wconf 90' lang='lat' dir='ltr'><strong>legi</strong></span> <span class='ocrx_word' id='word_1_174' title='bbox 341 2393 491 2481; x_wconf 86' lang='lat' dir='ltr'><strong>parueris,</strong></span> <span class='ocrx_word' id='word_1_175' title='bbox 513 2392 546 2459; x_wconf 93' lang='lat' dir='ltr'><strong>in</strong></span> <span class='ocrx_word' id='word_1_176' title='bbox 569 2392 694 2459; x_wconf 82' lang='lat' dir='ltr'><strong>vincula</strong></span> <span class='ocrx_word' id='word_1_177' title='bbox 718 2391 792 2459; x_wconf 89' lang='lat' dir='ltr'><strong>duci</strong></span> <span class='ocrx_word' id='word_1_178' title='bbox 813 2391 930 2459; x_wconf 90' lang='lat' dir='ltr'><strong>iubebo</strong></span> <span class='ocrx_word' id='word_1_179' title='bbox 953 2380 1025 2479; x_wconf 80' lang='lat' dir='ltr'><strong>nec,</strong></span> <span class='ocrx_word' id='word_1_180' title='bbox 1049 2415 1129 2459; x_wconf 92' lang='lat' dir='ltr'><strong>cum</strong></span> <span class='ocrx_word' id='word_1_181' title='bbox 1150 2393 1190 2458; x_wconf 90' lang='lat' dir='ltr'><strong>ita</strong></span> 
     </span>
    </p>
   </div>
   <div class='ocr_carea' id='block_1_3' title="bbox 22 1762 30 1799">
    <p class='ocr_par' dir='ltr' id='par_1_3' title="bbox 22 1762 30 1799">
     <span class='ocr_line' id='line_1_22' title="bbox 22 1762 30 1799; baseline 0 0"><span class='ocrx_word' id='word_1_182' title='bbox 22 1762 30 1799; x_wconf 86' lang='grc' dir='ltr'><strong><em>Ι</em></strong></span> 
     </span>
    </p>
   </div>
   <div class='ocr_carea' id='block_1_4' title="bbox 16 2607 1188 4166">
    <p class='ocr_par' dir='ltr' id='par_1_4' title="bbox 99 2607 1188 2775">
     <span class='ocr_line' id='line_1_23' title="bbox 99 2607 1188 2691; baseline 0.005 -29"><span class='ocrx_word' id='word_1_183' title='bbox 99 2607 126 2665; x_wconf 78' lang='grc'><strong>8.</strong></span> <span class='ocrx_word' id='word_1_184' title='bbox 153 2615 183 2664; x_wconf 79' lang='lat' dir='ltr'><strong>et</strong></span> <span class='ocrx_word' id='word_1_185' title='bbox 201 2618 312 2682; x_wconf 77' lang='lat' dir='ltr'><strong>quomo</strong></span> <span class='ocrx_word' id='word_1_186' title='bbox 331 2611 494 2669; x_wconf 79' lang='lat' dir='ltr'><strong>modestior</strong></span> <span class='ocrx_word' id='word_1_187' title='bbox 516 2613 599 2669; x_wconf 80' lang='lat' dir='ltr'><strong>illius</strong></span> <span class='ocrx_word' id='word_1_188' title='bbox 741 2622 838 2672; x_wconf 81' lang='lat' dir='ltr'><strong>cat-</strong></span> <span class='ocrx_word' id='word_1_189' title='bbox 856 2609 898 2667; x_wconf 85' lang='lat' dir='ltr'><strong>lll:</strong></span> <span class='ocrx_word' id='word_1_190' title='bbox 918 2613 946 2667; x_wconf 89' lang='lat' dir='ltr'><strong>in</strong></span> <span class='ocrx_word' id='word_1_191' title='bbox 964 2619 1126 2691; x_wconf 78' lang='lat' dir='ltr'><strong>contempta</strong></span> <span class='ocrx_word' id='word_1_192' title='bbox 1144 2612 1188 2668; x_wconf 78' lang='lat' dir='ltr'><strong>dri·</strong></span> 
     </span>
     <span class='ocr_line' id='line_1_24' title="bbox 152 2695 1096 2775; baseline 0.01 -27"><span class='ocrx_word' id='word_1_193' title='bbox 152 2695 300 2768; x_wconf 68' lang='lat' dir='ltr'><strong>cupiditas</strong></span> <span class='ocrx_word' id='word_1_194' title='bbox 329 2697 398 2770; x_wconf 81' lang='lat' dir='ltr'><strong>fuit</strong></span> <span class='ocrx_word' id='word_1_195' title='bbox 425 2717 516 2774; x_wconf 71' lang='lat' dir='ltr'><strong>quum</strong></span> <span class='ocrx_word' id='word_1_196' title='bbox 546 2708 598 2755; x_wconf 84' lang='lat' dir='ltr'><strong>tuo</strong></span> <span class='ocrx_word' id='word_1_197' title='bbox 739 2720 800 2757; x_wconf 88' lang='lat' dir='ltr'><strong>rum</strong></span> <span class='ocrx_word' id='word_1_198' title='bbox 819 2699 984 2772; x_wconf 77' lang='lat' dir='ltr'><strong>huminouiq.</strong></span> <span class='ocrx_word' id='word_1_199' title='bbox 1003 2702 1096 2775; x_wconf 78' lang='lat' dir='ltr'><strong>poris.</strong></span> 
     </span>
    </p>

    <p class='ocr_par' dir='ltr' id='par_1_5' title="bbox 87 2781 1187 2865">
     <span class='ocr_line' id='line_1_25' title="bbox 87 2781 1187 2865; baseline 0.005 -26"><span class='ocrx_word' id='word_1_200' title='bbox 87 2834 90 2839; x_wconf 90' lang='lat'><strong>.</strong></span> <span class='ocrx_word' id='word_1_201' title='bbox 152 2783 246 2856; x_wconf 72' lang='lat' dir='ltr'><strong>Appi:</strong></span> <span class='ocrx_word' id='word_1_202' title='bbox 261 2781 327 2844; x_wconf 59' lang='lat' dir='ltr'><strong>‘Ptt</strong></span> <span class='ocrx_word' id='word_1_203' title='bbox 350 2816 385 2827; x_wconf 93' lang='lat'>-</span> <span class='ocrx_word' id='word_1_204' title='bbox 414 2783 493 2845; x_wconf 86' lang='lat' dir='ltr'><strong>Leid.</strong></span> <span class='ocrx_word' id='word_1_205' title='bbox 508 2805 525 2846; x_wconf 86' lang='lat' dir='ltr'><strong>r.</strong></span> <span class='ocrx_word' id='word_1_206' title='bbox 548 2785 596 2846; x_wconf 76' lang='lat' dir='ltr'><strong>alr</strong></span> <span class='ocrx_word' id='word_1_207' title='bbox 670 2789 712 2846; x_wconf 79' lang='lat'><strong>15.</strong></span> <span class='ocrx_word' id='word_1_208' title='bbox 737 2785 1061 2865; x_wconf 66' lang='lat' dir='ltr'><strong>egotedppiCluuda&#39;:</strong></span> <span class='ocrx_word' id='word_1_209' title='bbox 1081 2786 1187 2845; x_wconf 66' lang='lat' dir='ltr'><strong>Pina</strong></span> 
     </span>
    </p>

    <p class='ocr_par' dir='ltr' id='par_1_6' title="bbox 152 2870 1188 2949">
     <span class='ocr_line' id='line_1_26' title="bbox 152 2870 1188 2949; baseline 0.007 -24"><span class='ocrx_word' id='word_1_210' title='bbox 152 2888 233 2946; x_wconf 85' lang='lat' dir='ltr'><strong>quarn</strong></span> <span class='ocrx_word' id='word_1_211' title='bbox 250 2878 279 2926; x_wconf 91' lang='lat' dir='ltr'><strong>tu</strong></span> <span class='ocrx_word' id='word_1_212' title='bbox 297 2870 379 2949; x_wconf 77' lang='lat' dir='ltr'><strong>Appi.</strong></span> <span class='ocrx_word' id='word_1_213' title='bbox 739 2903 772 2917; x_wconf 57' lang='grc' dir='ltr'><strong>ω-</strong></span> <span class='ocrx_word' id='word_1_214' title='bbox 793 2872 814 2928; x_wconf 85' lang='grc' dir='ltr'>Ρ</span> <span class='ocrx_word' id='word_1_215' title='bbox 833 2892 867 2929; x_wconf 79' lang='lat' dir='ltr'><strong>ut.</strong></span> <span class='ocrx_word' id='word_1_216' title='bbox 889 2875 913 2930; x_wconf 89' lang='lat'><strong>1.</strong></span> <span class='ocrx_word' id='word_1_217' title='bbox 932 2871 972 2927; x_wconf 85' lang='lat' dir='ltr'><strong>lll:</strong></span> <span class='ocrx_word' id='word_1_218' title='bbox 986 2875 1072 2949; x_wconf 73' lang='lat' dir='ltr'><strong>appii·</strong></span> <span class='ocrx_word' id='word_1_219' title='bbox 1080 2873 1188 2933; x_wconf 85' lang='lat' dir='ltr'><strong>claudii.</strong></span> 
     </span>
    </p>

    <p class='ocr_par' dir='ltr' id='par_1_7' title="bbox 737 2958 1187 3034">
     <span class='ocr_line' id='line_1_27' title="bbox 737 2958 1187 3034; baseline -0.002 -17"><span class='ocrx_word' id='word_1_220' title='bbox 737 2991 772 3005; x_wconf 92' lang='lat'><strong>·-</strong></span> <span class='ocrx_word' id='word_1_221' title='bbox 791 2959 831 3017; x_wconf 78' lang='lat' dir='ltr'><strong>ld:</strong></span> <span class='ocrx_word' id='word_1_222' title='bbox 850 2969 1003 3034; x_wconf 82' lang='lat' dir='ltr'><strong>magestate.</strong></span> <span class='ocrx_word' id='word_1_223' title='bbox 1014 2990 1050 3003; x_wconf 91' lang='lat'>-</span> <span class='ocrx_word' id='word_1_224' title='bbox 1068 2958 1138 3023; x_wconf 81' lang='lat' dir='ltr'><strong>Lov.</strong></span> <span class='ocrx_word' id='word_1_225' title='bbox 1150 2965 1187 3019; x_wconf 67' lang='lat' dir='ltr'><strong>d:</strong></span> 
     </span>
    </p>

    <p class='ocr_par' dir='ltr' id='par_1_8' title="bbox 82 3042 1187 3123">
     <span class='ocr_line' id='line_1_28' title="bbox 82 3042 1187 3123; baseline 0.004 -23"><span class='ocrx_word' id='word_1_226' title='bbox 82 3044 126 3102; x_wconf 89' lang='lat' dir='ltr'><strong>ll.</strong></span> <span class='ocrx_word' id='word_1_227' title='bbox 154 3063 256 3101; x_wconf 85' lang='lat' dir='ltr'><strong>omnes</strong></span> <span class='ocrx_word' id='word_1_228' title='bbox 286 3042 424 3118; x_wconf 78' lang='lat' dir='ltr'><strong>deinceps</strong></span> <span class='ocrx_word' id='word_1_229' title='bbox 459 3065 597 3102; x_wconf 80' lang='lat' dir='ltr'><strong>censores</strong></span> <span class='ocrx_word' id='word_1_230' title='bbox 741 3045 952 3106; x_wconf 84' lang='lat' dir='ltr'><strong>inclementiore.</strong></span> <span class='ocrx_word' id='word_1_231' title='bbox 976 3076 1011 3091; x_wconf 91' lang='lat'>-</span> <span class='ocrx_word' id='word_1_232' title='bbox 1034 3044 1077 3104; x_wconf 77' lang='lat' dir='ltr'><strong>ll:</strong></span> <span class='ocrx_word' id='word_1_233' title='bbox 1100 3051 1187 3123; x_wconf 80' lang='lat' dir='ltr'><strong>perai-</strong></span> 
     </span>
    </p>

    <p class='ocr_par' dir='ltr' id='par_1_9' title="bbox 63 3130 1187 3208">
     <span class='ocr_line' id='line_1_29' title="bbox 63 3130 1187 3208; baseline 0.004 -22"><span class='ocrx_word' id='word_1_234' title='bbox 63 3196 66 3202; x_wconf 44' lang='grc'>,</span> <span class='ocrx_word' id='word_1_235' title='bbox 98 3187 101 3191; x_wconf 83' lang='grc'><strong>,</strong></span> <span class='ocrx_word' id='word_1_236' title='bbox 149 3140 220 3206; x_wconf 79' lang='lat' dir='ltr'><strong>post</strong></span> <span class='ocrx_word' id='word_1_237' title='bbox 248 3139 371 3186; x_wconf 83' lang='lat' dir='ltr'><strong>mortem</strong></span> <span class='ocrx_word' id='word_1_238' title='bbox 400 3130 533 3208; x_wconf 77' lang='lat' dir='ltr'><strong>collegae</strong></span> <span class='ocrx_word' id='word_1_239' title='bbox 564 3152 597 3187; x_wconf 82' lang='lat' dir='ltr'><strong>se</strong></span> <span class='ocrx_word' id='word_1_240' title='bbox 740 3134 808 3188; x_wconf 85' lang='lat' dir='ltr'><strong>catia</strong></span> <span class='ocrx_word' id='word_1_241' title='bbox 826 3142 928 3193; x_wconf 80' lang='lat' dir='ltr'><strong>tm.-</strong></span> <span class='ocrx_word' id='word_1_242' title='bbox 951 3131 1014 3189; x_wconf 78' lang='lat' dir='ltr'><strong>Pu:</strong></span> <span class='ocrx_word' id='word_1_243' title='bbox 1031 3134 1061 3191; x_wconf 86' lang='lat' dir='ltr'><strong>iu</strong></span> <span class='ocrx_word' id='word_1_244' title='bbox 1081 3135 1187 3193; x_wconf 85' lang='lat' dir='ltr'><strong>uincula</strong></span> 
     </span>
    </p>

    <p class='ocr_par' dir='ltr' id='par_1_10' title="bbox 150 3217 1186 3296">
     <span class='ocr_line' id='line_1_30' title="bbox 150 3217 1186 3296; baseline 0.004 -22"><span class='ocrx_word' id='word_1_245' title='bbox 150 3219 329 3296; x_wconf 78' lang='lat' dir='ltr'><strong>magistratu</strong></span> <span class='ocrx_word' id='word_1_246' title='bbox 340 3217 530 3277; x_wconf 66' lang='lat' dir='ltr'><strong>atdiceaeuna:</strong></span> <span class='ocrx_word' id='word_1_247' title='bbox 548 3217 597 3273; x_wconf 78' lang='lat' dir='ltr'><strong>Pul</strong></span> <span class='ocrx_word' id='word_1_248' title='bbox 739 3219 801 3276; x_wconf 87' lang='lat' dir='ltr'><strong>duci</strong></span> <span class='ocrx_word' id='word_1_249' title='bbox 816 3219 922 3280; x_wconf 81' lang='lat' dir='ltr'><strong>iubebo.</strong></span> <span class='ocrx_word' id='word_1_250' title='bbox 942 3220 1011 3281; x_wconf 83' lang='lat' dir='ltr'><strong>Cod.</strong></span> <span class='ocrx_word' id='word_1_251' title='bbox 1025 3220 1186 3296; x_wconf 55' lang='lat' dir='ltr'><strong>Sigonmlii·</strong></span> 
     </span>
    </p>

    <p class='ocr_par' dir='ltr' id='par_1_11' title="bbox 151 3303 1186 3383">
     <span class='ocr_line' id='line_1_31' title="bbox 151 3303 1186 3383; baseline 0.006 -23"><span class='ocrx_word' id='word_1_252' title='bbox 151 3305 212 3365; x_wconf 89' lang='lat' dir='ltr'><strong>cod.</strong></span> <span class='ocrx_word' id='word_1_253' title='bbox 225 3304 320 3364; x_wconf 89' lang='lat' dir='ltr'><strong>Klocl.</strong></span> <span class='ocrx_word' id='word_1_254' title='bbox 334 3335 367 3346; x_wconf 93' lang='lat'><em>-</em></span> <span class='ocrx_word' id='word_1_255' title='bbox 384 3303 558 3365; x_wconf 83' lang='lat' dir='ltr'><strong>Leid.1.Pal.</strong></span> <span class='ocrx_word' id='word_1_256' title='bbox 572 3308 597 3361; x_wconf 91' lang='lat'><strong>1.</strong></span> <span class='ocrx_word' id='word_1_257' title='bbox 738 3326 792 3383; x_wconf 86' lang='lat' dir='ltr'><strong>que</strong></span> <span class='ocrx_word' id='word_1_258' title='bbox 810 3326 897 3366; x_wconf 73' lang='lat' dir='ltr'><strong>rece:</strong></span> <span class='ocrx_word' id='word_1_259' title='bbox 916 3318 943 3364; x_wconf 86' lang='lat' dir='ltr'><strong>te</strong></span> <span class='ocrx_word' id='word_1_260' title='bbox 956 3309 984 3363; x_wconf 89' lang='lat' dir='ltr'><strong>iu</strong></span> <span class='ocrx_word' id='word_1_261' title='bbox 997 3309 1107 3366; x_wconf 86' lang='lat' dir='ltr'><strong>uincula</strong></span> <span class='ocrx_word' id='word_1_262' title='bbox 1125 3309 1186 3366; x_wconf 87' lang='lat' dir='ltr'><strong>duci</strong></span> 
     </span>
    </p>

    <p class='ocr_par' dir='ltr' id='par_1_12' title="bbox 16 3391 1186 3470">
     <span class='ocr_line' id='line_1_32' title="bbox 16 3391 1186 3470; baseline 0 -17"><span class='ocrx_word' id='word_1_263' title='bbox 16 3418 27 3461; x_wconf 41' lang='grc' dir='ltr'><em>ψ</em></span> <span class='ocrx_word' id='word_1_264' title='bbox 85 3446 92 3453; x_wconf 94' lang='grc'><strong>.</strong></span> <span class='ocrx_word' id='word_1_265' title='bbox 151 3413 299 3470; x_wconf 85' lang='lat' dir='ltr'><strong>omnesque</strong></span> <span class='ocrx_word' id='word_1_266' title='bbox 321 3391 379 3452; x_wconf 87' lang='lat' dir='ltr'><strong>rell.</strong></span> <span class='ocrx_word' id='word_1_267' title='bbox 396 3393 480 3450; x_wconf 86' lang='lat' dir='ltr'><strong>Dral.</strong></span> <span class='ocrx_word' id='word_1_268' title='bbox 502 3393 596 3453; x_wconf 83' lang='lat' dir='ltr'><strong>codd:</strong></span> <span class='ocrx_word' id='word_1_269' title='bbox 739 3394 847 3454; x_wconf 85' lang='lat' dir='ltr'><strong>iubebo.</strong></span> <span class='ocrx_word' id='word_1_270' title='bbox 864 3424 899 3436; x_wconf 85' lang='lat'><em>-</em></span> <span class='ocrx_word' id='word_1_271' title='bbox 917 3393 945 3453; x_wconf 79' lang='grc' dir='ltr'><strong>Μ</strong></span> <span class='ocrx_word' id='word_1_272' title='bbox 962 3393 1039 3455; x_wconf 86' lang='lat' dir='ltr'><strong>Leid.</strong></span> <span class='ocrx_word' id='word_1_273' title='bbox 1057 3415 1091 3454; x_wconf 75' lang='lat' dir='ltr'><strong>nr</strong></span> <span class='ocrx_word' id='word_1_274' title='bbox 1110 3399 1186 3464; x_wconf 85' lang='lat' dir='ltr'><strong>„nisi</strong></span> 
     </span>
    </p>

    <p class='ocr_par' dir='ltr' id='par_1_13' title="bbox 151 3479 1184 3558">
     <span class='ocr_line' id='line_1_33' title="bbox 151 3479 1184 3558; baseline 0.004 -23"><span class='ocrx_word' id='word_1_275' title='bbox 151 3500 247 3537; x_wconf 86' lang='lat' dir='ltr'><strong>omnes</strong></span> <span class='ocrx_word' id='word_1_276' title='bbox 256 3481 383 3556; x_wconf 89' lang='lat' dir='ltr'><strong>deinceps</strong></span> <span class='ocrx_word' id='word_1_277' title='bbox 394 3501 521 3537; x_wconf 80' lang='lat' dir='ltr'><strong>censores</strong></span> <span class='ocrx_word' id='word_1_278' title='bbox 534 3491 597 3558; x_wconf 88' lang='lat' dir='ltr'><strong>pust</strong></span> <span class='ocrx_word' id='word_1_279' title='bbox 739 3479 793 3539; x_wconf 87' lang='lat' dir='ltr'><strong>duo</strong></span> <span class='ocrx_word' id='word_1_280' title='bbox 801 3480 994 3540; x_wconf 84' lang='lat' dir='ltr'><strong>couliceriut“.</strong></span> <span class='ocrx_word' id='word_1_281' title='bbox 1009 3479 1092 3541; x_wconf 85' lang='lat' dir='ltr'><strong>Voss.</strong></span> <span class='ocrx_word' id='word_1_282' title='bbox 1103 3502 1130 3541; x_wconf 88' lang='lat' dir='ltr'><strong>n.</strong></span> <span class='ocrx_word' id='word_1_283' title='bbox 1140 3482 1184 3542; x_wconf 86' lang='lat' dir='ltr'><strong>al:</strong></span> 
     </span>
    </p>

    <p class='ocr_par' dir='ltr' id='par_1_14' title="bbox 53 3567 1185 3643">
     <span class='ocr_line' id='line_1_34' title="bbox 53 3567 1185 3643; baseline 0.003 -18"><span class='ocrx_word' id='word_1_284' title='bbox 53 3600 56 3605; x_wconf 76' lang='lat'><em>,</em></span> <span class='ocrx_word' id='word_1_285' title='bbox 150 3577 264 3625; x_wconf 85' lang='lat' dir='ltr'><strong>mortam</strong></span> <span class='ocrx_word' id='word_1_286' title='bbox 282 3571 402 3629; x_wconf 84' lang='lat' dir='ltr'><strong>censoris</strong></span> <span class='ocrx_word' id='word_1_287' title='bbox 415 3568 532 3643; x_wconf 83' lang='lat' dir='ltr'><strong>collegae</strong></span> <span class='ocrx_word' id='word_1_288' title='bbox 545 3578 597 3629; x_wconf 86' lang='lat' dir='ltr'><strong>cet.</strong></span> <span class='ocrx_word' id='word_1_289' title='bbox 737 3567 958 3634; x_wconf 60' lang='lat' dir='ltr'><strong>..contos-ente.</strong></span> <span class='ocrx_word' id='word_1_290' title='bbox 975 3569 1068 3627; x_wconf 86' lang='lat' dir='ltr'><strong>sedin</strong></span> <span class='ocrx_word' id='word_1_291' title='bbox 1082 3569 1106 3626; x_wconf 90' lang='lat' dir='ltr'><strong>P</strong></span> <span class='ocrx_word' id='word_1_292' title='bbox 1119 3574 1185 3628; x_wconf 88' lang='lat' dir='ltr'><strong>scri·</strong></span> 
     </span>
    </p>

    <p class='ocr_par' dir='ltr' id='par_1_15' title="bbox 74 3644 1186 3730">
     <span class='ocr_line' id='line_1_35' title="bbox 74 3644 1186 3730; baseline 0.014 -31"><span class='ocrx_word' id='word_1_293' title='bbox 74 3644 75 3648; x_wconf 69' lang='grc'>’</span> <span class='ocrx_word' id='word_1_294' title='bbox 396 3700 399 3704; x_wconf 85' lang='grc'><em>,</em></span> <span class='ocrx_word' id='word_1_295' title='bbox 736 3662 813 3730; x_wconf 88' lang='lat' dir='ltr'><strong>ptum</strong></span> <span class='ocrx_word' id='word_1_296' title='bbox 831 3664 874 3713; x_wconf 85' lang='lat' dir='ltr'><strong>est</strong></span> <span class='ocrx_word' id='word_1_297' title='bbox 887 3655 1077 3727; x_wconf 67' lang='lat' dir='ltr'><strong>confecerint.</strong></span> <span class='ocrx_word' id='word_1_298' title='bbox 1090 3690 1126 3703; x_wconf 87' lang='lat'>-</span> <span class='ocrx_word' id='word_1_299' title='bbox 1139 3658 1186 3715; x_wconf 89' lang='lat' dir='ltr'><strong>Plll</strong></span> 
     </span>
    </p>

    <p class='ocr_par' dir='ltr' id='par_1_16' title="bbox 50 3734 1185 3818">
     <span class='ocr_line' id='line_1_36' title="bbox 50 3734 1185 3818; baseline 0.006 -20"><span class='ocrx_word' id='word_1_300' title='bbox 50 3776 52 3780; x_wconf 67' lang='lat'>,</span> <span class='ocrx_word' id='word_1_301' title='bbox 80 3744 123 3802; x_wconf 70' lang='lat'><strong>12.</strong></span> <span class='ocrx_word' id='word_1_302' title='bbox 151 3752 181 3800; x_wconf 78' lang='lat' dir='ltr'><strong>te</strong></span> <span class='ocrx_word' id='word_1_303' title='bbox 199 3734 253 3799; x_wconf 73' lang='lat' dir='ltr'><strong>ure</strong></span> <span class='ocrx_word' id='word_1_304' title='bbox 271 3742 355 3816; x_wconf 82' lang='lat' dir='ltr'><strong>quod</strong></span> <span class='ocrx_word' id='word_1_305' title='bbox 371 3743 437 3800; x_wconf 82' lang='lat' dir='ltr'><strong>dies</strong></span> <span class='ocrx_word' id='word_1_306' title='bbox 454 3745 518 3800; x_wconf 72' lang='lat' dir='ltr'><strong>exit</strong></span> <span class='ocrx_word' id='word_1_307' title='bbox 533 3762 596 3799; x_wconf 83' lang='lat' dir='ltr'><strong>een·</strong></span> <span class='ocrx_word' id='word_1_308' title='bbox 738 3760 885 3818; x_wconf 84' lang='lat' dir='ltr'><strong>omnesque</strong></span> <span class='ocrx_word' id='word_1_309' title='bbox 907 3752 936 3798; x_wconf 89' lang='lat' dir='ltr'><strong>et</strong></span> <span class='ocrx_word' id='word_1_310' title='bbox 959 3741 1025 3802; x_wconf 86' lang='lat' dir='ltr'><strong>Pall.</strong></span> <span class='ocrx_word' id='word_1_311' title='bbox 1052 3754 1080 3801; x_wconf 85' lang='lat' dir='ltr'><strong>et</strong></span> <span class='ocrx_word' id='word_1_312' title='bbox 1102 3746 1185 3805; x_wconf 89' lang='lat' dir='ltr'><strong>Dral.</strong></span> 
     </span>
    </p>

    <p class='ocr_par' dir='ltr' id='par_1_17' title="bbox 43 3822 1187 3895">
     <span class='ocr_line' id='line_1_37' title="bbox 43 3822 1187 3895; baseline 0.003 -8"><span class='ocrx_word' id='word_1_313' title='bbox 43 3822 52 3833; x_wconf 61' lang='lat'><em>⁴</em></span> <span class='ocrx_word' id='word_1_314' title='bbox 149 3826 595 3888; x_wconf 16' lang='lat' dir='ltr'><strong>surae:Pt14rell.-Pttteid.1.</strong></span> <span class='ocrx_word' id='word_1_315' title='bbox 659 3884 662 3888; x_wconf 17' lang='grc' dir='ltr'><strong>Α</strong></span> <span class='ocrx_word' id='word_1_316' title='bbox 737 3828 831 3887; x_wconf 80' lang='lat' dir='ltr'><strong>codd:</strong></span> <span class='ocrx_word' id='word_1_317' title='bbox 851 3870 867 3895; x_wconf 89' lang='lat'>„</span> <span class='ocrx_word' id='word_1_318' title='bbox 877 3849 972 3887; x_wconf 82' lang='lat' dir='ltr'><strong>nec-</strong></span> <span class='ocrx_word' id='word_1_319' title='bbox 985 3831 1074 3890; x_wconf 88' lang='lat' dir='ltr'><strong>solum</strong></span> <span class='ocrx_word' id='word_1_320' title='bbox 1093 3854 1187 3891; x_wconf 88' lang='lat' dir='ltr'><strong>censu·</strong></span> 
     </span>
    </p>

    <p class='ocr_par' dir='ltr' id='par_1_18' title="bbox 148 3915 1187 3995">
     <span class='ocr_line' id='line_1_38' title="bbox 148 3915 1187 3995; baseline 0.005 -22"><span class='ocrx_word' id='word_1_321' title='bbox 148 3916 229 3976; x_wconf 84' lang='lat' dir='ltr'><strong>Voss.</strong></span> <span class='ocrx_word' id='word_1_322' title='bbox 242 3936 273 3976; x_wconf 90' lang='lat' dir='ltr'><strong>u.</strong></span> <span class='ocrx_word' id='word_1_323' title='bbox 284 3916 331 3976; x_wconf 86' lang='lat' dir='ltr'><strong>al.:</strong></span> <span class='ocrx_word' id='word_1_324' title='bbox 350 3937 385 3976; x_wconf 84' lang='lat' dir='ltr'><strong>ne</strong></span> <span class='ocrx_word' id='word_1_325' title='bbox 402 3917 477 3995; x_wconf 86' lang='lat' dir='ltr'><strong>quod</strong></span> <span class='ocrx_word' id='word_1_326' title='bbox 494 3915 595 3990; x_wconf 84' lang='lat' dir='ltr'><strong>collega</strong></span> <span class='ocrx_word' id='word_1_327' title='bbox 738 3934 795 3972; x_wconf 90' lang='lat' dir='ltr'><strong>ram</strong></span> <span class='ocrx_word' id='word_1_328' title='bbox 812 3934 904 3991; x_wconf 79' lang='lat' dir='ltr'><strong>gerere</strong></span> <span class='ocrx_word' id='word_1_329' title='bbox 925 3936 985 3975; x_wconf 75' lang='lat' dir='ltr'><strong>noa</strong></span> <span class='ocrx_word' id='word_1_330' title='bbox 1006 3921 1129 3995; x_wconf 86' lang='lat' dir='ltr'><strong>patiar“.</strong></span> <span class='ocrx_word' id='word_1_331' title='bbox 1158 3925 1187 3978; x_wconf 89' lang='lat' dir='ltr'><strong>iu</strong></span> 
     </span>
    </p>

    <p class='ocr_par' dir='ltr' id='par_1_19' title="bbox 146 4000 1186 4078">
     <span class='ocr_line' id='line_1_39' title="bbox 146 4000 1186 4078; baseline 0.005 -18"><span class='ocrx_word' id='word_1_332' title='bbox 146 4008 302 4078; x_wconf 83' lang='lat' dir='ltr'><strong>magistratu</strong></span> <span class='ocrx_word' id='word_1_333' title='bbox 326 4005 402 4064; x_wconf 89' lang='lat' dir='ltr'><strong>abiit.</strong></span> <span class='ocrx_word' id='word_1_334' title='bbox 423 4033 458 4048; x_wconf 90' lang='lat'>-</span> <span class='ocrx_word' id='word_1_335' title='bbox 484 4002 521 4060; x_wconf 81' lang='lat' dir='ltr'><strong>P:</strong></span> <span class='ocrx_word' id='word_1_336' title='bbox 551 4022 595 4058; x_wconf 89' lang='lat' dir='ltr'><strong>co·</strong></span> <span class='ocrx_word' id='word_1_337' title='bbox 737 4021 792 4058; x_wconf 87' lang='lat' dir='ltr'><strong>uno</strong></span> <span class='ocrx_word' id='word_1_338' title='bbox 810 4001 871 4061; x_wconf 88' lang='lat' dir='ltr'><strong>cod.</strong></span> <span class='ocrx_word' id='word_1_339' title='bbox 893 4000 1005 4063; x_wconf 69' lang='lat' dir='ltr'><strong>Vosaa.</strong></span> <span class='ocrx_word' id='word_1_340' title='bbox 1023 4025 1084 4064; x_wconf 83' lang='lat' dir='ltr'><strong>non</strong></span> <span class='ocrx_word' id='word_1_341' title='bbox 1102 4010 1186 4065; x_wconf 87' lang='lat' dir='ltr'><strong>omis·</strong></span> 
     </span>
    </p>

    <p class='ocr_par' dir='ltr' id='par_1_20' title="bbox 147 4088 1000 4166">
     <span class='ocr_line' id='line_1_40' title="bbox 147 4088 1000 4166; baseline 0.009 -24"><span class='ocrx_word' id='word_1_342' title='bbox 147 4091 249 4159; x_wconf 46' lang='lat' dir='ltr'><strong>hercet.</strong></span> <span class='ocrx_word' id='word_1_343' title='bbox 264 4093 388 4150; x_wconf 79' lang='lat' dir='ltr'><strong>uirtutem</strong></span> <span class='ocrx_word' id='word_1_344' title='bbox 414 4094 444 4151; x_wconf 79' lang='lat' dir='ltr'><strong>in</strong></span> <span class='ocrx_word' id='word_1_345' title='bbox 468 4090 595 4166; x_wconf 74' lang='lat' dir='ltr'><strong>superuis</strong></span> <span class='ocrx_word' id='word_1_346' title='bbox 736 4107 797 4147; x_wconf 76' lang='lat' dir='ltr'><strong>sum</strong></span> <span class='ocrx_word' id='word_1_347' title='bbox 815 4108 875 4146; x_wconf 71' lang='lat' dir='ltr'><strong>etse</strong></span> <span class='ocrx_word' id='word_1_348' title='bbox 892 4088 1000 4150; x_wconf 82' lang='lat' dir='ltr'><strong>dicitur.</strong></span> 
     </span>
    </p>
   </div>
   <div class='ocr_carea' id='block_1_5' title="bbox 0 0 1314 4590">
    <p class='ocr_par' dir='ltr' id='par_1_21' title="bbox 0 0 1314 4590">
     <span class='ocr_line' id='line_1_41' title="bbox 0 0 1314 4590; baseline 0 1"><span class='ocrx_word' id='word_1_349' title='bbox 0 0 1314 4590; x_wconf 95' lang='lat' dir='ltr'><strong> </strong></span> 
     </span>
    </p>
   </div>
  </div>
 </body>
</html>
