2618 4590
524 261 632 320 nram
644 204 694 327 n
1089 242 1154 314 125

64 423 149 512 quod
179 425 313 499 eosdem
346 410 514 491 reficerebt
543 423 686 490 tribrmos
710 421 827 513 plebis,
860 422 1035 513 perlaturos
1068 421 1154 490 enirn

61 551 139 616 quae
160 528 445 618 promulgaverintz
466 527 516 595 sin
537 527 625 616 quod
648 526 764 617 cuique
779 527 926 617 privatim
947 552 1029 616 opus
1050 526 1099 611 sit,
1120 527 1153 596 id

60 634 154 701 modo
178 633 279 722 accipi
300 632 411 714 velint,
440 654 521 723 opus
544 654 616 699 esse
636 631 714 697 nibil
735 632 889 701 invidiosa
919 632 1152 701 continuatione

28 782 31 787 -
58 733 202 804 honoris:
230 761 291 804 nec
317 760 352 803 se
373 735 565 807 tribunatum
592 760 653 804 nee
679 735 752 804 illos
781 761 820 805 ea
849 760 932 827 quae
953 735 1152 826 promulgata

56 840 120 905 sint
141 841 338 909 habituros'

1166 848 1184 903 5

145 943 214 1012 XL.
239 944 416 1013 ¹¹Adversus
444 954 510 1011 tam
533 944 724 1012 obstinatam
750 944 928 1012 orationem
957 944 1157 1012 tribunorum

57 1073 223 1139 cumprae
237 1049 419 1139 indignitate
442 1072 549 1117 rerum
570 1061 681 1139 stupor
697 1049 921 1140 silentiumque
939 1049 1012 1117 inde
1031 1061 1156 1117 ceteros

58 1165 183 1242 patrum
199 1152 367 1236 defixisset,
386 1152 449 1244 Ap.
466 1152 616 1221 Claudius
633 1153 765 1221 Crassus
780 1177 882 1243 nepos
899 1154 1070 1221 decemviri
1083 1153 1157 1221 diei-

58 1262 109 1325 tur‘
116 1257 191 1324 odio
207 1258 307 1348 magis
320 1259 430 1348 iraque
448 1283 545 1348 quam
562 1282 620 1350 spe
639 1259 680 1325 ad
698 1258 946 1325 dissuadendum
960 1259 1156 1350 processisse

61 1373 89 1429 et
114 1362 242 1429 locutus
267 1362 301 1429 in
329 1361 412 1428 hanc
439 1364 506 1433 lere
535 1363 725 1431 sententiam
754 1387 835 1437 esse.
872 1363 1012 1454 „Neque
1034 1387 1156 1439 novum
1168 1371 1204 1427 to

46 1458 160 1557 'neque
181 1466 382 1559 inopinatum
402 1467 482 1533 mibi
504 1467 545 1535 sit
567 1468 715 1554 Quirites,
741 1469 768 1535 si
789 1468 877 1558 quod
898 1493 999 1534 unum
1019 1469 1157 1537 familiae

33 1582 183 1639 'nomrae
200 1595 328 1663 semper
351 1572 514 1640 obiectum
536 1583 586 1640 est
608 1573 648 1639 ab
671 1574 839 1642 seditiosis·
850 1573 996 1654 tribunis,
1017 1573 1050 1639 id
1070 1597 1157 1641 nunc

60 1698 114 1764 ego
136 1700 269 1767 quoque
289 1678 426 1760 audiam,
449 1676 601 1744 Claudiae
624 1678 711 1767 genti
731 1677 795 1743 iarn
816 1677 890 1745 inde
913 1665 1057 1743 ab'initio
1079 1677 1158 1743 nibil
1258 1712 1266 1725 ·

55 1780 214 1871 'antiquius
236 1782 325 1848 inre
349 1781 476 1871 publica
498 1792 625 1870 patrum
640 1782 805 1849 maiestate
821 1782 927 1864 fuisse,
950 1804 1078 1873 semper
1092 1781 1159 1873 ple-

58 1882 102 1951 bis
125 1885 305 1952 commodis
328 1886 512 1953 adversatos
529 1908 610 1954 esse.
646 1910 785 1977 quorum
799 1885 935 1951 alterum
952 1910 1058 1976 neque
1074 1909 1158 1975 nego
1171 1889 1206 1945 15

57 2011 159 2080 neque
180 1989 296 2059 infitias
319 2015 375 2074 eo,
402 2015 462 2059 nos
487 2015 528 2059 ex
550 2014 615 2080 quo
639 1990 750 2063 adsciti
772 2013 883 2057 sumus
911 1989 1007 2057 simul
1031 1991 1064 2056 in
1086 1988 1159 2057 civi-

124 2176 194 2239 l'ere.
221 2180 300 2240 Voss.
320 2203 348 2241 11.
372 2182 419 2242 al:
442 2183 514 2243 ferri.
537 2215 571 2224 -

116 2260 203 2320 Leid.
219 2289 237 2326 r.
256 2258 330 2329 llari.
349 2289 379 2328 1.:
403 2272 428 2327 si
447 2273 572 2328 coniuxte

124 2349 198 2411 ferre
209 2357 260 2408 cet.
281 2354 326 2414 Cf.
341 2360 367 2425 b,
386 2359 444 2416 to:
463 2368 516 2427 „ut
528 2379 571 2414 ro·

101 2437 249 2512 ,gationes
283 2448 390 2497 nostras
417 2475 451 2485 -
479 2465 573 2502 omnes

87 2514 92 2525 '
125 2527 294 2593 coniunctim
328 2531 498 2606 accipiatis“.
536 2562 573 2576 -

122 2611 186 2669 Ptt:
205 2611 345 2670 reficerent
363 2624 397 2673 tr.
414 2616 452 2693 pl.

73 2701 98 2759 1.
126 2718 205 2776 quae
225 2703 418 2781 promulgata
441 2707 516 2762 sint:
541 2705 571 2765 P.

124 2817 162 2829 -
179 2784 223 2843 ll:
242 2789 287 2847 sit.

62 2873 99 2933 to.
124 2892 222 2948 neque
239 2895 350 2931 nouum
367 2896 464 2954 neque
481 2879 573 2955 inopi·

124 2966 229 3015 natum
247 2962 321 3018 mibi
331 2965 384 3019 sit:
401 2962 460 3024 ΡΜ.
473 2996 507 3006 -
518 2965 577 3022 Lo-

124 3043 180 3104 vel.
197 3049 239 3104 5.:
262 3067 311 3104 nec
334 3070 435 3108 nonum
454 3073 504 3110 nec
522 3062 573 3114 eet.

123 3132 208 3211 Reos.
227 3131 273 3190 alti
291 3136 384 3195 cedda
404 3160 454 3197 nee
471 3160 574 3199 nouum

101 3235 216 3297 meque
232 3231 283 3281 cet.
307 3254 341 3266 -·
367 3225 389 3282 P
413 3248 449 3287 m.
473 3231 511 3288 1.:
538 3227 570 3284 ab

30 3300 57 3311 '¹
124 3306 270 3365 seditionis
294 3311 418 3376 tribunis.
447 3314 523 3374 Pm.
545 3317 571 3374 2.

122 3392 169 3451 ll:
189 3394 334 3457 seditiosis.

62 3480 100 3540 13.
123 3479 204 3538 nihil
219 3487 373 3560 antiquius
396 3489 426 3543 in
444 3495 504 3564 rep.
519 3509 574 3562 pa·

123 3576 207 3625 trum
214 3572 495 3643 maiestatefuiase:
513 3573 574 3646 ΡΜ]

123 3652 167 3711 nil
184 3658 320 3733 antiquius
339 3669 390 3717 cet.
404 3692 436 3704 -
454 3659 529 3720 Harl.
542 3680 574 3718 n:

127 3740 197 3797 nibil
219 3746 352 3820 antiquus.
383 3744 509 3805 Leid.1.:
537 3744 576 3802 nil

128 3827 262 3909 antiquus.
295 3863 327 3874 -
367 3831 418 3888 Pll
453 3831 526 3892 Harl.
555 3852 574 3891 1.

125 3911 208 3972 Leid.
224 3931 243 3968 t·
261 3919 311 3972 al:
330 3917 459 3978 Claudiae
476 3920 575 3995 gentis.

62 4001 100 4059 15.
129 4019 228 4074 neque
249 4019 326 4080 nego
349 4018 445 4078 neque
462 4007 576 4077 infitias

129 4107 183 4144 eo.-
200 4084 228 4142 ll
244 4107 288 4146 m,
299 4091 323 4145 1.
335 4086 370 4144 P:
389 4091 443 4146 nisi
460 4086 534 4165 quod
546 4090 576 4144 iu

714 2181 736 2240 P
755 2183 868 2239 inficias.
887 2213 921 2223 —
944 2180 1024 2241 tlm.
1042 2183 1081 2240 2:
1099 2178 1159 2238 inli-

714 2273 782 2328 tiase
801 2291 879 2328 nos:
897 2269 997 2326 littera
1027 2293 1045 2328 o
1076 2289 1159 2326 erasa.
1239 2340 1242 2345 Ι

712 2357 838 2436 Plerique
856 2358 935 2416 codd.
958 2379 1042 2418 rece:
1071 2375 1160 2433 neque

713 2465 782 2521 nego
793 2464 880 2523 noque
888 2445 999 2504 intitior.
1012 2445 1065 2503 lac.
1075 2443 1160 2501 Gron.
1268 2518 1273 2525 ι

714 2535 798 2590 scribi
816 2532 915 2602 voluit,
940 2533 1014 2610 quod
1032 2537 1057 2600 9,
1080 2536 1105 2589 9.
1123 2529 1160 2585 le-

616 2680 619 2685 ,
713 2623 785 2694 gitur
802 2642 916 2698 „noque
928 2641 976 2695 ego
989 2619 1090 2676 infitias
1106 2620 1160 2673 eo“

714 2718 762 2763 sort
780 2728 890 2784 „neque
907 2709 998 2763 nescio
1017 2726 1103 2781 neque
1121 2706 1161 2759 in·

714 2793 787 2848 litias
806 2800 870 2850 eo‘⁴.
891 2793 952 2849 Non
971 2793 1043 2848 idem
1060 2788 1162 2867 signifi·

715 2888 759 2933 cat
769 2877 891 2934 hocloco
901 2898 996 2955 neque
1005 2896 1080 2955 nego
1089 2873 1163 2948 quod

715 2985 812 3042 neque
830 2965 944 3040 infitias
965 2985 1009 3023 eo.
1040 2966 1068 3019 in
1090 2971 1162 3018 utro·

715 3072 768 3128 que
780 3052 888 3128 quidem
901 3054 980 3119 inest,
1000 3050 1120 3131 Appium
1132 3047 1162 3105 id

715 3139 788 3215 qnod
799 3139 987 3216 perhiberetur
998 3158 1094 3214 negare
1104 3133 1163 3192 nol·

714 3225 755 3283 lea
773 3227 823 3282 sed
841 3227 920 3285 illud
935 3237 1071 3305 praeterea
1090 3243 1163 3280 conr-

679 3316 680 3319 ’
714 3311 841 3392 plectitur
851 3323 877 3367 ct
886 3317 1021 3389 exprimit,
1033 3312 1062 3366 id
1074 3313 1164 3387 ipsum

714 3397 795 3472 vulgo
820 3399 876 3453 dici
897 3397 1000 3465 solere;
1030 3399 1086 3454 ltoc
1109 3395 1163 3452 ior·
1231 3386 1238 3405 ⁸

717 3487 772 3541 tius
792 3484 871 3552 dicit,
895 3504 956 3539 enm
974 3483 1012 3553 id,
1031 3484 1064 3540 ad
1084 3503 1164 3560 quem

715 3573 884 3649 pertineret,
927 3569 999 3627 nolle
1033 3569 1162 3627 refutare:
1242 3641 1247 3657 ἣ

719 3657 787 3727 „ich
804 3657 871 3732 gebe
890 3677 919 3743 cs
938 3679 971 3714 zu
994 3659 1051 3717 und
1067 3657 1163 3733 lingue

718 3763 747 3798 es
767 3743 874 3803 nicht“.

647 3833 691 3890 16.
715 3851 771 3886 nos
789 3852 830 3887 ex
849 3852 908 3906 quo
930 3833 1041 3890 adsciti
1060 3846 1161 3906 sunaus

716 3918 810 3974 simul
830 3920 861 3972 in
886 3919 1033 3983 ciuitatem
1056 3923 1085 3970 et
1106 3934 1161 3990 pa·

717 4011 795 4058 tres:
813 4004 862 4055 ΡΜ
879 3998 950 4056 Harl.
964 4019 982 4058 t.
1000 3998 1112 4075 Leidaut.
1125 4002 1167 4044 -’

717 4084 843 4143 flavere:
870 4087 900 4142 ia
924 4087 1060 4144 ciuitatem
1083 4096 1111 4144 et
1130 4091 1161 4144 in
