2618 4590
169 248 235 322 asa
408 290 411 295 -
621 262 818 357 manvu

171 424 213 494 ad
235 427 394 495 Satricum
422 426 564 493 adlatum
591 438 650 493 est.
689 437 858 517 utrumque
886 426 1008 494 bellmn
1029 425 1157 494 Plautio
1189 440 1270 496 sone

170 533 267 600 venit.
305 532 393 622 prius
422 531 463 596 ad
489 531 677 599 Pn'vemmn
711 531 876 620 profectus
904 531 1068 621 extemplo
1100 530 1171 599 acie
1202 556 1270 600 con

171 637 266 705 llixit.
302 635 391 702 haud
412 658 528 726 magno
552 637 724 703 certamine
754 636 869 704 devicti
890 636 1016 718 hostes,
1043 635 1202 726 oppidum
1226 661 1269 705 ca

126 720 262 830 ptum
288 741 511 832 redditumque
538 740 772 808 PrIvernatibus
799 740 956 830 praesidio
984 740 1090 807 valido
1124 741 1267 831 inposito,

139 846 237 936 tagri
258 858 365 935 partes
388 846 470 912 duae
493 845 671 935 ademptae.
708 842 782 912 inde
804 844 906 912 victor
934 844 1091 912 exercitus
1113 844 1268 913 Satricum

171 962 282 1018 eontra
309 948 444 1018 Antiatis
479 949 610 1016 ductus:
641 949 685 1015 ibi
711 974 826 1039 magna
859 951 1019 1040 utrimque
1054 949 1155 1016 caede
1183 961 1268 1017 atrax

168 1054 328 1145 proelium
341 1042 424 1137 'stria
459 1065 589 1120 etcum
610 1063 785 1142 tempestas
814 1077 871 1121 eos
899 1066 1013 1122 neutro
1042 1054 1193 1121 inclinata
1216 1078 1267 1145 spe

170 1160 356 1225 dimicantes
379 1158 571 1242 diremisset,
598 1159 735 1227 Romani
757 1158 835 1226 nihil
857 1183 898 1227 eo
920 1157 1092 1227 certamine
1117 1169 1188 1225 tam
1209 1183 1267 1225 am

41 1282 44 1291 ·
168 1262 265 1352 biguo
287 1262 365 1330 lessi
385 1263 419 1329 in
441 1274 608 1353 posterum
629 1263 715 1331 diem
735 1263 895 1354 proelimn
917 1275 1039 1353 parant.
1076 1263 1206 1331 Vulscis
1226 1287 1268 1330 re·

91 1436 94 1443 ,
123 1367 373 1433 incensantibus
408 1391 490 1457 quos
517 1367 602 1436 viros
630 1368 664 1435 in
697 1369 764 1436 acie
798 1368 990 1452 amisissent,
1022 1367 1268 1459 haudquaquam

168 1471 255 1538 idem
277 1471 399 1538 animus
423 1472 463 1538 ad
485 1470 663 1539 iterandum
683 1472 864 1563 periculum
885 1472 960 1540 fuit:
981 1483 1077 1539 nocte
1099 1496 1161 1562 pro
1182 1473 1269 1542 victis

167 1575 300 1643 Antium
323 1576 448 1666 agmine
470 1576 596 1666 trepido
618 1579 733 1645 sauciis
756 1602 793 1645 ac
807 1589 898 1669 parte
912 1576 1204 1666 inpedimentorum
1225 1602 1268 1645 re

157 1679 242 1747 'licta
265 1680 420 1748 abierunt.
455 1705 618 1748 armanum
631 1706 747 1772 magna
761 1683 810 1750 vis
833 1706 907 1749 cum
925 1682 1006 1748 inter
1021 1705 1114 1747 caesa
1128 1681 1269 1750 hostium

167 1807 304 1875 corpora
326 1797 397 1852 tum
418 1786 452 1852 in
474 1786 584 1854 castris
605 1787 733 1854 inventa
756 1798 819 1855 est:
848 1810 886 1853 ea
907 1782 995 1851 Luae
1017 1783 1110 1850 matri
1138 1786 1214 1854 dare
1236 1811 1269 1854 se

121 1898 156 1953 15
169 1889 283 1959 consul
304 1890 398 1974 dixit,
431 1891 577 1982 finesque
598 1890 739 1959 hostium
760 1915 864 1983 usque
888 1891 928 1958 ad
956 1913 1046 1957 oram
1068 1888 1270 1959 maritumam

167 2007 218 2065 est
239 1995 463 2088 depopulatus.
501 1996 602 2065 Alteri
629 1997 753 2065 consuli
773 1996 947 2067 Aemilio
937 2008 1081 2087 ingresso
1103 1979 1269 2064 Saliellum

187 2191 213 2248 1.
240 2198 398 2266 utrumqne
426 2187 537 2247 bellum
562 2188 684 2246 Plautio
825 2184 867 2245 Μ.
880 2196 1022 2262 naetepro
1035 2187 1199 2244 uictiaantic
1212 2186 1271 2260 (vel

238 2285 320 2333 sorte
356 2278 451 2333 uenit:
488 2276 538 2332 ΡΜ
565 2274 639 2334 Harl.
666 2294 684 2335 t.
826 2273 1269 2354 „antiu“)magnetrapidosau·

237 2360 315 2418 Laid.
330 2381 349 2420 1.
369 2362 402 2421 al.
429 2394 464 2405 -
485 2361 566 2420 Recc.
590 2361 683 2422 codd:
825 2365 875 2420 cite
899 2382 931 2417 ac
952 2370 1028 2438 parte
1043 2361 1270 2437 ipedimentarum

238 2450 336 2504 euenit.
367 2448 410 2506 Cf.
430 2451 474 2517 ll,
493 2451 535 2507 17.
826 2449 919 2506 relicta
941 2448 1073 2510 abierunt.
1102 2450 1176 2510 im.
1190 2451 1219 2511 3.
1241 2451 1270 2506 in

183 2537 211 2593 6.
238 2544 342 2591 contra
361 2537 505 2594 Antiatis:
528 2534 567 2608 P]
591 2545 683 2593 contra
824 2537 885 2594 loca
903 2557 965 2593 rasa
987 2545 1036 2596 est.

237 2623 361 2680 Antiates
378 2623 445 2694 (ll).
460 2654 495 2664 -
512 2623 553 2680 lll:
572 2624 611 2680 ibi
629 2644 685 2680 ma·

240 2729 291 2786 gna
317 2712 453 2788 utrimque
479 2711 578 2767 caudae
606 2721 684 2769 atrox

236 2795 367 2875 praelium
385 2797 437 2855 fuit
454 2807 482 2857 et
499 2820 560 2857 cum
582 2809 684 2878 tempe·

236 2895 293 2942 stas
308 2889 313 2957 Ι
329 2905 376 2942 eos
401 2907 500 2945 numan
526 2898 620 2946 neutro
642 2890 683 2946 in·

237 2970 334 3029 clinata
357 2994 407 3050 spe
430 2974 588 3049 dimicantes
607 2975 682 3033 dere·

235 3061 288 3115 mis
313 3061 362 3116 sed
384 3065 489 3119 romani
507 3071 558 3120 cet.
588 3082 622 3119 m.
641 3064 682 3120 2:

239 3144 358 3204 disemis.

182 3233 210 3289 9.
238 3232 359 3291 Volscis
371 3233 589 3290 recensentibus
607 3253 682 3308 quoe

237 3321 322 3377 uiros
348 3322 380 3377 in
406 3322 469 3378 acie
495 3322 682 3377 amisissent.-
1110 3376 1115 3385 ,

236 3405 259 3463 Ρ
277 3427 313 3467 m.
332 3410 358 3467 Μ.
376 3407 412 3468 Μ
424 3439 459 3453 ·-
477 3407 547 3466 Pm.
561 3411 597 3467 12:
618 3411 682 3465 ami·
754 3408 797 3468 14.
824 3408 908 3465 Luae
925 3409 1027 3466 matri:
1045 3406 1074 3465 Μ
1090 3428 1127 3467 m.
1146 3409 1171 3464 1.
1186 3406 1217 3466 P.
1236 3440 1267 3451 -

237 3505 350 3555 cessent.
368 3526 404 3539 -
422 3496 492 3555 cod.
510 3495 567 3570 sig.
585 3495 683 3573 aliique
824 3495 897 3556 ttm.
907 3498 1031 3557 inmari.
1044 3495 1088 3557 CR
1100 3497 1144 3564 45,
1154 3498 1198 3555 33.
1207 3498 1233 3563 8,
1244 3498 1269 3554 6.

237 3595 397 3658 recc.:quot
405 3586 487 3642 uiros.
498 3581 633 3642 -Louel,
643 3585 682 3642 a:
816 3583 884 3644 'Aul
903 3583 1007 3640 Gellius
1025 3587 1073 3653 13,
1097 3586 1156 3640 22:
1186 3583 1271 3641 Luam

238 3687 307 3743 quus
325 3672 354 3726 in
367 3674 423 3729 acia
435 3673 510 3726 uiros
522 3672 682 3731 amisissent.
823 3671 940 3730 Saturni.
959 3703 993 3714 -
1016 3669 1060 3727 lll:
1081 3670 1206 3747 {iniquae
1223 3670 1271 3725 hc·

167 3752 212 3812 11.
235 3774 292 3829 pro
312 3758 413 3813 uictis:
430 3757 488 3816 ΡΜ.
507 3757 541 3816 cl.
559 3760 585 3827 2,
602 3761 628 3816 7.
654 3761 681 3826 l,
822 3761 903 3815 stium
930 3778 1015 3835 usque
1042 3757 1076 3814 ad
1103 3758 1198 3814 huram
1220 3765 1271 3815 cet.

235 3843 281 3900 39.
299 3839 332 3901 al.
345 3872 381 3886 -
398 3842 478 3904 Reae.
497 3845 570 3921 quid.
592 3845 681 3904 cedda
822 3876 858 3890 —
892 3846 1084 3901 Maritnmnm
1119 3846 1272 3918 recepimus

235 3929 359 4006 profecti.
372 3960 403 3972 -
419 3931 546 3991 Pilarln.
561 3929 638 3991 Laid.
649 3952 681 3990 ω
822 3952 873 4010 pra
886 3934 1064 3988 maritimam
1076 3930 1161 4002 (ΡΜ)
1176 3953 1208 3988 ex
1221 3930 1271 3987 Pa·

236 4018 342 4090 agminc
362 4019 486 4094 trepidos
509 4021 610 4076 'sauciis
631 4029 682 4078 cet.
822 4023 870 4078 ris.
889 4018 949 4078 cad.
971 4040 1044 4078 num.
1062 4021 1143 4080 5726.
1181 4017 1225 4078 cf.
1244 4021 1272 4085 7,

235 4128 272 4145 -·
299 4101 322 4158 P
344 4124 380 4164 m.
402 4112 447 4165 1.=
472 4105 627 4164 habierunt
647 4135 682 4148 ··
822 4108 882 4162 30.=
901 4107 1029 4164 escendit.

756 2670 799 2728 13.
825 2689 892 2726 cum
920 2670 997 2725 inter
1026 2687 1117 2725 caeca
1141 2666 1270 2725 leontium

825 2775 965 2832 corpora:
974 2752 1023 2811 ΡΜ
1033 2753 1148 2827 Laud]
1160 2760 1219 2812 tuni
1230 2757 1269 2811 in-

824 2852 866 2899 ter
878 2862 954 2898 caesa
967 2861 1081 2917 corpora
1092 2838 1221 2901 hostium.
1236 2872 1270 2884 -

823 2918 898 2987 Harl.
914 2948 931 2987 t.
954 2927 1002 2986 al:
1029 2938 1084 2984 tum
1101 2928 1173 2983 iuter
1192 2948 1271 2985 caesa

823 3017 941 3071 hostium
951 3034 1071 3093 corpora.
1080 3040 1113 3054 -
1124 3012 1156 3068 ln
1164 3010 1271 3074 Leidt.

823 3103 980 3160 exciderunt
1002 3122 1072 3180 quac
1091 3101 1162 3158 inter
1189 3103 1270 3178 inpe-

825 3189 1021 3247 dimentorum
1033 3199 1060 3246 et
1071 3208 1199 3264 corpora
1207 3198 1271 3247 tum

824 3285 896 3338 sunt.
