2816 4726
269 225 282 268 Ι

498 223 500 228 ’
546 283 718 382 runnu,
1095 273 1179 354 ,aar

79 445 203 516 omisso
225 445 370 516 Boviano
394 447 434 518 ed
456 447 616 540 Fregellas
638 448 756 542 pergit:
776 449 862 518 unde
883 462 1038 520 nocturna
1059 452 1180 520 Samni-

83 553 168 619 tium
189 551 264 643 fuga
287 553 355 620 sine
377 553 549 636 certamine
570 555 705 646 receptio
720 553 871 646 Fregellis
885 557 1106 648 praesidioque
1128 581 1180 624 va-

83 657 151 725 lido
174 657 312 747 inposito
335 659 368 726 in
390 658 598 748 Campaniam
618 659 756 728 reditum
777 659 915 727 maxime
937 660 979 726 ad
994 660 1123 730 Nolam'
1135 685 1179 727 ar·

10 772 14 778 '
79 761 142 834 mit
165 749 381 852 repetendam.
404 787 444 832 eo
466 785 502 830 se
523 761 604 830 intra
625 765 753 832 moenia
774 765 834 832 sub
857 765 1029 833 adventum
1050 766 1180 834 dictato·
1271 769 1273 778 ’

79 866 124 936 ris
148 877 182 934 et
203 867 393 936 Samnitium
420 865 524 936 omnis
551 866 722 936 multitudo
750 880 783 937 et
803 867 920 938 Nolani
946 871 1085 961 agrestes'
1107 893 1179 938 eon·
1198 885 1215 940 5

80 969 235 1040 tulerant.
258 972 393 1042 dictator
411 949 500 1040 urbia
523 955 585 1048 oitb
607 971 850 1064 circumspecto,
872 997 937 1064 quo
960 974 1098 1064 apertior
1119 975 1180 1042 adi-

79 1086 134 1143 tus
156 1077 197 1142 ad
223 1078 350 1147 moenia
373 1089 473 1162 esset,
506 1076 613 1146 omnia
642 1075 848 1144 aedilicia
870 1089 904 1146 et
929 1077 1113 1168 frequenter
1138 1077 1181 1146 ibi
1254 1151 1259 1160 .

80 1179 284 1248 habitabatur
304 1221 349 1238 *-
374 1183 576 1252 circumiecta
602 1178 702 1248 muris
728 1181 882 1250 incendit:
919 1205 980 1250 nee
1007 1184 1050 1256 ita
1078 1184 1181 1250 multo
1247 1269 1249 1282 Ι

67 1277 158 1375 ¹post
188 1285 255 1353 sive
284 1311 303 1356 u
330 1287 475 1358 Poetelio
508 1286 661 1354 dictatore
694 1285 763 1355 sive
792 1287 831 1354 ab
861 1285 899 1357 C.
925 1287 1016 1356 lunio
1049 1287 1207 1356 consule·

81 1413 224 1470 —nam
245 1401 418 1483 utrumque
446 1391 578 1462 traditur
599 1429 644 1440 -
665 1390 750 1462 Nola
773 1402 822 1461 est
850 1402 953 1482 capta.
991 1392 1047 1484 qui
1068 1405 1179 1483 captae
1194 1407 1228 1462 10

81 1493 180 1566 decus
201 1493 307 1562 Nolae
329 1497 370 1564 ad
392 1497 558 1568 consulem
586 1495 730 1580 trahunt,
758 1495 896 1566 adiciunt
916 1496 1044 1564 Atinam
1066 1509 1099 1565 et
1123 1495 1181 1564 Ca-

81 1597 190 1666 latiam
212 1599 252 1667 ab
274 1601 391 1668 eodem
419 1613 543 1692 captas,
564 1601 744 1669 Poetelium
773 1611 880 1668 autem
908 1601 1089 1691 pestilentia
1107 1615 1182 1672 orta

81 1703 165 1772 elavi
192 1704 309 1796 figendi
337 1729 434 1776 eausa
462 1705 650 1773 dictatorem
677 1705 806 1772 dietum.
836 1705 961 1774 Suessa
989 1717 1022 1773 et
1049 1705 1181 1805 Pontiae

99 1871 127 1930 i.
153 1891 189 1929 co
207 1892 242 1929 ιιι
253 1873 333 1928 intra
345 1875 463 1930 moenio
480 1872 597 1930 eubad·
738 1845 838 1932 cendit.
855 1870 895 1930 bl:
913 1873 983 1930 eirea
995 1873 1080 1938 iaeete
1098 1874 1182 1932 muria

151 1967 271 2015 uentum
280 1959 434 2017 dictatorie
443 1970 473 2017 et
481 1958 598 2018 Somni·

738 1959 867 2018 incendit.

150 2048 224 2102 tium
255 2049 351 2104 omnio
380 2046 538 2105 multitudo
569 2055 599 2104 ct
686 2045 712 2104 9.
739 2047 804 2102 siue
833 2067 854 2102 a
882 2048 1002 2124 poetilio
1038 2048 1183 2106 dictatore

151 2131 267 2192 Nolani
299 2143 436 2213 agrestes
469 2135 598 2192 contule-

151 2231 234 2279 rant:
260 2219 287 2278 Μ
308 2242 345 2281 m.
368 2224 410 2290 3.‚
437 2241 499 2280 nam
516 2241 552 2281 m.
571 2223 597 2281 ι.

151 2310 282 2386 seriptum
300 2318 358 2367 erat
373 2311 540 2367 contulerat
551 2329 597 2366 eo·
634 2319 639 2332 “

152 2395 213 2454 dem
232 2397 330 2455 mendo
347 2417 401 2476 quo
414 2401 441 2468 9,
453 2400 497 2456 ut.
509 2399 537 2454 ιιι
548 2396 598 2455 ΡΜ

150 2488 322 2543 constiterat
330 2488 597 2563 protonotiterant:

84 2601 87 2618 ·
152 2571 186 2632 ιιι.
206 2603 238 2620 .-
262 2573 283 2630 Ρ
300 2571 457 2646 (Leid.1.)=
482 2583 534 2644 „et
554 2593 597 2630 aa·

152 2661 276 2718 mnitium
298 2663 387 2718 omnis
408 2661 553 2719 multitudo
571 2669 599 2716 et

153 2745 244 2803 nolani
255 2757 371 2818 agrestas
380 2747 523 2808 otulerat“.
541 2749 598 2824 Sig.

155 2832 283 2890 Gelenius
300 2835 330 2890 iu
352 2835 409 2891 auia
430 2834 508 2891 libris
525 2835 599 2890 inve-

155 2922 229 2978 niere
257 2920 329 2980 vult:
367 2930 417 2990 „et
443 2921 599 2978 samnitium

155 3011 244 3068 omnir
272 3008 416 3068 multitudo
446 3017 474 3066 et
502 3007 599 3066 nolana

154 3099 296 3172 agrestis‘.⁴

103 3189 128 3244 7.
156 3185 376 3264 etfrequenter·
393 3185 599 3244 ibibobitoba·

156 3281 222 3328 tur:
248 3271 308 3331 eod.
336 3272 458 3347 sig.-
493 3271 524 3328 ln
550 3269 599 3328 ΡΜ

156 3358 510 3438 omnibusquepropellral.
520 3358 600 3418 eodd.

156 3448 285 3521 roriptum
303 3456 358 3502 este
381 3457 431 3515 „et
447 3446 601 3524 frequenter

157 3534 196 3590 ibi
213 3533 390 3590 habitatur“=
408 3533 456 3590 sed
475 3537 514 3592 oa
526 3533 600 3592 vide·

156 3631 201 3678 tur
211 3631 323 3700 propter
333 3620 535 3678 similitudinem
547 3620 601 3698 oyl-

155 3709 233 3768 labae
243 3719 282 3766 -ιιι
299 3710 515 3786 praetermissum
532 3727 601 3769 eoae.

157 3798 192 3857 el.
215 3799 247 3866 ι,
265 3799 322 3858 dle
347 3796 480 3856 incendii·
504 3796 603 3855 deinde

156 3905 212 3943 non
224 3885 348 3944 villarum
359 3885 441 3942 modo
459 3885 507 3941 aed
519 3885 601 3941 etiam

156 3975 291 4041 vicorum,
322 3975 420 4050 quibus
449 3971 602 4048 frequenter

156 4058 338 4128 habitabatur,
364 4059 459 4116 Sabini
485 4061 603 4118 excitati.
667 4087 671 4096 ·

156 4177 192 4198 m
209 4145 245 4206 P:
269 4149 441 4206 circumiecta
461 4149 545 4206 muria
563 4148 603 4204 in-

473 4399 479 4438 t

727 2125 807 2190 ¹uiue¹
827 2133 865 2189 ab
887 2145 912 2193 ῐ.
933 2133 1076 2204 (dircen)
1101 2137 1181 2192 iunio
1202 2189 1204 2196 .

739 2221 877 2278 consule:
894 2219 953 2281 ΡΜ.
972 2253 1006 2266 -
1030 2222 1109 2282 Reae.
1128 2222 1182 2280 duo

715 2293 718 2316 ¹
739 2305 836 2366 coddr
853 2309 912 2366 siue
929 2329 945 2366 a
963 2311 995 2370 C.
1013 2309 1143 2389 Poetelio.
1198 2356 1201 2366 .

669 2397 712 2456 10.
739 2396 793 2473 qui
809 2404 913 2470 captae
925 2397 1018 2456 decue
1029 2399 1128 2460 Notae
1140 2397 1185 2454 ad

737 2489 798 2542 cod.
810 2483 949 2542 trahunt:
967 2485 997 2544 P.
1011 2517 1044 2528 -
1056 2485 1097 2542 Μι
1110 2487 1184 2562 „qui

739 2579 820 2645 napta
846 2569 929 2628 deuna
949 2573 1036 2631 'nolae
1065 2573 1100 2628 ad
1128 2577 1185 2632 coi.

738 2661 881 2715 trabunt“:
899 2658 949 2715 aed
964 2670 1015 2735 pte
1033 2671 1061 2717 et
1076 2681 1093 2716 e
1111 2679 1145 2716 ιιι.
1158 2663 1185 2718 3.

739 2747 840 2820 scripta
858 2755 923 2801 aunt
939 2748 968 2801 in
985 2746 1046 2803 loeo
1064 2749 1135 2804 reso.
1149 2777 1184 2788 -·

741 2831 803 2889 Ptl:
822 2831 942 2888 odiciurrt
955 2835 1054 2889 atinam
1072 2843 1099 2889 et
1116 2831 1184 2888 cala·
1243 2893 1245 2900 y

740 2921 807 2976 tiam
825 2919 858 2975 ab
876 2919 970 2976 codena
990 2930 1081 2997 captas
1099 2922 1185 2999 poeti·

741 3005 808 3065 lium
838 3015 926 3064 autem
950 3008 1101 3085 pestilentia
1127 3019 1186 3064 orta

638 3159 641 3172 .
740 3093 809 3152 claui
824 3094 925 3170 ligendi
936 3117 1014 3154 eausa
1028 3097 1186 3154 dictatorem

740 3183 850 3244 dietum.
868 3183 911 3243 Cl'.
930 3189 956 3254 7,
974 3189 1000 3246 3.

672 3273 716 3331 13.
743 3271 860 3330 Suessa
889 3281 919 3329 et
943 3271 1054 3330 Pontia
1082 3271 1186 3330 eodem

741 3361 1188 3416 onnocoloniaedeductacount
1253 3413 1255 3418 ,

741 3465 797 3502 non
819 3445 901 3502 modo
921 3449 950 3501 in
967 3445 1014 3503 ΡΜ
1035 3446 1084 3504 red
1108 3448 1187 3502 etium

742 3534 772 3596 in
790 3533 915 3600 omnibus
933 3533 1089 3592 melioribus
1105 3534 1187 3592 Drul.

742 3619 821 3678 libris
845 3623 975 3699 scriptum
1000 3633 1054 3680 estu
1082 3619 1131 3680 ne'u
1149 3632 1193 3678 to·-

743 3727 805 3767 tuen
824 3708 934 3766 dubium
947 3710 1054 3768 videtur
1068 3713 1132 3788 quin
1145 3710 1188 3766 lit·

743 3805 800 3853 tera
819 3819 836 3855 ι
853 3800 882 3855 in
899 3798 1025 3857 Pontiae
1042 3799 1134 3855 eadem
1146 3796 1189 3854 ιιι-

742 3894 799 3942 tera
817 3906 834 3942 ι
851 3895 979 3963 aequente
991 3887 1159 3963 neglegenter
1174 3906 1189 3940 a

744 3970 861 4029 librariis
873 3977 1058 4052 praetermissa
1071 3978 1115 4041 sit,
1128 3993 1189 4029 eum

743 4061 772 4117 in
783 4060 883 4116 eisdem
896 4063 1013 4138 antiquis
1023 4063 1099 4119 libris
1109 4060 1189 4139 paulo

745 4151 1189 4225 portsequaturaceuaativuspon-
1303 4141 1312 4150 ’
