2618 4590
134 137 219 245 ‚aa
276 214 283 231 ,
350 166 356 177 '
604 177 790 293 tumeam

157 342 198 413 ad
221 344 341 412 lamam
364 341 537 414 obsidionis
559 342 693 411 dilectus
714 341 823 411 haberi
845 342 981 432 coeptus¹
1000 352 1086 424 erat,
1111 338 1267 409 dimissus

156 449 271 517 deinde
287 447 478 517 auxiliorum
497 458 666 538 apparatus
682 459 854 537 postquam
869 447 1062 515 deditionem
1079 457 1156 514 tam
1172 446 1266 514 foede

156 552 275 635 factam
297 563 504 642 acceperunt,
532 550 760 642 extemploque
789 553 857 618 sine
884 551 948 617 ulla
971 550 1101 641 publica
1128 551 1265 620 auctori

155 667 220 736 late
243 670 435 725 consensum
449 657 482 723 in
505 642 635 724 onmem
649 656 786 724 [onnam
800 655 905 724 luctus
920 665 982 722 est:
1005 655 1169 723 tabernae
1185 655 1263 724 eirca
1305 666 1307 683 '

31 791 34 807 =
125 759 262 828 tiorum
284 761 421 835 ,clausae
453 760 678 850 iustitiumque¹
697 760 729 826 in
758 760 828 828 loro
861 783 919 826 sua
952 770 1068 848 sponte
1105 771 1262 851 coeptum

155 861 242 954 prius
265 890 363 957 quam
384 864 550 948 indictum,
578 864 633 935 lati
661 863 758 948 clavi,
786 862 871 929 anuli
898 863 984 930 aurei
1012 863 1131 954 positi,
1163 888 1261 954 paene

156 969 307 1036 maestior
329 968 472 1036 exercitu
493 968 563 1059 ipso
586 968 695 1036 civitas
723 991 809 1051 esse,
836 991 897 1035 nec
929 967 1062 1034 ducibus
1085 968 1204 1035 solum
1224 978 1262 1035 at

46 1075 55 1099 ¹
159 1094 223 1161 que
254 1072 438 1141 auctoribus
471 1073 743 1164 sponsoribusque
775 1071 863 1162 pacis
895 1071 986 1138 irasci
1017 1071 1076 1137 sed
1110 1071 1261 1139 innoxios

63 1230 66 1238 .
156 1173 254 1243 etiam
280 1176 397 1243 milites
427 1178 532 1244 odisse
561 1188 594 1244 et
627 1201 741 1268 negare
774 1176 855 1243 urbe
882 1176 1013 1244 tectisve
1043 1175 1260 1266 accipiendos.

103 1291 146 1349 10
157 1299 257 1367 quam
289 1278 533 1348 concitationem
566 1280 744 1349 animomm
779 1279 871 1371 fregit
911 1280 1065 1349 adventus
1100 1281 1260 1349 exercitus

156 1381 254 1448 etiam
275 1382 362 1450 iratis
385 1383 586 1452 miserabilis:
617 1409 683 1452 non
706 1385 791 1454 enim
812 1396 977 1475 tamquam
998 1384 1030 1450 in
1051 1384 1196 1474 patriam
1216 1409 1258 1452 re

157 1497 318 1555 vertentes
340 1512 381 1558 ex
403 1489 564 1580 insperato
587 1488 765 1558 incolumes
787 1490 844 1557 sed
866 1500 1033 1579 captorum
1055 1489 1174 1557 habitu
1196 1489 1259 1557 vul-

53 1594 58 1603 “
156 1600 258 1681 tuque
278 1592 410 1684 ingressi
432 1618 504 1662 sero
527 1594 561 1660 in
582 1593 695 1661 urbem
722 1594 822 1668 itasse
850 1595 883 1661 in
911 1593 977 1660 suis
1005 1590 1144 1685 quisque
1169 1594 1259 1662 tectis

160 1694 359 1781 abdiderunt,
380 1707 418 1764 ut
439 1709 569 1789 postero
586 1709 682 1789 atque
703 1697 944 1791 insequentibus
961 1697 1071 1765 diebus
1094 1722 1195 1766 nemo
1211 1722 1259 1765 eo·

30 1838 33 1843 ·
113 1810 231 1868 ltmm
254 1801 361 1869 lorum
383 1813 438 1868 aut
465 1800 630 1892 publicum
659 1803 801 1892 aspicere
824 1801 930 1868 vellet.
968 1802 1117 1870 consules
1145 1804 1181 1872 in
1203 1802 1259 1894 pri·

159 1916 234 1974 vato
258 1906 355 1973 abditi
378 1904 454 1972 nihil
476 1929 536 1996 pro
557 1904 742 1996 magistratu
764 1929 858 1997 agere
880 1904 940 1973 nisi
962 1907 1049 1999 quod
1071 1931 1260 2000 expressum

176 2097 202 2157 1.
222 2097 675 2174 dilcctualabericoeptuaerat:
816 2095 873 2156 nuli
891 2106 942 2160 cet.
965 2096 1008 2160 Cl.
1027 2101 1051 2166 1,
1071 2101 1114 2158 11.
1131 2096 1167 2159 al.
1186 2097 1260 2156 -Ρ

23 2147 38 2152 --
139 2234 142 2239 .
228 2183 295 2259 ΡΜ]
308 2184 427 2242 delectas
440 2181 622 2244 cet-llio.
634 2186 674 2241 ila

228 2281 371 2350 postquam
382 2271 519 2327 deditione
530 2280 583 2326 tam
597 2269 675 2326 loede

229 2357 326 2414 factam
353 2365 522 2434 acceperant.
551 2354 631 2414 tum.
650 2359 675 2415 1.

228 2442 252 2500 P
269 2463 305 2502 m.
319 2445 358 2501 Ἅι
376 2451 518 2520 postquam
538 2441 675 2497 deditione

815 2189 911 2246 m.1.:
934 2205 1019 2263 paene
1041 2189 1169 2245 mestiore
1186 2205 1259 2245 exer·

817 2275 871 2329 cita
890 2274 950 2351 ipso
968 2273 1063 2328 ciuitas
1081 2272 1149 2346 estl.
1168 2294 1205 2332 m.
1220 2276 1258 2333 2:

817 2361 913 2417 ciuitas
929 2363 934 2427 Ι
950 2365 989 2418 ee,
1014 2389 1047 2400 -
1070 2357 1133 2416 l’llla
1159 2359 1258 2419 odisse.

817 2443 887 2503 Cael.
906 2444 1012 2504 Klocl.:
1031 2444 1117 2506 odire.

229 2539 284 2596 tpm
303 2529 381 2585 foede
395 2528 490 2585 factam
509 2537 675 2606 acceperunt.
746 2532 790 2590 12.
818 2553 858 2591 ex
885 2536 1051 2608 insperato.-
1073 2532 1099 2590 ll
1121 2535 1204 2593 nit
1230 2534 1262 2603 Ρ.

198 2637 202 2647 ·
229 2615 254 2673 Ρ
280 2635 316 2676 m.
341 2620 381 2675 1.=
407 2625 463 2672 tam
490 2614 610 2674 foedere.
639 2645 674 2655 -

229 2696 292 2760 PM:
323 2701 510 2782 extemploque
538 2705 597 2759 sine
621 2701 674 2758 ulla

227 2788 336 2870 publica
347 2793 505 2848 auctoritate
514 2809 674 2847 consensum

228 2881 258 2935 in
271 2897 377 2934 omnem
395 2877 507 2934 sormam
519 2877 606 2934 luctus
619 2888 674 2932 est:

230 2965 311 3034 „und
329 2963 400 3021 ohne
419 2966 487 3021 dass·
499 2964 674 3021 eineAuffor·

132 3087 140 3096 ι
230 3050 331 3126 ‹lerung
348 3050 442 3125 nathig
460 3070 582 3124 gewesen
600 3059 674 3105 wttre

229 3140 331 3212 zeigten
350 3135 408 3192 sich
431 3135 548 3210 sogleich
572 3133 675 3191 liberall

218 3222 367 3299 offentlich
402 3222 447 3279 (lie
477 3218 593 3277 Zeiohen
626 3219 675 3277 (les

228 3307 364 3369 Treuer“.
380 3307 411 3365 ln
424 3307 484 3368 eod.
497 3306 589 3385 Sigon.
602 3307 674 3364 aliis·

230 3416 284 3473 qua
306 3417 374 3454 nece.
397 3398 526 3474 scriptum
545 3405 602 3452 esta
629 3415 674 3452 ex·

230 3482 674 3562 temploqucsineullapublicanu-

230 3571 557 3629 ctoritateconsensaueia
568 3590 674 3628 omnem

230 3653 342 3710 formam
365 3655 452 3713 luctus
475 3655 592 3734 popalus
614 3677 673 3713 uer·

230 3759 279 3797 sus
296 3745 375 3796 est“!
406 3742 448 3798 cf.
468 3745 494 3810 4,
512 3746 571 3802 35.=
592 3745 673 3799 comi·

228 3836 340 3881 tate-
363 3828 397 3883 ad
423 3849 502 3905 quam
532 3850 672 3888 consense-

214 3923 290 3968 rant
308 3914 421 3970 consilio
440 3916 558 3989 publico.
605 3926 612 3938 '

51 4078 59 4096 l
103 4036 105 4041 ,
175 3999 202 4059 6.
229 4000 409 4059 analiaurei
423 4005 529 4133 positi:
547 4001 614 4075 ΡΜ]
627 4021 672 4060 ιιι·

762 2679 766 2687 ,
815 2619 895 2678 -M
914 2640 949 2678 m.
968 2623 1007 2678 1.:
1026 2639 1059 2676 cx
1076 2620 1259 2698 inspirata-

816 2704 839 2766 P
855 2727 890 2763 m.
909 2706 934 2764 2.
946 2705 987 2764 tt:
1006 2715 1116 2784 postero
1129 2716 1209 2793 atqqe
1220 2709 1259 2764 in·

816 2794 989 2938 {equentibus
1008 2794 1111 2853 diebus.
1128 2793 1151 2851 P
1166 2815 1202 2853 m.
1222 2800 1261 2854 1.=

835 2902 883 2940 tes.

745 2968 789 3027 15.
816 2973 894 3028 caii.
918 2967 948 3022 in
969 2969 1085 3046 priuato
1103 2965 1200 3023 abditi
1216 2968 1260 3023 ni·

815 3053 860 3112 tit
878 3073 935 3127 pro
959 3057 1133 3134 magistratu
1151 3072 1260 3132 agere.-

814 3137 845 3200 Ρ.
874 3137 905 3197 ln
929 3140 957 3210 tl
979 3141 1196 3218 praetermissum
1220 3151 1262 3198 est

814 3226 916 3285 abditi.

746 3313 789 3374 16.
814 3315 875 3372 1ιίιί
892 3314 976 3390 quod
988 3333 1163 3391 expressum
1176 3335 1262 3384 eena-

816 3408 865 3459 tus
884 3403 1051 3458 consultum
1071 3410 1134 3458 est:
1154 3401 1260 3464 Vocas.

813 3505 842 3545 11.
864 3485 915 3558 al]
940 3490 992 3544 nisi
1010 3487 1083 3565 quod
1105 3509 1261 3570 expressum

814 3584 923 3632 senatus
941 3575 1063 3633 consulto
1089 3587 1138 3639 est.
1163 3610 1198 3621 -
1221 3577 1260 3636 m:

814 3663 891 3730 „nisi
927 3662 1001 3739 quod
1031 3683 1173 3740 expresum
1203 3672 1262 3722 ame

815 3751 892 3802 est:“
915 3748 988 3825 quod
1012 3770 1062 3827 pro
1086 3771 1149 3808 scm
1168 3753 1262 3810 eadem

814 3834 953 3890 metathesi
963 3838 1093 3915 scriptum
1103 3848 1145 3894 est
1157 3860 1210 3916 qua
1220 3850 1260 3896 to·

814 3924 883 3978 tiens
895 3932 1009 3978 erratum
1020 3925 1155 3982 videmus:
1176 3929 1204 3997 5,
1216 3931 1260 3987 50.

814 4035 847 4052 ν
858 4002 935 4069 Laid.
945 4027 963 4068 1.
977 4007 1025 4071 al.:
1036 4022 1193 4089 expressum
1202 4023 1260 4074 tum
