2618 4590
167 187 235 257 218
631 202 741 263 LIBER
759 202 816 265 tit

168 367 268 435 tristia
291 367 359 436 eius
383 368 457 436 anni
480 368 593 436 consul
616 368 696 437 alter
716 366 778 459 ap.
801 366 952 438 Claudius
974 366 1091 460 inipso
1112 366 1186 435 belli
1209 391 1262 456 ap-

170 483 284 564 paratu
306 473 453 557 moritur,
486 473 709 566 redieruntque
738 497 790 543 res
819 475 861 543 ad
881 473 1063 559 Camillum,
1092 473 1141 541 cui
1164 472 1259 539 unico

174 577 298 647 consuli
320 579 372 647 vcl
395 577 437 646 ob
461 579 557 647 aliam
585 579 800 671 dignationem
826 579 912 648 haud
939 578 1147 649 subiciendum
1167 577 1261 644 dicta-

170 694 260 750 turae
281 683 334 751 vel
356 684 398 751 ob
423 708 519 753 omen
541 686 683 754 [austum
705 685 746 753 ad
768 685 926 754 Gallicum
953 685 1122 754 bimultum
1148 704 1264 772 cogro-

140 787 262 855 5minis
290 789 480 859 dictatorem
513 792 659 883 adrogari
685 791 773 860 haud
798 790 874 861 satis
910 791 1060 860 decorum
1084 789 1188 857 visum
1216 797 1265 854 est

168 893 323 984 patribus.
366 896 481 964 consul
509 897 633 965 duabus
665 895 844 989 legionibus
872 896 941 965 urbi
972 894 1157 987 praepositis
1191 903 1265 959 octo

169 1023 244 1066 cum
257 998 295 1067 L.
309 994 435 1068 Pinario
458 1012 605 1091 praetore
628 1002 735 1071 divisis
757 1027 882 1071 memor
894 1013 1041 1093 pateruae
1055 998 1177 1067 virtutis
1194 997 1266 1064 Gal·

167 1103 266 1172 licum
287 1104 347 1171 sibi
369 1105 493 1172 bellum
506 1117 596 1173 extra
613 1119 736 1174 sortem
757 1107 861 1191 sumit,
883 1117 1057 1198 praetorem
1073 1103 1266 1169 maritimam

168 1233 259 1276 oram
280 1209 376 1277 tutari
397 1210 602 1302 Graecosque
631 1238 738 1280 arcere
767 1211 907 1281 litoribus
933 1209 1036 1276 iussit:
1068 1217 1103 1275 ct
1128 1230 1206 1274 cum
1233 1207 1269 1272 in

121 1324 280 1404 toagrum
296 1312 504 1405 Pomptinum
527 1315 753 1402 descendisset,
775 1318 847 1410 quia
868 1338 971 1407 neque
991 1312 1024 1379 in
1046 1310 1166 1402 campis
1191 1336 1268 1377 con-

168 1420 256 1508 gredi
278 1419 368 1487 nulla
390 1431 525 1510 cogente
547 1444 582 1488 re
598 1423 728 1490 volebat
750 1434 783 1492 et
795 1420 989 1514 prohibendo
1004 1414 1268 1508 populationibus

168 1547 251 1613 quos
273 1535 364 1614 rapto
387 1525 496 1593 vivere
518 1527 691 1595 necessitas
714 1538 842 1620 cogeret
866 1524 942 1592 satis
968 1520 1088 1591 domari
1115 1520 1270 1588 credebat

166 1626 303 1713 hostem,
325 1628 435 1698 locum
457 1632 610 1700 idoneum
632 1633 752 1702 stativis
775 1630 898 1723 delegit.

183 1789 209 1846 i.
235 1788 447 1864 redieruntque
476 1809 527 1847 res
556 1792 600 1848 ud
627 1792 682 1847 Cu·
824 1790 889 1846 bere
904 1785 1022 1864 potuerit
1038 1791 1128 1841 extra
1148 1791 1266 1841 sortem.

234 1877 365 1933 millum:
384 1876 443 1935 ΡΜ.
455 1906 491 1920 -
507 1876 589 1936 Recc.
602 1877 682 1935 codd.
825 1872 876 1934 sed
894 1893 962 1940 cum,
980 1873 1060 1931 etiarn
1076 1873 1101 1928 si
1118 1869 1208 1927 nullus
1226 1870 1267 1926 di·

234 1960 281 2018 alii
299 1963 431 2019 redierat
448 1983 498 2021 res
518 1965 564 2022 alii
586 1966 683 2021 redte·
824 1972 912 2021 ctator
927 1960 1075 2026 diceretur,
1097 1966 1207 2035 praetor
1224 1956 1267 2013 Pi·

233 2060 341 2126 retque
359 2071 417 2111 res.
437 2050 482 2110 Cl.
500 2053 597 2121 7‚1t.:
615 2055 681 2109 iam·
823 2053 928 2118 uarius,
954 2049 998 2105 cui
1018 2044 1100 2103 alters
1122 2042 1187 2101 belli
1203 2064 1266 2123 pru·

232 2156 285 2213 que
303 2137 376 2193 haud
392 2138 489 2216 procul
512 2141 584 2196 iusto
602 2159 680 2214 proa-
822 2139 911 2195 vincia
932 2135 1030 2197 tradite
1052 2141 1102 2200 est,
1122 2135 1203 2189 etiam
1219 2131 1266 2187 ad·

231 2222 269 2278 lio
288 2244 332 2279 res
351 2233 436 2283 erant.
510 2283 521 2304 ο
823 2245 917 2282 versus
926 2221 1019 2282 Gallos
1035 2221 1105 2277 mini
1121 2221 1265 2297 puniisset,

178 2307 204 2366 l.
231 2311 281 2364 uel
303 2312 339 2364 ob
367 2329 452 2364 onreu
467 2309 610 2380 faustum
637 2311 681 2366 ud
822 2320 850 2368 ct
872 2306 1082 2388 ipseCrmillus
1103 2305 1266 2384 paulopost

230 2396 375 2471 gallicum
391 2397 549 2452 tumultum
571 2416 679 2474 cogno·
821 2407 950 2456 asenatu
970 2395 1179 2483 iuberetur'uus
1203 2413 1265 2450 curn

232 2483 335 2536 minis.-
354 2479 405 2536 ΡΜ
423 2481 481 2539 rell.
499 2481 525 2539 lr.
544 2503 568 2541 e.
585 2482 678 2539 veleb
819 2496 943 2564 praetore
972 2483 1071 2541 bollum
1103 2483 1265 2538 maritimum

231 2567 399 2639 cognominis
418 2587 497 2623 omen
515 2567 630 2627 faustum
643 2569 678 2627 ad
820 2593 921 2648 gerere,
943 2593 978 2628 nc
994 2570 1041 2629 illa
1058 2568 1163 2647 qudem
1181 2567 1264 2624 verba

230 2649 291 2726 gall.
320 2651 476 2712 tumultum:
508 2675 568 2713 curu
597 2676 676 2714 uerno
818 2662 881 2715 sinc
898 2680 976 2717 canes
989 2655 1184 2738 seripurtdut
1196 2674 1262 2734 pos-

229 2739 413 2797 Romanorum
424 2740 530 2799 felicior
548 2743 677 2802 adversus
818 2757 890 2805 suut.

232 2827 325 2884 Gallos
343 2828 480 2887 rideretur
497 2831 582 2888 luisse
595 2853 676 2909 quam
764 2856 791 2916 g·
816 2867 987 2933 mmmm
994 2856 1262 2913 may-moram

228 2914 393 2974 llrrcusillc
410 2916 508 2975 Furius
520 2921 676 2981 Camillus.
817 2947 912 3002 tutan·
940 2945 1129 3020 Graecosque
1158 2963 1262 3001 arcere
1304 2937 1308 2956 '

229 3002 251 3059 l.
273 3001 319 3060 Fr.
344 3001 428 3061 Gron.
455 3005 570 3062 malebat
591 3008 675 3065 scribi
817 3033 956 3088 litoribm
983 3032 1090 3089 instit,-
1111 3026 1166 3089 pfl,
1191 3029 1261 3085 Μ.

230 3085 275 3140 vel
292 3087 350 3151 „ob
369 3107 467 3143 nomeu
480 3091 675 3151 fausti—omi·

231 3171 274 3223 nia
281 3175 297 3200 ‘⁴
307 3169 351 3224 vel
361 3210 377 3236 ‚‚
385 3170 419 3226 ob
432 3192 510 3230 omen
520 3175 674 3235 faustum-

230 3255 379 3314 nominis“.

177 3345 204 3403 5.
231 3343 406 3400 dictatorem
417 3347 579 3427 adrogari.-
597 3349 627 3408 P.
640 3383 674 3393 -

230 3430 271 3487 il:
294 3430 452 3491 dictatorem
477 3435 613 3513 adrogare.
641 3469 675 3484 -

229 3516 293 3573 Pil:
336 3526 391 3580 coi.
427 3521 530 3580 duabus
564 3524 675 3600 legioni-

231 3603 280 3658 bus
300 3614 350 3662 cet.

177 3694 205 3750 7.
230 3692 374 3768 gallicum
392 3695 570 3754 resitetiam
587 3710 676 3756 extro

229 3785 339 3834 sortem
352 3782 455 3837 sumit:
467 3781 522 3842 leti
539 3784 602 3841 Nou
614 3789 673 3844 siue
747 3785 790 3843 13.
802 3790 806 3795 ’
817 3787 914 3849 locum
927 3790 1066 3847 idoneum
1077 3790 1196 3845 statiuis
1205 3788 1260 3844 ¹de·

818 3117 898 3174 lrerus
923 3120 1003 3176 etiam
1026 3119 1173 3176 littoribus
1195 3114 1260 3174 scri·

816 3206 887 3281 psit,
910 3207 959 3261 sed
982 3206 1049 3271 haec
1066 3225 1120 3263 vox
1137 3206 1193 3261 uisi
1208 3224 1260 3260 una

815 3289 904 3347 butera
916 3295 966 3348 rin
978 3294 1172 3370 antiquioribus
1181 3292 1260 3352 codd.

815 3398 947 3455 nusquam
964 3384 1066 3457 scripta
1076 3380 1190 3477 'legiturq

763 3491 790 3546 9.
817 3499 934 3547 etcum
956 3495 986 3549 in
1009 3511 1116 3571 agrum
1132 3490 1260 3566 Pompti-

816 3597 886 3633 num
914 3580 1138 3636 descendisset:
1166 3576 1195 3636 P.
1224 3610 1258 3619 -
1282 3589 1284 3594 '

816 3660 857 3720 ll:
876 3667 904 3720 iu
924 3686 1015 3742 agrurn
1032 3672 1088 3745 pop
1105 3667 1207 3744 pinum.

228 3885 308 3923 causa
326 3865 435 3923 videtur
449 3867 572 3928 Dulcrus
591 3893 672 3948 quae·
811 3876 899 3951 legit.-
917 3875 946 3931 bl
964 3899 1000 3936 m.
1017 3881 1043 3936 i.
1061 3876 1092 3934 P.
1118 3907 1153 3925 -.-
1178 3873 1207 3930 ll
1224 3873 1263 3933 mss

227 3973 300 4022 rere,
322 3955 369 4031 qui
391 3952 493 4024 Livius,
520 3977 582 4016 cum
604 3958 672 4015 alter
812 3964 851 4017 L:
863 3959 954 4019 locum
966 3965 1092 4021 idoneam
1105 3964 1201 4019 statius
1215 3961 1259 4017 de-

227 4041 323 4099 oausul
344 4051 465 4100 mortuus
484 4043 579 4115 luerit,
605 4048 671 4104 scri·
808 4045 873 4122 legit
893 4049 991 4109 ubuum
1008 4051 1172 4111 stationibus
1188 4059 1243 4108 cet.

45 4202 50 4211 .

222 4236 226 4243 .

116 4238 249 4330 A
338 4278 344 4291 1
