2780 4720
560 269 669 376 Licuit
685 271 720 331 Χ.
1127 257 1191 327 677

180 429 326 500 XXVIII.
371 432 522 500 Ceterum
552 455 747 524 quamquam
775 433 953 500 'communis
980 432 1083 502 adhuc
1105 432 1191 502 Illam

89 533 171 600 belli
192 547 260 604 erat
281 560 342 604 nec
364 547 434 604 tum
456 537 623 606 discrimen
643 537 769 604 fortuna
791 537 911 611 lecerat
929 559 994 628 qua
1016 539 1124 606 datura
1147 536 1190 604 vi-

85 661 143 706 res
171 653 269 727 esset,
296 641 545 732 haudquaquam
571 640 682 708 similis
709 664 815 731 pugna
837 641 869 706 in
897 641 1009 710 dextro
1031 637 1189 731 laevoque

84 765 191 810 cornu
213 757 289 814 erat.
327 747 463 814 Romani
485 745 570 836 apud
584 745 719 812 Fabium
741 744 890 840 arcebant
911 745 1012 834 magis
1033 746 1187 850 querulu-

83 845 234 916 Ierebunt
251 853 395 940 'pugnam
420 849 709 940 extrahebaturque
737 850 772 917 in
792 874 890 941 quam
917 849 1057 918 maxime
1080 861 1217 920 serumt
1288 931 1290 936 ,

84 949 149 1016 diei
172 965 342 1039 eertumen,
364 955 439 1046 quia
460 954 503 1022 ita
525 977 714 1043 persuasum
736 967 804 1023 erat
826 953 908 1037 duci,
931 965 964 1022 et
979 952 1138 1020 Samnites
1155 965 1188 1024 et

84 1053 199 1122 Gallus
226 1058 330 1151 primo
358 1060 482 1150 impetu
508 1059 633 1126 feroces
662 1082 733 1128 csse
762 1081 844 1149 quos
872 1057 1019 1126 sustiueri
1041 1058 1117 1154 satis
1138 1057 1187 1140 sit,

81 1157 229 1249 longiore
251 1164 422 1244 certamine
445 1163 564 1230 sensim
585 1164 724 1232 residere
745 1162 935 1229 Samnitium
958 1161 1091 1244 animos,
1114 1161 1187 1228 Gal-

5 1307 8 1322 ·
80 1261 190 1330 lurum
213 1267 350 1356 quidem*
365 1267 463 1334 etiam
484 1266 922 1358 corpora·'intolerantissima
944 1266 1067 1334 'laboris
1083 1276 1186 1355 ‘atque

80 1371 311 1452 aestuailuere
332 1372 499 1462 primaque
522 1395 635 1440 eorum
665 1373 787 1462 proelia
814 1373 887 1462 plus
916 1395 1014 1462 quam
1035 1370 1185 1452 vitorum,
1198 1381 1234 1440 tt

79 1483 245 1560 postrema
266 1475 372 1542 minus
395 1499 493 1566 quam
515 1476 704 1542 feminarum
727 1499 814 1544 esse:
836 1477 869 1544 iu
889 1476 922 1542 id
944 1488 1071 1564 tempus
1092 1473 1185 1564 igitur

79 1601 148 1666 quo
170 1577 254 1646 vinci
276 1579 400 1647 solebat
421 1579 532 1663 hortis,
555 1604 653 1670 quam
667 1581 895 1673 integerrumas
918 1581 999 1648 vires
1015 1578 1106 1650 mil-iti
1121 1601 1184 1644 scr·
1227 1600 1230 1614 ·

78 1683 186 1750 rabat.
204 1711 207 1718 ’
223 1682 360 1750 ferocior
381 1683 503 1750 Decius
525 1696 559 1752 et
581 1696 684 1754 aetate
707 1697 741 1752 et
761 1685 872 1774 vigore
899 1685 997 1754 animi
1017 1694 1184 1774 quantum-

81 1809 222 1878 cumque
243 1786 358 1870 ririum
380 1786 493 1864 habuit
514 1789 685 1857 certamine
707 1789 812 1880 primu
828 1788 952 1868 effudit:
976 1799 1009 1855 ct
1024 1787 1097 1882 quia
1119 1785 1183 1860 leu-
1271 1812 1276 1820 ·

79 1890 142 1968 tior
164 1891 329 1964 videbatur
350 1892 506 1982 pedestris
528 1916 651 2004 pugne,
679 1894 856 1985 equitatum
883 1893 916 1968 in
943 1915 1084 1983 pugnam
1111 1902 1230 1959 con-15
1263 1947 1269 1956 .

668 2027 714 2094 102
734 2027 892 2102 primaque
933 2041 1035 2081 eorum
1066 2021 1184 2097 proelia

734 2115 806 2188 plue
825 2129 916 2189 quam
929 2113 1061 2167 uirorum
1069 2116 1183 2182 postre-

737 2193 1183 2276 maminuequumfeminarum

97 2023 124 2081 il.
151 2041 206 2078 nee
221 2029 284 2078 tum
295 2022 454 2080 disertum
464 2021 597 2096 fhrtuna

141 2107 330 2194 feceratque
338 2108 449 2167 datura
458 2111 539 2168 uires
551 2131 596 2168 ee-

47 2211 49 2216 “
148 2197 382 2269 aet:·P]necdum
392 2195 440 2267 (Μ)
450 2197 596 2254 discrimen

150 2294 200 2347 cet.
210 2315 244 2326 -
261 2287 334 2342 Tum
346 2285 512 2361 scripsimus,
522 2284 596 2362 quod

150 2373 179 2429 id
193 2372 313 2429 ¹verbum
335 2369 431 2428 melius
453 2372 595 2428 videbatur

149 2458 316 2516 antecedenti
338 2460 400 2516 voci
426 2457 527 2515 adhuc
552 2479 594 2514 re·

148 2547 293 2623 spondere:
317 2547 395 2616 „und
414 2545 456 2602 bis
474 2545 523 2602 aul
538 2545 594 2602 elie·

148 2653 197 2689 cen
215 2633 381 2706 Augenblielr
402 2633 450 2686 hin
467 2633 527 2688 sich
546 2632 594 2688 das

149 2718 288 2775 Schiclsal
299 2719 368 2774 noch
377 2717 454 2772 nicht
462 2718 594 2774 entechie-

151 2806 204 2862 den
228 2805 333 2863 hatte‘t
369 2802 413 2862 CI.
431 2806 462 2872 3,
480 2806 519 2862 t:
545 2823 596 2859 nec

149 2903 206 2950 tum
224 2901 326 2948 matura
344 2911 383 2950 ue.
413 2892 438 2958 1,
456 2892 513 2948 II:
533 2911 593 2946 con·

104 3037 106 3042 .
150 2979 238 3038 silium
258 2988 327 3046 erat,
344 2999 396 3056 qua
414 2977 520 3034 fortuna
537 2997 598 3042 rem

149 3067 596 3142 dareteainclinarevires.7‚33.=

148 3177 208 3232 qua.
227 3163 261 3196 -'-
284 3152 361 3212 Leitl.
378 3173 395 3212 r.
412 3151 524 3216 Levss,
547 3151 595 3210 alt

150 3253 179 3300 ct
201 3241 440 3318 haudquamquam.
470 3239 548 3298 Vuae.
566 3257 597 3309 ¹¹·.

150 3328 198 3387 al:
217 3338 244 3384 et
261 3328 474 3404 haudquaquam.
497 3359 531 3370 -·
555 3325 594 3384 II:

149 3418 178 3472 iu
197 3415 291 3472 dextre
309 3411 398 3490 leucq.
418 3433 509 3473 cornu.

151 3592 282 3648 maxiano
305 3609 404 3649 earum
426 3589 488 3646 diei
503 3599 595 3645 eertu-

151 3673 596 3735 mumQM—Pmm

151 3763 338 3822 extrahebatur
361 3766 391 3822 iu
412 3771 463 3841 qui
482 3764 596 3820 maxime

151 3869 240 3906 cerum
254 3861 304 3910 cet.
323 3851 389 3910 Pall.
405 3855 430 3911 1.
443 3849 489 3911 al:
509 3861 595 3908 extra·

82 3961 84 3968 ·
151 3936 264 4004 hebetur
281 3957 388 4015 quoque
404 3941 432 3995 in
445 3948 494 3996 cet.
508 3969 541 3980 -—
554 3937 595 3994 lla

136 4053 137 4061 κ
154 4034 217 4099 aput
236 4024 344 4086 labium.
358 4057 391 4069 -
404 4025 481 4084 hetta
494 4045 523 4084 t:
536 4045 596 4084 ease

151 4110 265 4173 feroces,

737 2297 820 2346 ester
845 2285 887 2342 tl:
915 2286 976 2353 „im
1002 2283 1105 2358 Baginu
1132 2281 1182 2336 der

736 2372 866 2430 Schlaeht
881 2405 918 2416 -·
936 2391 1019 2447 gagen
1038 2370 1087 2426 das
1104 2367 1182 2424 Euda

735 2461 821 2518 hin“.
848 2487 884 2503 ···
913 2457 990 2517 Leid.
1011 2479 1030 2517 1.
1055 2456 1134 2513 Vuae.
1152 2473 1181 2515 n.
1271 2466 1273 2471 “

666 2561 669 2570 ’
735 2548 803 2606 Ler.
821 2549 847 2606 t.
866 2547 913 2604 al:
938 2548 1099 2623 „primaque
1121 2561 1181 2600 esse

668 2671 672 2682 ·
736 2655 828 2692 eurum
846 2631 947 2710 proelia
965 2632 1122 2707 plusquam
1140 2631 1180 2685 ui·

735 2727 852 2778 rorum“
865 2729 918 2780 cet.
934 2717 1055 2774 Similem
1066 2717 1180 2790 scriptu·

735 2827 792 2863 ram
810 2807 917 2862 videtur
940 2803 1043 2880 codicis
1061 2803 1084 2858 P-
1100 2802 1180 2858 libra-
1257 2863 1261 2870 .

673 2919 675 2926 ·
736 2897 794 2952 rins
812 2896 841 2949 in
859 2893 1010 2968 antiquiore
1031 2891 1100 2946 libro
1119 2899 1181 2947 aute
1295 2905 1297 2910 ’

737 2980 830 3038 ocules
859 2979 998 3048 habuisse,
1029 2997 1089 3034 uum
1119 2986 1181 3032 ecte

736 3067 826 3124 verbis
855 3067 1053 3145 praetermissis
1082 3063 1181 3120 scribe·

739 3165 795 3210 ret:
814 3157 976 3232 „primaque
989 3171 1081 3210 eorum
1101 3153 1140 3210 ῑῑ
1152 3153 1181 3206 iu

736 3242 764 3299 id
776 3247 855 3320 tepus
867 3243 970 3315 Igitur“
984 3250 1034 3298 cet.
1049 3271 1083 3282 -
1096 3236 1179 3294 Paulo
1242 3309 1246 3316 1

737 3337 799 3384 ante
822 3327 844 3384 P
868 3323 904 3387 ni.
928 3331 968 3386 1.z
990 3325 1180 3390 intollerantiu

736 3435 811 3473 sima.

56 3531 64 3548 x
99 3505 123 3568 5.
148 3502 421 3579 extrahebaturque
450 3505 484 3558 iu
505 3522 598 3576 quum
666 3505 709 3570 12.
736 3521 827 3576 quum
845 3503 1062 3580 mtegernumna
1083 3501 1180 3557 uires.-

738 3589 766 3646 Μ
783 3611 818 3650 m.
839 3593 864 3649 I.
881 3591 918 3662 P]
942 3609 1021 3666 quam
1043 3589 1181 3663 integerri·

737 3697 793 3734 mas
823 3679 895 3734 lires
925 3675 967 3744 (Ill
995 3695 1031 3736 m.
1061 3677 1111 3744 2).
1146 3705 1181 3716 -

737 3761 803 3821 Pall.
826 3765 852 3822 1.
874 3766 901 3822 3.
926 3762 993 3822 Lor.
1017 3766 1054 3822 Iu
1081 3760 1181 3816 milites

737 3850 888 3909 seruabant.
907 3849 1041 3907 -Paule
1059 3857 1123 3926 poet
1140 3841 1193 3914 Ill:

736 3957 837 3993 nouum
859 3955 963 4014 pugnae
988 3937 1120 3993 conteruit
1137 3953 1181 4009 ge·

729 4045 796 4082 uus.
814 4023 891 4083 Leid.
910 4043 941 4082 ιι
960 4042 1060 4081 nouum
1077 4041 1182 4099 pugnae
1277 4009 1281 4025 ’

499 4131 509 4140 ·
628 4159 629 4164 κ
737 4110 1004 4186 censerunt'geuur.

1349 1431 1359 1512 l
