2618 4590
85 304 88 311 ⁴
168 267 235 337 lbi
632 276 739 337 nmen
757 276 803 339 lX.

169 445 246 512 lium
277 444 318 510 arl
344 440 511 508 Luceriam
539 440 643 531 pergit
669 440 725 507 ubi
754 442 878 532 equites
906 441 1040 508 Romani
1075 437 1220 509 obsides
1245 438 1276 507 ad

171 549 329 617 (laudium
350 544 415 613 deti
442 545 716 629 custodiebantur,
744 545 898 613 Publilius
925 546 1119 625 insomnio
1145 545 1278 612 substitit

171 655 325 722 sdvmsus
340 649 498 719 Caudinas
513 651 665 742 legiones.
701 650 850 718 distendit
870 674 909 717 en
930 674 982 718 res
996 650 1204 718 Samnitium
1227 651 1278 718 aui

170 780 252 841 mos,
275 756 364 846 quod
386 779 448 824 nec
469 757 509 823 ed
526 755 693 822 Luceriam
715 754 760 822 ire
783 778 824 823 ne
848 754 888 822 eb
909 767 999 847 tergo
1016 757 1160 823 instaret
1176 756 1277 837 bostis

137 878 235 933 tneo
255 882 386 930 manere
408 884 449 928 ne
471 860 605 929 Luceria
627 859 752 926 interim
780 861 976 929 emitteretur
1000 860 1077 926 satis
1103 861 1278 927 audebant:

170 969 329 1060 optimum
350 966 456 1033 visum
476 977 527 1034 cst
548 964 748 1034 committere
774 986 844 1032 rem
871 966 1015 1033 fortunae
1046 975 1081 1031 et
1105 965 1277 1056 transigere

130 1074 136 1091 ¹
170 1096 246 1142 cum
266 1070 406 1140 Publilio
429 1081 606 1138 certamen:
628 1069 736 1160 itaque
756 1069 790 1136 in
813 1068 914 1136 aciem
936 1070 1045 1159 copias
1069 1069 1234 1138 educunt

260 1176 343 1244 Xlll.
388 1174 549 1241 Adversus
571 1198 654 1265 quos
669 1174 822 1242 Publilius
839 1175 951 1242 consul
975 1198 1050 1241 cum
1069 1175 1277 1243 dimicaturus

170 1292 273 1363 esset,
300 1279 388 1371 prius
411 1279 631 1369 adloquendos
659 1280 775 1347 milites
803 1291 889 1346 ratus
915 1280 1104 1346 contionem
1134 1278 1277 1348 adsueui

59 1408 65 1422 “
124 1402 159 1456 to
169 1387 269 1454 iussit
307 1394 450 1452 ceterum
472 1385 518 1451 sic
538 1397 576 1452 ut
596 1383 714 1476 ingenti
736 1384 897 1452 alacritate
921 1384 961 1449 ad
982 1384 1188 1473 praetorium
1212 1408 1276 1452 eon·

169 1512 299 1559 cursum
321 1499 379 1571 est,
401 1488 443 1556 ita
465 1512 543 1581 prae
565 1490 705 1556 clamore
727 1490 930 1579 poscentium
952 1512 1094 1578 pugnam
1119 1489 1213 1555 nulla
1230 1489 1274 1554 ed·

168 1594 309 1663 hortatio
330 1594 530 1684 imperatoris
552 1595 657 1661 audita
681 1605 745 1661 est:
768 1614 844 1660 suus
867 1594 983 1683 cuique
1002 1592 1132 1661 animus
1155 1616 1276 1660 mernor

169 1698 359 1792 ignominiae
382 1697 567 1765 adhortator
588 1699 711 1765 ederat:
733 1699 855 1766 vadunt
876 1696 969 1789 igitur
990 1696 1023 1762 in
1044 1697 1212 1787 proelium
1232 1722 1274 1763 ur·

184 1866 213 1927 3.
239 1864 433 1923 distenditur
444 1884 494 1920 res
507 1862 684 1922 Samnitium

237 1956 373 2011 animos.-
391 1950 448 2010 ΡΜ.
466 1980 501 1992 -
528 1950 598 2010 cot.
615 1951 683 2008 Nea·

237 2040 293 2120 pol.
320 2039 394 2098 Lat:
425 2039 553 2096 distenuit
579 2059 610 2095 ee
639 2058 684 2095 res

237 2136 289 2188 eet.
308 2131 350 2196 (b,
369 2128 413 2187 ut).
431 2128 463 2194 9,
482 2129 524 2186 16.
546 2124 606 2196 el).
635 2125 684 2182 sed

237 2215 271 2272 el.
290 2217 334 2282 27,
352 2217 410 2274 to.:
427 2213 552 2270 eonsules
569 2212 684 2270 disemis

237 2301 379 2358 itineribus
407 2301 522 2374 proiecti
552 2300 586 2356 ab
617 2301 684 2356 urbe

237 2386 349 2443 velutin
362 2386 415 2442 duo
428 2389 528 2460 puriter
540 2385 608 2442 belle
627 2385 682 2443 dis·

235 2472 376 2530 tenderant
415 2492 493 2528 eures
535 2472 681 2534 hominum.

233 2562 262 2628 3,
281 2560 324 2617 23.
343 2556 475 2618 at-tl:
494 2559 681 2638 quodneced

133 2658 135 2663 ’
234 2644 363 2721 Ingenium
381 2648 422 2703 ine
439 2668 489 2704 nec
502 2648 535 2705 ab
548 2658 621 2723 tergo
640 2650 681 2705 in·

236 2742 320 2790 staret
344 2732 439 2793 bostis.
468 2723 566 2795 mfin
589 2756 624 2791 ne
646 2735 679 2791 ab

233 2831 318 2896 tergo.
348 2818 382 2876 P:
404 2822 501 2898 „quod
519 2842 570 2879 nee
588 2823 622 2879 ad
639 2821 680 2880 lu·

233 2912 331 2966 seriem
354 2928 389 2963 ue
410 2909 444 2965 ab
469 2919 545 2985 tergo
567 2911 680 2966 instaret

232 2995 355 3054 bostis“:
374 2995 423 3052 sed
432 2998 477 3051 ire
493 3018 529 3054 m.
543 2999 567 3053 l.
579 2996 679 3053 adscri-

231 3094 307 3161 ptum
320 3091 361 3138 est
373 3083 494 3156 margini.
512 3081 580 3139 Lor.
594 3085 632 3138 ti:
644 3104 679 3140 ne

231 3192 247 3227 a
264 3181 338 3246 tergo
357 3168 477 3225 obstaret
494 3168 589 3227 bostis.

178 3260 206 3320 6.
234 3260 373 3337 optimum
404 3258 501 3313 uisum
527 3266 572 3313 est
600 3277 676 3313 eem-

229 3349 344 3403 mittere
379 3364 441 3401 rem
464 3343 613 3415 fortunae
647 3355 675 3402 et

229 3434 398 3511 transigere
410 3435 476 3488 eum
484 3433 600 3507 publico
613 3453 673 3488 eer-

227 3527 343 3575 temen:
360 3515 400 3574 tl:
419 3517 468 3573 sed
487 3517 579 3575 eadem
598 3540 633 3577 m.
648 3524 672 3578 1.

226 3609 356 3682 seriptum
369 3613 410 3660 est
421 3606 452 3661 in
463 3625 544 3681 supra
554 3607 671 3680 publico

224 3700 256 3749 ut
282 3692 430 3766 publicius
461 3691 546 3753 fieret.
573 3725 607 3735 -
633 3692 669 3749 P:

226 3779 393 3834 committere
416 3797 472 3833 rem
494 3779 617 3835 fortunae
643 3789 670 3835 et

223 3873 284 3920 trau
299 3866 305 3936 Ι
319 3867 373 3921 sire
391 3882 451 3920 eum
472 3865 592 3942 publicio
612 3886 669 3921 cer·

223 3960 320 4010 tumen.
344 3984 378 3993 -
403 3953 584 4031 Transigere
607 3971 667 4008 eer-

222 4045 320 4094 tamen
337 4041 467 4115 seriptum
480 4047 520 4094 est
533 4038 606 4116 quod
618 4037 666 4093 Sa·

140 4150 144 4160 ·
220 4122 350 4179 mnitibus
375 4143 532 4200 persuasum
559 4123 666 4181 videba-

123 4394 130 4410 s
223 4396 233 4429 Ι

824 1873 877 1932 tur,
896 1882 951 1921 nou
964 1863 1053 1938 magui
1068 1865 1204 1922 momenti
1221 1863 1274 1920 lore

785 2010 790 2019 ,
824 1960 959 2008 eertemen
974 1969 1035 2006 eum
1047 1949 1184 2008 Publilio:
1205 1951 1272 2020 „das

824 2038 907 2095 Beste
932 2036 1026 2094 selrlen
1056 2056 1087 2094 es
1116 2038 1164 2096 die
1190 2039 1273 2096 Saebe

825 2125 887 2182 dem
897 2123 998 2182 Gttote
1008 2144 1041 2181 eu
1051 2124 1212 2183 tlberlessen
1222 2125 1273 2183 und

824 2211 878 2269 den
901 2210 1004 2288 Kampl
1022 2213 1073 2267 mit
1099 2211 1165 2270 dem
1187 2211 1271 2270 Publi·

823 2298 877 2355 lius
900 2309 956 2354 erst
981 2298 1196 2360 abzrmeeben“.
1232 2298 1271 2358 Cf.

822 2385 898 2442 Suet.
910 2385 978 2460 Aug.
993 2387 1049 2444 ida
1067 2388 1136 2443 inite
1149 2404 1211 2445 eum
1220 2386 1272 2443 An·

822 2475 897 2529 tenio
911 2483 938 2529 et
950 2470 1055 2549 Lepido
1066 2476 1201 2532 societate
1211 2474 1270 2531 Pbi·

822 2559 1174 2638 lippensequoquebellum
1183 2583 1269 2640 quem-

821 2667 903 2724 quam
930 2645 1065 2703 invalidus
1090 2658 1171 2728 etque
1196 2669 1269 2726 aeger

823 2734 925 2812 duplici
937 2733 1041 2813 proelio
1053 2742 1194 2814 transegit.
1211 2737 1268 2795 Lis.

822 2826 865 2890 10,
878 2824 935 2882 di:
953 2820 1056 2899 Scipio,
1074 2825 1129 2881 nisi
1142 2827 1172 2881 in
1182 2827 1269 2903 primo

819 2928 921 2986 pavore
938 2913 1096 2988 priusquam
1110 2909 1269 2986 colligerem

820 3004 865 3051 tur
882 2997 963 3052 animi
981 3005 1111 3055 trausteis
1123 3012 1168 3054 roe
1184 3009 1269 3068 esset,

798 3142 800 3146 ,
818 3080 959 3139 lentiorem
977 3084 1036 3142 lore
1053 3085 1171 3143 munitae
1190 3086 1267 3143 urbis

819 3172 1046 3246 oppugnationem
1063 3183 1137 3230 retus
1155 3184 1209 3232 eet.
1233 3204 1265 3216 -

816 3254 859 3313 Id:
893 3258 983 3334 itaque
1013 3263 1042 3318 in
1071 3264 1159 3318 eciem
1189 3263 1264 3340 eopia

817 3343 943 3405 educunt.
973 3346 1054 3408 blm.
1071 3351 1098 3408 4.
1117 3346 1152 3404 P:
1173 3351 1263 3429 eopias

816 3430 943 3488 educunt.

761 3517 786 3575 8.
811 3517 963 3577 aduersus
999 3541 1076 3599 quos
1111 3519 1261 3581 Publilius

812 3607 935 3662 consul:
953 3606 989 3666 ld
1014 3639 1047 3650 -
1074 3607 1111 3666 P:
1130 3611 1260 3668 aduersos

811 3712 880 3767 qnos
898 3693 1006 3772 publius
1024 3693 1090 3754 osul.
1109 3716 1145 3756 m.
1156 3700 1197 3759 2:
1215 3698 1259 3755 ad-

810 3798 915 3840 uersus.
946 3813 980 3824 -
1011 3780 1095 3839 Paulo
1126 3795 1194 3862 post
1223 3784 1258 3841 P:

809 3865 882 3923 nulle
918 3868 1050 3925 adortatio
1086 3872 1258 3950 imperatoris

808 3953 899 4009 eudlta
918 3964 966 4014 est.
990 3988 1020 3998 -
1051 3956 1160 4017 Deinde
1187 3980 1256 4019 rece.

807 4040 1019 4116 guidmundi:
1038 4044 1254 4106 cohortatorad·

807 4137 873 4186 eret.
1196 4149 1203 4157 ·
