2618 4590
104 189 203 320 “teo
580 218 771 279 sumre

136 384 199 453 bus
219 381 348 450 alterius
369 405 554 451 successum
576 394 639 465 est,
664 382 801 450 tironem
823 391 877 449 eut
898 380 981 447 male
1004 379 1185 470 disciplina
1206 380 1242 445 in·

135 489 280 556 stitutum
302 489 477 557 exercitum
500 499 692 578 acceperunt
713 513 771 553 -ε
794 498 827 554 at
848 486 976 553 hercule
998 509 1100 574 reges
1124 485 1241 553 nonli

135 591 204 660 beri
223 592 331 659 solum
353 592 575 683 inpedimentis
598 592 746 660 oumibus
768 591 824 658 sed
847 590 965 658 domini
987 612 1104 680 rerum
1123 600 1240 679 tempo
1268 652 1270 669 ,

133 721 269 787 rumque
291 696 421 765 uehunt
434 699 574 765 consiliis
595 709 709 764 cuncte
732 707 972 763 consecuntur.
1005 693 1158 763 invictus
1174 718 1240 784 ergo
1268 682 1270 757 l

101 800 314 877 srllexnnder
334 827 411 869 cunr
432 803 554 869 invictis
577 802 710 869 ducibus
727 802 811 869 bella
826 801 974 892 gessisset
996 809 1032 866 et
1047 799 1176 877 endem
1190 799 1238 867 lor·

132 917 228 973 tuuee
251 907 379 997 pignera
401 907 433 972 in
456 907 624 974 discrimen
647 907 825 973 detulissetz
852 907 952 971 immo
975 904 1077 970 etiam
1108 928 1154 972 eo
1176 904 1238 994 plus

131 1011 264 1102 periculi
286 1011 425 1078 subisset
446 1013 533 1102 qnod
549 1011 742 1079 Macedones
759 1036 859 1078 unum
876 1010 1103 1076 Alexandrum
1119 1008 1238 1076 habuis·

131 1126 205 1183 sent
224 1116 332 1183 multis
355 1116 479 1182 essibus
503 1140 568 1183 non
587 1117 693 1183 solnm
716 1117 891 1189 obnoxium
907 1114 1083 1182 sedetiam
1110 1114 1236 1181 offeren-

130 1231 197 1288 tem
219 1245 264 1304 se,
285 1221 422 1287 Romani
443 1221 534 1286 multi
557 1221 690 1287 fuissent
710 1221 891 1288 Alexandro
913 1220 967 1286 vel
988 1219 1097 1308 glorio
1122 1219 1179 1286 vel
1198 1241 1235 1283 re

84 1345 202 1402 mmm
223 1325 439 1415 magnitudine
461 1349 568 1415 peres,
596 1350 733 1416 quormn
754 1350 814 1392 suo
838 1323 972 1415 quisque
995 1325 1067 1392 loto
1091 1323 1167 1391 sine
1188 1346 1234 1413 po·

130 1428 214 1496 blico
236 1429 414 1496 discrimine
438 1430 559 1498 viveret
585 1443 836 1521 morereturque.

149 1620 177 1676 s.
203 1626 236 1676 ci
252 1619 373 1678 hercule
390 1640 478 1701 reges
488 1641 548 1678 non
558 1622 648 1679 liberi
732 1625 759 1680 9.
779 1581 904 1677 roriconi
918 1619 1184 1691 multiscium:
1199 1617 1231 1690 Pl

196 1709 299 1767 colum
324 1709 529 1785 inpedimentis
553 1711 643 1766 omni·
784 1707 913 1764 Romanis
940 1706 1017 1761 molti
1047 1710 1179 1764 luissent
1204 1735 1232 1748 -

197 1797 253 1854 bue
269 1798 329 1854 'ced
345 1797 459 1853 domini
475 1816 590 1853 rerum.-
613 1796 642 1855 P.
783 1794 824 1852 ll:
852 1795 977 1861 ‚sommi
1006 1792 1069 1849 mili
1084 1797 1134 1864 Ιῑί
1164 1793 1232 1851 multi

124 1928 127 1933 .
198 1914 232 1925 -
251 1882 296 1939 tt:
316 1892 362 1939 cut
380 1883 487 1940 hercule
504 1902 580 1957 reges
591 1893 641 1943 cet.

197 2003 231 2013 -
250 1969 320 2030 Pur.
339 1974 362 2029 l.
375 1970 419 2029 ll:
439 1980 641 2029 consecuntur.

195 2056 272 2116 Pru.
289 2060 328 2116 u·
351 2070 507 2136 sequuntur.
534 2090 568 2102 -
597 2057 641 2115 Cf.

195 2145 338 2205 Demostlr.
363 2145 474 2222 Olynth.
499 2150 530 2215 3,
554 2149 579 2206 i.
607 2147 641 2202 alr

194 2233 216 2291 l.
239 2232 283 2294 Fr.
307 2232 391 2290 Gron.
415 2233 498 2292 leod·
529 2234 559 2291 ed
583 2260 639 2308 γαρ

194 2313 270 2376 iim&
300 2341 418 2376 “GWQP
446 2317 510 2376 ὅπη
461 2345 558 2377 Ήὶνῠν
587 2345 639 2376 ἓνα

195 2401 266 2464 οντα
283 2406 349 2479 sript
340 2430 385 2463 ιον
407 2403 460 2461 ml
477 2406 570 2480 ῥηιων
587 2404 639 2462 eorl

119 2508 130 2521 ⁸
192 2489 374 2571 ᾄκοέᾇιῖιων,
395 2482 491 2548 scol
471 2519 535 2562 αμα
558 2516 640 2568 στρα-

193 2580 282 2656 ιη’γόν
298 2577 351 2636 real
368 2580 504 2652 decedens
521 2577 574 2636 eui
592 2602 639 2637 ra-

172 2695 225 2740 -μι
218 2669 266 2726 ἴαν
292 2665 345 2724 ml
367 2669 521 2733 πανταχοῦ
547 2667 638 2725 cedros

192 2764 325 2866 «optime
359 2758 399 2825 ιφ
439 2754 637 2830 oroandicum,
685 2795 688 2802 ·

193 2843 260 2919 πρὸς
275 2867 332 2914 μιν
348 2843 380 2900 cd
397 2841 433 2900 rol
447 2846 501 2900 rori
510 2837 639 2913 πολέμου

191 2930 272 2996 ταχὺ
289 2928 341 2986 eal
351 2930 428 2986 med
439 2930 543 3004 meede
556 2949 612 3002 πρα
592 2930 639 2986 ‹ir-

192 3029 293 3084 ecdpou
305 3019 401 3086 πολλῳ
412 3010 525 3090 sqosxsr
536 3043 564 3075 e.
576 3041 598 3074 c.
611 3028 637 3072 λ.

138 3106 165 3164 5.
191 3114 222 3161 et
236 3103 343 3160 eodem
353 3101 502 3172 fortunae
510 3104 637 3179 pignero

191 3193 224 3251 in
242 3189 400 3245 discrimen
418 3188 590 3243 detulisset:
614 3185 636 3240 P

189 3277 250 3337 eod.
267 3274 362 3334 Kloel.
386 3274 420 3333 el.
438 3277 468 3343 i,
486 3276 510 3333 1.
536 3274 567 3339 3,
589 3275 633 3330 38.

190 3365 224 3424 sl.
242 3397 274 3408 ·-·
295 3361 632 3438 lllzpignors.el.9,15.

185 3483 223 3497 ·-
241 3452 356 3526 Pignore
380 3453 501 3511 fortunae
519 3447 632 3509 ducibus

187 3547 252 3593 sunt
269 3539 409 3593 victorine:
431 3538 529 3613 quibos
551 3537 632 3609 igitur

188 3623 234 3678 ille
257 3624 413 3698 pignoribus
436 3625 557 3679 lortnnee
580 3622 630 3676 l're-
654 3620 656 3625 '

147 3756 151 3763 .
188 3719 232 3782 tus
261 3729 290 3764 se
324 3712 454 3766 victurum
489 3716 631 3786 sperasset,

187 3795 289 3852 eisdem
308 3796 390 3851 duces
408 3797 521 3855 llomeni
540 3795 573 3850 sb
588 3815 630 3849 cn-

187 3883 248 3954 dern
265 3881 371 3938 fortune
390 3886 507 3960 acceptis
524 3882 586 3938 ireti
601 3890 630 3935 ut

187 3970 216 4025 in
237 3967 369 4044 proelium
390 3970 567 4047 procederent
589 3966 628 4022 lu·

186 4053 394 4129 turuml'uissel.

783 1882 931 1938 inissent“:
959 1880 1070 1936 ridetur
1096 1884 1182 1953 igitur
1204 1880 1231 1935 li·

783 1970 887 2026 brerius
909 1970 938 2024 in
960 1967 1021 2024 eliis
1045 1968 1129 2026 libris
1154 1969 1233 2026 muto·

782 2060 810 2113 ln
829 2057 888 2112 eliis
900 2057 987 2113 militi
998 2055 1116 2116 vidisse.
1129 2088 1166 2101 ·-
1179 2059 1229 2112 Bo-

782 2147 879 2201 ruanis
896 2141 1072 2199 scribendum
1091 2143 1230 2200 videbator

781 2242 812 2288 ut
834 2252 902 2288 esec
924 2250 985 2286 cum
1002 2230 1099 2289 dativo
1123 2251 1227 2308 respon-

780 2318 858 2373 deret
869 2317 1037 2375 antecedenti
1050 2317 1174 2376 hobere.
1186 2315 1227 2372 sed

781 2408 866 2462 multi
893 2407 1025 2461 Romani
1054 2417 1228 2485 opponuntur

779 2495 833 2551 erni
850 2492 1047 2549 Alexandro.-
1075 2492 1227 2561 „wthrend

779 2579 848 2638 viele
869 2579 970 2636 Rdruer
993 2579 1056 2636 dem
1079 2581 1116 2640 Α.
1140 2601 1175 2638 cu
1196 2612 1225 2622 ·-

741 2710 746 2715 .
778 2665 865 2742 gleich
892 2687 1016 2743 genesen
1039 2676 1168 2733 werem‘q
1194 2701 1224 2709 -

777 2754 815 2811 P:
834 2755 976 2812 alexandro
995 2756 1106 2829 lgrolie
1122 2755 1167 2812 uel
1179 2765 1224 2812 cet.

776 2852 813 2902 in.
831 2845 872 2900 Ἅι
891 2845 987 2917 gemis.
1011 2871 1049 2887 -·
1071 2827 1225 2919 Pldsquo·

776 2949 836 2985 rmn
863 2949 912 2985 suo
940 2932 1056 3006 quisque
1083 2929 1141 2985 fcto
1168 2934 1225 2987 sine

776 3008 885 3094 publico
921 3016 1095 3073 discrimine·
1119 3019 1225 3075 uiueret

775 3112 988 3180 murreretorquer
1024 3124 1104 3172 „von
1124 3100 1222 3170 denen
1268 3116 1270 3121 '

775 3191 850 3262 jeder
871 3191 1012 3259 Kimolos,
1039 3195 1067 3265 je
1090 3194 1221 3250 neehdem

774 3295 803 3332 es
834 3279 890 3334 ihm
917 3300 978 3334 vom
1006 3279 1151 3341 Sclrielssl
1180 3283 1219 3336 lre·

772 3365 876 3421 stimmt
893 3387 959 3434 wer,
978 3366 1052 3424 heere
1064 3367 1147 3426 leben
1160 3369 1219 3426 oder

772 3453 880 3507 sterben
907 3453 1026 3522 konnen,
1048 3453 1136 3514 ¹ohne
1162 3457 1218 3513 dass

774 3537 835 3593 dem
847 3539 939 3597 Stante
952 3543 993 3597 ein
1003 3542 1152 3602 Nachtheit
1165 3545 1215 3601 dar·

773 3644 820 3679 ens
838 3627 933 3682 wlede
951 3634 1111 3688 erwaelrsen
1130 3637 1214 3689 seio‘'.

773 3711 860 3784 Quem
879 3714 913 3769 ed
927 3714 1036 3772 modum
1050 3738 1135 3795 supra
1144 3725 1146 3728 ’
1155 3721 1214 3792 „de-

771 3818 821 3853 nos
844 3802 1049 3876 vicenosque-⁶⁶,
1082 3810 1128 3866 sic
1154 3810 1179 3867 h.
1200 3808 1213 3864 l.

770 3888 889 3953 „vivemt
898 3901 1129 3966 merereturque“
1139 3897 1213 3954 lotine

769 3973 940 4031 scrilienduur
952 3986 1021 4032 eret:
1035 3978 1062 4037 lr.
1076 4002 1100 4040 e.
1113 3986 1140 4044 si
1152 3983 1213 4041 elius

768 4078 879 4135 mugnus
908 4065 951 4121 vir
980 4066 1117 4126 mortuus
1138 4079 1213 4133 essct,
