2618 4590
111 414 115 420 Ι
158 336 219 404 tuit
246 359 344 427 quam
372 336 492 404 caedis:
526 336 591 404 duo
624 334 711 402 milia
739 333 923 424 Apulorum
945 351 1074 399 caesa:
1115 334 1266 416 spretoqo:
1300 334 1303 341 ‘

158 465 199 508 eo
221 440 314 508 hoste
337 440 457 507 Decius
479 441 512 506 in
534 440 700 507 Samnium
729 439 871 530 legiones
896 436 1021 504 duxie‘
1055 431 1106 499 ibi
1129 431 1192 497 duo
1208 451 1244 495 eo
1267 468 1271 473 ·

21 585 28 602 ι
66 622 69 626 A
159 545 282 614 sulares
304 545 462 612 exercitus
485 545 616 613 diversis
638 545 743 636 vagati
764 543 906 635 partibus
925 540 1050 610 omnia
1066 536 1177 628 spatio
1196 532 1245 623 qu'u

160 674 224 741 quo
246 675 395 718 mensum
417 661 616 718 evastamnt:
639 651 844 742 quadraginta
859 659 893 716 et
907 647 1069 738 quinque
1086 644 1165 710 loca
1184 637 1247 705 int:

127 757 244 826 5mnio
267 757 356 824 fuere
378 756 410 822 in
433 756 550 847 quibus
572 755 664 823 Decii
686 767 788 823 castra
810 755 949 835 fuerunt,
971 749 1123 818 alterius
1147 740 1249 813 consui

155 885 215 928 sex
237 871 270 928 et
292 861 467 952 octoginta:
495 885 556 928 nee
579 860 653 928 valli
673 872 797 928 tantum
820 883 859 927 ae
879 859 1053 926 fossarum
1078 849 1214 941 vestigia
1227 869 1250 913 re
1277 900 1280 907 .

155 965 229 1033 licta
251 967 309 1034 sed
336 966 439 1033 mirlto
469 966 537 1033 aliis
565 965 734 1055 insigniora
766 973 976 1032 monumenta
1000 957 1175 1028 vastitatis
1201 954 1277 1059 cirta¹

154 1071 384 1162 regionumque
413 1069 688 1161 depopulatorum.
733 1070 850 1137 Fabius
882 1068 981 1136 etiam
1020 1065 1153 1132 urbem
1181 1059 1280 1153 Line¹

154 1186 238 1242 tram
272 1176 371 1265 cepit:
422 1174 467 1241 ibi
506 1185 599 1265 capta
642 1187 836 1243 annatorum
870 1174 934 1240 duo
974 1172 1074 1237 milia
1118 1163 1257 1256 nongenti

109 1297 145 1353 10
155 1281 240 1347 caesi
261 1291 439 1371 pugnantes
468 1280 569 1347 ferme
597 1281 748 1371 nongenti
774 1281 910 1372 triginta.
954 1277 1039 1343 lude
1069 1272 1258 1344 comitiorum

154 1408 249 1452 causa
277 1385 416 1452 Romam
442 1384 607 1476 proiectus
635 1386 805 1454 maturavit
837 1407 910 1454 eam
940 1404 1013 1448 rem
1044 1403 1163 1472 agere.
1205 1395 1259 1444 cum

223 1614 258 1626 -·
275 1582 304 1641 M
322 1603 357 1643 m.
377 1587 415 1644 1.:
434 1584 520 1644 caedi.
538 1614 572 1628 -
594 1584 616 1640 P
634 1604 670 1644 ru.
759 1588 786 1645 9.
813 1585 856 1642 ibi
879 1590 966 1656 copta
992 1589 1196 1638 armatorum
1216 1573 1260 1630 dn
1283 1618 1287 1625 .

221 1673 251 1731 9.
271 1670 314 1730 M:
341 1672 395 1730 duo
418 1670 492 1729 milia
521 1670 670 1750 apulorum.
810 1670 865 1727 md
880 1688 973 1728 acccc.
991 1670 1083 1725 caeni
1101 1670 1261 1751 pugnant-ct·

221 1757 245 1815 P
262 1779 298 1819 nr.
318 1762 356 1818 1.:
375 1759 524 1836 apolorum.
544 1793 578 1807 -·
596 1761 619 1816 P
633 1778 669 1819 m.
803 1754 907 1823 sermo
924 1762 1160 1810 accccxxm
1177 1742 1219 1813 M]
1233 1737 1262 1791 1b¹

222 1847 249 1905 ὓ.
267 1845 308 1904 M:
326 1849 356 1905 in
374 1849 517 1908 samnium.
534 1846 556 1905 P
574 1869 610 1908 m.
629 1851 669 1906 1.:
811 1859 889 1926 capta
912 1858 1084 1905 armatorum
1111 1844 1170 1900 duo
1191 1835 1262 1896 millia

222 1934 251 1990 in
269 1937 437 1993 samnitium:
456 1939 500 2004 10,
519 1939 562 1996 17.
811 1936 1009 2014 quadringenti,
1029 1935 1110 1989 oaesi
1124 1933 1210 1988 sermo
1224 1945 1261 2002 pu·

167 2023 195 2080 3.
221 2024 318 2097 spatio
356 2024 489 2101 quinque
520 2043 670 2080 mensum:
811 2034 923 2099 guanto:
942 2023 1073 2094 nongenti
1095 2021 1218 2093 triginta.
1234 2043 1260 2054 ·-

221 2107 285 2182 PM]
296 2112 385 2187 spatio
396 2113 513 2187 quinque
529 2112 670 2167 mensium.
810 2110 845 2169 P:
865 2110 951 2167 fabius
971 2113 1055 2165 etiam
1068 2108 1173 2165 urbem
1189 2105 1260 2180 gime

223 2196 268 2256 Cf.
288 2200 332 2266 10,
349 2201 375 2257 5.
399 2196 474 2255 —M
492 2195 563 2264 (P):
586 2195 622 2254 xl.
643 2205 671 2250 et
811 2210 881 2256 tram
899 2199 978 2273 oepit.
996 2198 1036 2252 ibi
1051 2203 1135 2268 eapti
1155 2202 1259 2248 armato·

220 2305 239 2342 v
256 2282 317 2341 loca
329 2287 358 2341 in
370 2287 474 2342 samnio
485 2284 560 2340 suere
571 2285 600 2339 in
613 2286 670 2359 qui·

221 2369 272 2427 bus
290 2370 361 2428 decii
379 2382 465 2429 eastra
479 2372 586 2427 inerunt
603 2370 668 2426 alte·

219 2461 278 2516 rius
296 2466 367 2518 cosi.
385 2479 433 2516 sex
446 2467 473 2514 et
486 2457 558 2516 lxxx.
577 2455 611 2514 P:
631 2457 667 2513 al·

220 2548 305 2604 terius
324 2552 381 2605 cos.
408 2545 486 2606 Leid.
504 2565 522 2604 1.
540 2545 609 2606 Lov.
628 2548 668 2601 ct:

219 2644 248 2690 et
264 2634 292 2692 xl
311 2623 338 2692 e't
355 2656 391 2692 xv
403 2634 471 2695 loca.
490 2633 569 2694 Voss.
579 2654 606 2690 n.
619 2634 667 2693 al.:

219 2729 248 2776 et
282 2722 458 2799 quadraginta
485 2733 513 2780 et
526 2754 533 2761 ·
548 2724 668 2801 quinque

216 2805 285 2866 loca.

165 2897 193 2954 7.
219 2898 312 2952 multo
331 2899 401 2953 aliis
419 2898 601 2975 insigniora:
619 2897 668 2953 PM

119 2997 124 3023 ¹
219 2980 297 3041 Leid.
316 3002 334 3041 r.
352 2982 432 3039 Voss.
445 3003 474 3042 11.
492 2983 560 3043 Lov.
572 2988 598 3044 ti.
617 2984 665 3056 ai]

217 3069 303 3126 multo
330 3068 385 3125 illis
406 3071 554 3145 insigniora
577 3076 666 3141 (rece.

218 3158 329 3235 quidam
347 3156 451 3227 eodm).
468 3182 504 3198 ·-
527 3157 587 3216 PM:
609 3180 666 3215 mo·

217 3255 344 3301 numeota
359 3245 414 3316 (Mr
427 3248 607 3317 monimenta)
621 3268 665 3302 ua·

218 3336 318 3389 stitatis
330 3336 401 3390 eirea
414 3337 606 3411 regionumque
619 3333 664 3389 de·

215 3420 419 3494 populatarum:
439 3463 456 3490 „
466 3423 522 3478 und
534 3422 608 3478 nieht
621 3421 665 3476 die

159 3581 162 3586 ¹
216 3507 324 3584 Spuren
343 3508 392 3564 der
401 3508 487 3584 Lagei·
505 3509 580 3566 bloss
599 3509 664 3564 blie-

215 3592 267 3650 ben
289 3596 397 3663 inruet,
415 3596 534 3653 sondern
553 3629 587 3638 -
605 3617 664 3652 was

194 3750 196 3754 ι
214 3685 282 3739 weit
296 3684 373 3740 mehr
391 3687 419 3740 in
438 3685 483 3741 die
495 3687 588 3762 Augen
607 3684 665 3740 [title

215 3770 255 3829 als
281 3772 394 3828 anderes
412 3803 448 3815 -
466 3772 516 3829 das
533 3771 597 3828 Bild
616 3773 664 3826 dor

215 3857 399 3936 Verniehtung
421 3860 590 3935 ringsumher
607 3858 663 3914 und
701 3924 707 3938 Ι

215 3944 264 4087 ger
287 3946 467 4025 Vervvtiatung
490 3949 539 4005 der
560 3946 661 4022 Gegan-

235 4037 303 4093 en“.

810 2307 872 2344 rum
907 2285 961 2343 duo
992 2283 1150 2341 miliaococ.
1199 2278 1259 2335 eaesi

810 2375 894 2433 ferme
929 2383 1081 2450 pugnantes
1122 2385 1258 2426 aeonem

807 2459 885 2520 Leid.
897 2481 915 2521 1.
933 2459 1000 2519 [ιον.
1014 2461 1040 2520 4.
1061 2459 1111 2518 aL:
1134 2459 1208 2514 caesi
1220 2473 1259 2535 pu-

808 2558 920 2627 gnantes
938 2548 1022 2604 ferme
1039 2557 1094 2605 eet.
1120 2575 1161 2587 -
1190 2543 1260 2620 Opti·

809 2657 884 2695 mum
906 2636 1047 2694 videbatur
1073 2637 1103 2691 in
1132 2654 1166 2690 re
1185 2633 1259 2689 dubia
1301 2654 1303 2659 ’

809 2724 909 2783 librum
926 2723 1077 2781 Medioenm
1096 2724 1197 2799 sequi}
1220 2740 1259 2776 cu·

810 2817 853 2872 ius
872 2815 1002 2888 scriptura
1026 2810 1052 2868 h.
1070 2807 1091 2869 l.
1114 2813 1202 2866 etiam
1220 2827 1259 2865 eo·

809 2902 870 2959 dice
882 2901 904 2957 P
916 2902 1044 2975 integrior
1056 2906 1138 2954 esset.
1160 2906 1190 2952 et
1203 2916 1259 2953 curn

808 2991 837 3046 iu
856 2988 939 3045 altero
953 3005 1063 3043 numero
1077 2986 1127 3041 rix
1147 2984 1260 3041 dubium

809 3097 869 3133 esse
885 3079 983 3152 possit,
1001 3076 1066 3151 quin
1084 3093 1177 3152 apro
1199 3075 1259 3130 din

808 3175 922 3240 utroque
934 3163 1004 3218 libro
1016 3163 1149 3238 seriptum
1161 3165 1202 3218 sit
1214 3162 1257 3231 (cs.

807 3256 838 3320 3,
860 3255 916 3311 oa:
941 3253 1060 3308 sexcenti
1083 3249 1171 3318 sere),
1200 3252 1257 3307 veri

806 3340 895 3397 simile
908 3339 1022 3405 videtur,
1040 3339 1122 3393 etiam
1135 3339 1257 3412 priorem

804 3447 946 3484 numerum
963 3424 1058 3482 eodem
1076 3424 1178 3481 mendo
1198 3445 1256 3483 cor·

806 3527 915 3593 ruptum
950 3514 1042 3590 ibique
1081 3512 1256 3568 scribendum

806 3625 866 3661 esse
897 3603 957 3660 duo
987 3601 1071 3656 milio
1101 3602 1254 3678 nongenti,

806 3693 928 3768 quamvis
958 3708 1013 3744 non
1042 3689 1131 3743 minus
1160 3709 1255 3744 verum

805 3779 899 3841 baberi
922 3779 1011 3854 possit
1027 3775 1104 3843 „duo
1124 3775 1200 3832 milia
1218 3798 1255 3832 uc

805 3867 939 3922 trecenti“
963 3863 1013 3932 (uf.
1035 3865 1068 3930 3,
1088 3865 1114 3920 3.
1141 3866 1169 3922 5.
1194 3864 1254 3933 ai),

804 3952 878 4031 quod
897 3954 925 4007 in
939 3949 1015 4008 Laid.
1027 3969 1044 4007 1.
1056 3952 1191 4028 scriptum
1205 3960 1253 4008 est.

779 4022 849 4100 ‘ot
867 4042 911 4110 10,
930 4040 973 4098 14.
993 4039 1036 4096 io.
