2618 4590
176 230 241 301 502
638 245 747 307 utssu
763 246 810 306 lX.

176 434 249 479 mae
276 421 468 477 manserunt.
506 409 623 479 Fabius
651 409 692 477 ad
721 409 939 498 accipiendum
967 407 1009 474 ab
1035 405 1187 473 Aemilio
1209 429 1269 474 exer·

176 515 274 583 sibim
303 515 343 583 ad
365 515 539 583 Saticulam
567 539 642 583 cum
670 516 893 605 supplemento
924 512 1029 579 venit:
1066 534 1189 601 neque
1214 512 1270 579 enin

176 618 336 687 Samnites
358 621 398 686 ad
420 620 581 689 Plisticam
604 631 801 702 manserant,
826 620 884 686 sed
907 615 1014 684 accitis
1041 616 1087 681 ab
1115 618 1222 685 domo
1238 641 1270 684 oo

177 723 226 792 vis
247 723 398 792 militibus
422 725 624 793 multitudine
646 724 718 791 ireti
739 735 840 792 eastra
865 723 981 789 eodem
1001 745 1075 810 quo
1101 732 1206 789 antea
1225 721 1271 789 lou

148 836 166 892 ⁵
178 841 363 918 posuerunt,
385 829 643 920 lacessentesque
666 829 788 920 proelio
811 829 974 895 Romanos
997 837 1164 894 avertere
1184 827 1223 893 ab
1241 826 1272 892 ol

177 932 299 1001 sidione
322 935 529 1002 conabantur.
552 957 592 1002 eo
613 934 766 1001 intentius
784 933 920 1000 dictator
941 931 974 996 in
991 930 1132 997 moenia
1158 931 1273 999 hosdan

177 1060 288 1105 versus
310 1037 342 1105 id
364 1039 486 1105 bellum
508 1037 588 1106 tanti
610 1038 726 1104 ducere
750 1038 838 1128 quod
858 1036 972 1102 urbem
996 1037 1230 1125 oppugnabat,
1246 1059 1272 1102 se

100 1144 106 1157 ‘
176 1141 282 1209 curior
302 1143 343 1211 ab
366 1143 563 1210 Samnitibus
591 1166 685 1232 agere
714 1142 902 1210 stationibus
931 1141 1031 1206 modo
1066 1142 1233 1231 oppositis
1251 1165 1273 1206 ne

177 1270 243 1336 qua
270 1247 304 1314 in
331 1260 433 1315 castra
464 1248 511 1315 vis
539 1248 645 1315 fieret:
684 1271 723 1314 co
752 1246 889 1315 ferocius
918 1244 1111 1333 adequitare
1136 1246 1275 1312 Samnite

68 1339 71 1346 ’
130 1361 166 1420 10
176 1351 263 1444 vqllo
284 1376 391 1444 neque
414 1354 517 1422 otium
537 1353 619 1444 pati:
642 1364 677 1419 et
698 1377 772 1420 eum
794 1353 859 1419 iam
874 1372 975 1440 prope
999 1348 1032 1414 in
1050 1351 1164 1439 portis
1183 1362 1276 1418 castro

176 1479 249 1527 nrm
270 1468 355 1525 esset
376 1457 492 1542 hostis,
515 1458 593 1524 nihil
617 1457 763 1526 consulto
788 1456 940 1523 dictatore
963 1453 1124 1543 magister
1149 1455 1277 1545 equitum

177 1560 220 1647 Q.
241 1559 354 1629 Aulius
377 1562 569 1631 Cerretanus
591 1586 708 1653 magno
732 1561 873 1628 tumultu
900 1584 975 1626 cum
1002 1560 1166 1627 omnibus
1189 1558 1278 1626 turnis

179 1664 323 1756 equitum
346 1680 477 1738 evectus
500 1669 675 1737 summovit
700 1667 839 1733 bostem.
878 1675 947 1732 turn
974 1664 1008 1731 in
1036 1664 1183 1731 minime
1206 1663 1279 1754 pert

176 1769 254 1843 naci
275 1795 392 1865 genere
421 1797 547 1864 pugnae
577 1774 624 1841 sie
652 1773 780 1840 fortuna
806 1769 949 1839 exercuit
977 1792 1059 1861 opes
1094 1781 1134 1838 ut
1168 1767 1279 1859 insignis

198 1919 224 1979 1.
248 1920 362 1978 Fabius
380 1921 424 1976 ad
441 1923 644 1997 accipiendum
657 1921 696 1979 ab

246 2008 373 2066 Aemilio
395 2012 559 2066 exercitum
579 2010 623 2065 ad
640 2009 695 2067 Sa·

245 2096 367 2158 ticulum
403 2117 469 2154 cum
499 2097 693 2171 subplimeuto

247 2239 343 2303 uruit:
361 2237 392 2305 P,
405 2270 439 2280 -
454 2237 493 2293 ll:
513 2237 547 2292 ad
566 2199 694 2293 salsulam

246 2343 307 2382 cum
331 2323 513 2401 supplimento
539 2325 619 2385 uenit.
650 2321 694 2386 Cl,

246 2410 273 2476 9,
292 2412 349 2475 19,;
368 2409 592 2485 supplementum.

193 2513 220 2572 ὃ,
246 2513 291 2568 rui
306 2511 477 2570 Plisticam:
497 2512 531 2575 cl.
551 2516 576 2580 9,
594 2514 638 2573 21.
661 2544 694 2557 -

246 2596 310 2655 PM:
329 2599 363 2656 ad
380 2599 510 2676 plistiam.
524 2630 556 2643 -
570 2599 591 2657 P
605 2622 640 2657 m.
658 2603 695 2659 1.:

246 2697 333 2744 castra
347 2687 470 2765 eodemq,
481 2699 560 2747 antea
572 2688 634 2746 loeo
646 2708 695 2769 pc-

245 2784 366 2835 suerunt.
393 2775 415 2833 P
433 2772 469 2837 rm
487 2779 513 2836 2.
531 2775 572 2833 lll:
600 2775 694 2832 eodem

246 2883 302 2941 quo
320 2872 395 2923 antea
413 2863 485 2923 loco.

183 2966 221 3026 ’7.
247 2967 282 3024 id
298 2967 408 3023 bellum
419 2969 498 3022 lariti
508 2967 632 3023 ducerer
646 2963 695 3023 ΡΜ

246 3050 296 3123 al]
315 3051 345 3109 id
363 3053 462 3115 bellum
481 3064 584 3114 tantum
597 3052 695 3108 ducere

211 3210 215 3219 .
246 3143 296 3207 (ex
320 3142 390 3206 coni*
414 3139 434 3199 l.
459 3139 503 3198 fr..
526 3139 639 3209 oron),
661 3171 694 3181 —

245 3223 322 3281 Leid.
334 3247 352 3284 1.
362 3225 443 3286 Voss.
453 3248 479 3285 rr.
496 3227 563 3288 [ιον.
574 3229 614 3289 t:
627 3228 695 3285 tanti

246 3311 344 3373 dicere
358 3344 392 3357 --
406 3315 542 3392 „Aliquid
554 3316 631 3374 tetur·
642 3315 694 3371 du·

244 3404 334 3458 ow
344 3412 371 3458 et
380 3414 464 3470 „nou
476 3405 552 3459 tanti
563 3403 672 3460 ducere
678 3405 696 3440 “·

245 3486 318 3546 baud
346 3509 408 3546 raro
431 3488 553 3546 absolute
576 3491 695 3567 positum

245 3582 302 3641 est,
328 3596 389 3633 cum
414 3597 448 3634 ex
471 3576 636 3654 singulorum
654 3575 694 3632 lo-

247 3678 340 3720 oorum
359 3666 509 3723 rationibus
528 3663 606 3726 facilc
630 3685 694 3738 sup-

245 3744 373 3823 plendum
393 3752 538 3820 videretur,
556 3755 649 3829 quanti
664 3750 693 3807 id

245 3833 279 3890 de
307 3855 361 3917 quo
388 3849 511 3911 ageretur
540 3839 693 3900 habendum

245 3932 325 3981 esset.
343 3924 384 3978 sic
403 3926 455 3980 boc
469 3926 530 3982 loco
542 3928 626 3983 scribi
645 3946 692 4002 po-

244 4010 297 4065 tuit
319 4010 371 4076 „id
390 4011 489 4070 bellum
506 4013 580 4089 quod
599 4014 692 4070 urbem

245 4097 416 4172 oppugnabat
434 4103 502 4157 tanti
519 4101 604 4169 duxit,
619 4108 652 4156 ut
663 4101 691 4156 in

839 1938 898 1974 eam
916 1938 972 1973 rem
991 1918 1195 1995 perficiendam
1213 1919 1279 1975 omni·

838 2006 888 2063 bus
906 2007 1011 2063 viribus
1035 2006 1204 2064 enitendum
1222 2014 1279 2083 puta·

837 2100 917 2151 ret“:
942 2114 1010 2163 „um
1028 2113 1061 2149 so
1089 2093 1211 2169 beitiger
1225 2092 1278 2148 ricb-

836 2190 891 2238 tete
910 2181 959 2238 der
976 2180 1107 2238 Dictator
1124 2183 1223 2238 seinen
1237 2180 1278 2236 dn·

836 2269 903 2344 griff
917 2267 965 2325 aul
981 2267 1026 2323 die
1040 2267 1135 2336 stadt,
1155 2267 1244 2326 iridem
1258 2285 1280 2320 er

836 2357 934 2432 gerarde
957 2356 1032 2411 disse
1054 2355 1227 2430 Belagerung
1247 2354 1280 2410 ltu

837 2445 891 2501 den
915 2442 1094 2522 Hauptpunlt
1117 2443 1169 2500 des
1191 2461 1280 2519 gamen

836 2531 950 2608 Kriegca
968 2532 1091 2603 ansah“.
1110 2560 1147 2575 —-
1172 2530 1278 2588 Leidn:

838 2639 923 2697 „neq
948 2622 977 2676 in
999 2629 1088 2677 castra
1112 2621 1157 2676 uis
1175 2619 1279 2675 ficret“:

837 2705 865 2764 lr.
881 2727 906 2770 e,
926 2726 960 2762 ne
979 2726 1056 2784 quae.
1077 2706 1115 2766 ot,
1132 2711 1161 2775 7,
1180 2709 1238 2767 st:
1253 2724 1280 2760 ne

837 2815 890 2874 qua
908 2794 988 2851 vobis
1006 2796 1050 2853 vis
1068 2793 1127 2855 liat.
1246 2856 1249 2861 ,

783 2885 810 2942 9.
837 2901 872 2938 co
885 2881 1025 2952 ferocius
1039 2881 1222 2956 adequitare
1234 2879 1279 2939 So·

836 2970 943 3025 mnites
969 2968 1052 3026 uallo
1076 2987 1173 3045 neque
1196 2971 1281 3026 otium

833 3057 913 3131 pati:
937 3053 968 3112 P.
991 3085 1026 3101 ..-
1053 3053 1094 3112 ll:
1116 3074 1148 3112 eo
1173 3053 1280 3111 lemtim

836 3142 993 3216 adequitare
1031 3145 1161 3202 samnites
1202 3162 1281 3222 neque

837 3231 922 3286 otium
938 3234 943 3300 Ι
959 3230 1040 3291 saciet
1052 3250 1113 3287 cum
1125 3232 1180 3289 iarn
1192 3241 1242 3288 cet.
1250 3259 1281 3275 -

836 3315 903 3377 Pall.
929 3319 953 3378 1.
976 3321 1002 3378 3.
1025 3316 1106 3377 Voss.
1126 3336 1154 3380 rr.
1179 3317 1228 3377 at:
1252 3337 1279 3372 eo

836 3403 954 3467 ferocius
970 3405 1156 3486 adequitatum
1175 3415 1226 3464 est.
1251 3435 1279 3447 -

836 3492 900 3549 Plll:
923 3493 990 3551 nibil
1009 3491 1135 3553 consulto
1155 3492 1280 3549 dictatore

835 3585 904 3655 mag.
927 3585 1050 3658 equitum
1071 3602 1097 3658 q,
1122 3580 1212 3640 aulius
1229 3576 1279 3650 (llz

837 3667 941 3738 dolius)
961 3679 1121 3725 cerretanus-
1134 3678 1187 3728 eet

766 3755 808 3815 1⁴.
834 3756 962 3834 iusignia
989 3758 1140 3830 utrimque
1164 3756 1280 3815 clades.-

834 3841 901 3915 Pu]
928 3846 1045 3918 insignes
1072 3847 1205 3925 utrinque
1234 3844 1280 3903 cla·

834 3929 891 3986 des.
915 3962 949 3981 ε»-
976 3931 1053 3990 Laid.
1070 3952 1089 3990 t.
1107 3932 1158 3993 al:
1176 3938 1240 3992 cuni
1255 3934 1280 3989 in

832 4019 944 4075 minime
961 4020 1094 4095 pertinaci
1117 4040 1229 4095 genero.
1250 4050 1280 4063 ·-
1301 4072 1304 4079 .

833 4103 867 4161 l':
885 4103 1017 4195 tenurae.
1035 4136 1072 4151 -
1089 4106 1127 4166 Pa
1144 4110 1280 4169 chenu
