2618 4590
529 248 641 306 Ltsutt
657 247 713 309 vlt

1107 238 1173 307 279

74 431 134 477 nos
167 409 325 488 exercitus
353 447 397 460 -
425 433 466 475 ne
495 409 675 476 destiteritis
708 410 795 501 inpio
827 410 928 479 bello!
970 414 1010 481 Τ.
1043 412 1173 500 Quincti

68 549 119 562 ·-
133 522 340 603 quocumque
362 513 431 580 istic
454 514 529 580 loeo
544 537 602 581 seu
616 514 729 583 voleus
743 540 802 582 seu
816 515 932 587 invitus
947 519 1112 589 constitisti
1127 556 1171 568 -

72 620 100 685 si
123 618 339 684 dimicandum
360 619 427 701 erit,
449 629 520 686 tum
540 631 576 687 tu
595 618 630 684 in
651 619 841 687 novissimos
864 631 897 688 te
919 622 1059 712 recipit0,
1085 623 1170 712 fuga
1253 672 1263 685 .

71 727 118 805 ris
137 723 234 794 etiam
255 723 420 795 honestius
442 733 632 814 tergumque
655 723 715 790 civi
742 725 867 793 dederis
894 745 992 816 quam
1013 750 1170 816 pugnave-

71 831 113 899 ris
136 841 245 896 contra
268 828 417 919 patriamr
455 852 541 896 nunc
567 829 608 894 ad
635 829 867 919 pacificandum
889 829 972 899 bene
997 841 1094 920 atque
1115 830 1200 899 hot

71 945 165 1001 ueste·
184 934 266 1000 inter
287 933 416 1025 primos
430 933 527 1001 stabis
550 944 584 1001 et
604 934 767 1024 conloquii
788 935 883 1002 huius
911 934 1058 1003 salutaris
1079 933 1171 1000 inter-

66 1037 271 1127 pres-fueris.
309 1039 469 1131 postulate
497 1062 599 1129 aequm
628 1049 662 1108 et
692 1039 788 1123 ferte,
817 1038 1089 1130 quamquam'·vel
1116 1037 1170 1103 iui-

66 1144 140 1234 quis
160 1145 309 1210 standum
330 1155 380 1210 est
392 1143 508 1235 ¹potius
529 1150 628 1234 quam
648 1144 749 1235 inpias
770 1144 853 1214 inter
874 1168 934 1212 nos
961 1166 1168 1211 conseramus

67 1253 218 1318 manus“.
257 1250 296 1317 T.
320 1248 487 1336 Quinctius
514 1249 628 1340 plenus
655 1248 858 1317 lacrimarum
885 1250 926 1316 ad
953 1272 1031 1316 suos
1058 1252 1169 1316 versus

66 1376 144 1435 „me
168 1357 322 1443 quoque“
343 1352 446 1444 inquit
467 1355 621 1438 „milites,
643 1354 669 1420 si
691 1355 763 1444 quis
785 1379 862 1426 usus
883 1354 948 1421 mei
970 1365 1034 1437 est,
1059 1352 1216 1419 melio-10

65 1480 133 1524 rem
155 1458 247 1546 pacis
266 1481 364 1548 quam
385 1459 462 1526 belli
483 1457 607 1525 habetis
624 1459 754 1527 ducem.
791 1460 964 1527 nonenim
984 1459 1038 1524 illa
1069 1457 1166 1525 modo

64 1561 204 1629 Vulscus
227 1575 282 1629 aut
303 1564 430 1631 Samnis
453 1564 510 1630 sed
531 1564 697 1635 Romanus
718 1565 815 1633 verba
845 1565 933 1646 lecit,
961 1573 1068 1630 vester
1093 1585 1167 1629 con·
1228 1639 1231 1643 ⁸

63 1666 114 1731 sul
136 1678 242 1732 vester
268 1668 441 1756 imperator
468 1669 598 1750 milites,
629 1669 717 1734 cuius
747 1669 887 1758 auspicia
914 1691 972 1756 pro
995 1665 1087 1732 vobis
1114 1689 1164 1730 ex-

61 1771 265 1861 pertitnolite
288 1771 439 1840 adversus
462 1796 521 1840 vos
542 1773 626 1840 velle
649 1773 811 1862 experiri..
833 1773 887 1862 qui
913 1781 1090 1860 pugnarent
1111 1793 1164 1835 vo-

61 1876 189 1949 biscum
209 1874 363 1958 infestius,
388 1888 421 1944 et
442 1875 521 1943 alios
544 1878 642 1945 duces
657 1890 786 1946 senatus
802 1876 928 1948 habuit:
951 1874 1006 1965 qui
1027 1873 1165 1940 maxime
1179 1880 1211 1933 15

77 2087 104 2144 7.
128 2087 282 2161 postulate
306 2105 405 2162 acqua
429 2094 458 2143 et
477 2085 578 2159 ferte:

130 2170 194 2228 PllI:
214 2174 240 2232 h.
259 2192 282 2230 e.
301 2171 435 2251 postulate
454 2194 537 2251 aequa
552 2183 579 2230 et

721 2064 916 2146 taussrrrsj-
946 2056 1035 2142 raus
1049 2091 1109 2140 aare
1126 2083 1164 2139 Ρ,

720 2177 755 2233 acl
772 2196 837 2234 suos
855 2194 957 2234 uersos.

129 2258 230 2337 feretis.
249 2279 304 2315 uon
317 2261 388 2317 euim
399 2269 491 2336 potest
492 2261 579 2333 ferte
650 2265 693 2324 11.
718 2285 778 2333 non
805 2265 882 2320 enim
904 2262 959 2318 illa
984 2260 1073 2316 modo
1101 2259 1164 2314 uul-

75 2422 78 2427 .
131 2346 159 2406 h.
183 2345 200 2407 l.
228 2345 301 2403 idem
328 2347 401 2424 quod
426 2349 578 2422 postulate

126 2433 289 2515 significare.
312 2435 346 2493 cl.
365 2437 391 2503 2,
411 2437 465 2494 tu:
483 2445 514 2491 ut
531 2435 577 2491 be,

130 2521 226 2578 nefario
258 2543 273 2584 a
300 2543 343 2578 me
377 2520 470 2578 tuleris
503 2520 577 2597 quod

90 2602 93 2607 ⁵
130 2608 211 2666 minis
234 2606 359 2687 nequisti.
389 2613 416 2678 3,
432 2610 489 2666 34:
515 2628 577 2671 cum

129 2705 284 2774 promptum
306 2701 358 2751 hoc
380 2698 422 2751 ius
444 2694 518 2774 ¹velut
543 2717 577 2752 ex

52 2782 55 2787 ’
131 2781 240 2837 oraculo
267 2783 452 2857 incorruptum
475 2785 577 2858 pariter

131 2868 164 2926 ab
188 2870 222 2924 iis
244 2869 341 2924 summi
363 2867 500 2942 infimique
524 2868 576 2924 fer,

128 2965 197 3023 rent.¹
208 2952 240 3013 al.
254 2953 508 3027 „fordertBilliges
521 2955 576 3010 und

129 3063 159 3098 es
181 3041 253 3098 wird
275 3040 352 3104 euclrf
368 3041 490 3116 gewithrt
506 3063 576 3099 wer*

130 3129 192 3207 deu,
210 3127 340 3185 wiewohl
352 3132 406 3185 wir
423 3151 474 3186 uns
491 3130 576 3187 selbst

126 3216 277 3295 Unbilliges
290 3216 361 3273 noch
373 3215 473 3274 wollen
490 3214 576 3275 liebcr

126 3304 241 3380 gelallen
270 3305 358 3361 lasseu
386 3305 425 3361 als
453 3304 515 3362 dass
544 3325 575 3361 es

127 3393 263 3450 zwischeu
293 3413 344 3449 uns
374 3414 434 3449 zum
461 3392 574 3468 Kompse

126 3479 252 3537 lrommeu
268 3485 389 3540 mtisse“.

51 3570 100 3627 10.
126 3589 174 3626 mc
201 3587 320 3644 quoque
346 3568 443 3642 inquit
465 3570 574 3625 milites

125 3644 157 3712 si
184 3658 252 3730 quis
275 3674 348 3710 usus
373 3655 432 3709 mei
454 3663 500 3710 cst
516 3675 574 3710 nce-

127 3745 233 3800 liorem
242 3744 326 3818 pacis
339 3761 428 3820 quam
441 3742 513 3798 balli
522 3742 573 3797 Ira·

128 3832 203 3888 betis
213 3830 332 3887 ducem:
344 3828 401 3891 ΡΜ.
411 3863 445 3871 —-
455 3828 531 3886 Laid.
542 3849 572 3886 ιι

93 3929 98 3944 “
129 3918 177 3986 „si
212 3920 272 3995 quis
302 3921 466 3976 meiussus“.
509 3917 573 3973 hinc
602 3911 604 3914 ’

127 4003 207 4063 Voss.
219 4025 247 4063 ιι.
260 4006 308 4069 aL:
326 4008 351 4063 si
370 4009 429 4082 quis
443 4005 496 4061 mei
508 4023 573 4062 usus

719 2372 789 2409 scus
807 2359 861 2406 aut
874 2350 989 2406 samnis
1001 2345 1059 2404 scd
1069 2364 1163 2401 roma·

719 2459 777 2501 nus
790 2438 881 2494 uerba
886 2436 966 2508 fecit
978 2442 1076 2492 uester
1084 2438 1164 2489 corti.

719 2535 818 2583 uester
847 2527 1007 2600 imperator
1041 2520 1164 2577 milites:

717 2610 752 2671 tt.
775 2645 810 2654 —
838 2611 872 2668 P:
896 2609 1003 2666 uolscus
1022 2640 1057 2649 —
1075 2615 1165 2668 uester
1263 2608 1285 2671 ᾗ

719 2707 793 2758 cons.
812 2709 902 2754 uester
920 2707 970 2755 cet.
984 2727 1019 2737 —
1037 2692 1059 2748 P
1077 2712 1112 2748 m.
1126 2695 1163 2748 l.:

719 2787 795 2841 cuius
814 2785 932 2860 auspicia
951 2803 1002 2860 pro
1020 2779 1101 2835 nobis
1119 2797 1162 2832 ex·

718 2872 797 2948 perti.
823 2900 856 2910 -
877 2868 939 2923 Plll:
960 2867 1051 2921 nolite
1069 2863 1163 2918 aduer-

718 2974 764 3009 sus
788 2974 838 3010 uos
863 2956 941 3011 uelle
965 2952 1090 3028 experiri.
1120 2948 1163 3007 Cs.

718 3040 777 3100 Cic.
794 3041 864 3101 Phil.
882 3046 913 3111 7,
930 3044 956 3099 8.
975 3041 1031 3106 25,:
1058 3034 1163 3106 „nolite

717 3131 798 3211 igitur
810 3128 839 3185 id
851 3127 931 3197 velle,
950 3125 1021 3206 quod
1035 3122 1094 3180 lieri
1108 3142 1162 3178 non

685 3274 688 3278 ,
715 3223 837 3299 potest“.
868 3214 1021 3295 pro'Balbo
1040 3215 1085 3279 28,
1106 3212 1162 3268 fil:

717 3305 823 3375 „nolite
841 3335 875 3344 -
893 3302 1012 3369 iudices,
1033 3301 1105 3354 hunc
1122 3297 1162 3353 illi

716 3393 841 3449 acerbum
865 3393 987 3445 nuntium
1011 3384 1079 3443 velle
1102 3404 1161 3460 per·

716 3478 781 3537 lcrri
800 3482 853 3534 ut“
869 3487 920 3535 cet.
938 3472 1023 3533 Corn.
1034 3471 1102 3551 Nep.
1114 3473 1161 3528 At·

717 3569 763 3626 tic.
781 3567 820 3624 4:
839 3562 932 3632 „noli‚
950 3583 999 3620 oro
1017 3571 1045 3616 te
1065 3591 1096 3602 -
1115 3559 1161 3616 ad·

716 3673 823 3713 uersum
842 3672 889 3708 eos
908 3671 950 3708 mc
968 3648 1037 3706 velle
1055 3649 1161 3714 ducere,

716 3762 777 3798 cum
790 3741 886 3817 quibus
898 3762 931 3796 ne
942 3749 1036 3796 contra
1050 3746 1075 3792 te
1088 3755 1160 3791 arma
1190 3759 1195 3767 ·
1298 3744 1301 3751 ’

715 3829 827 3898 serrem,
849 3827 952 3885 ltaliam
970 3826 1098 3902 reliqui“.
1126 3822 1160 3881 cf.

713 3913 860 3974 Markland.
883 3917 917 3972 ad
941 3936 980 3973 or.
1003 3932 1053 3990 pro
1080 3909 1160 3966 domo

713 4006 758 4071 57,
779 4005 840 4060 mo.

128 4101 177 4148 est.
196 4123 229 4132 -
251 4092 333 4154 Recc.
352 4092 460 4170 quidam
478 4089 572 4150 cudda
645 4091 687 4148 15.
715 4091 770 4165 qui
785 4092 915 4146 maxiano
928 4087 1013 4144 uobis
1032 4086 1096 4143 suis
1109 4087 1160 4142 mi·
