2618 4590
526 256 635 325 umen
651 256 700 315 tx.

1098 242 1162 313 507

64 419 189 485 strator
211 442 270 510 ego
294 442 352 507 vos
375 430 477 486 castra
498 417 551 486 hie
572 419 796 508 relinquendo,
824 419 856 485 in
879 444 961 510 quae
982 420 1099 488 infecta
1122 420 1164 486 vi-

65 524 164 590 ctoria
186 524 238 589 sio
254 535 291 590 ut
316 522 448 612 pristino
477 524 527 590 die
550 548 608 590 vos
637 525 809 614 recipiatis:
844 525 939 590 armis
969 525 1164 591 munimenta

63 653 129 695 non
151 628 355 695 munimentis
378 652 464 693 arma
486 639 555 695 tuta
578 653 648 696 esse
672 629 806 697 debent:
833 640 936 697 castra
957 628 1097 695 habeant
1117 653 1164 696 re-

63 744 237 823 petantque
261 732 376 822 quibus
399 733 554 823 operae'st
576 734 701 801 trahere
718 735 855 803 bellum:
877 757 947 800 nos'
960 733 1105 800 omnium
1118 757 1164 799 re-

65 862 137 902 rum
164 847 346 927 respectum
372 850 499 928 praeter
526 862 623 928 quam
649 840 799 907 victoriae
829 838 921 905 nobis
950 838 1199 907 abscidamus:5

67 942 147 1009 ferte
170 943 258 1032 sigua
280 943 312 1009 in
334 942 476 1010 hostem:
509 944 564 1010 ubi
587 956 676 1041 extra
699 945 819 1012 vallum
842 966 955 1033 agmen
984 942 1165 1023 excesserit,

64 1059 166 1113 castra
189 1048 304 1138 quibus
326 1049 518 1139 imperatum
540 1061 590 1116 est
611 1050 800 1116 incendantz-
817 1049 937 1115 damna
960 1059 1065 1114 vestra
1087 1047 1165 1113 miti-

65 1162 116 1218 tes
139 1153 283 1220 omnium
306 1154 388 1222 circa
411 1154 467 1245 qui
482 1155 668 1221 defecerunt
682 1153 880 1243 populorum⁴
891 1152 1010 1242 praeda
1032 1152 1165 1219 sarcien-

64 1262 149 1324 tur“.
173 1269 207 1324 et
230 1258 371 1326 oratione
395 1259 570 1342 dictatoris,
593 1282 676 1348 quae
697 1258 894 1326 necessitatis
916 1257 1047 1323 rithmus
1069 1257 1165 1323 index

64 1372 141 1443 erat,
162 1361 279 1429 milites
303 1365 428 1431 accensi
445 1366 567 1431 vadunt
587 1364 619 1428 in
641 1363 779 1447 hostem,
802 1375 835 1430 et
848 1364 1013 1453 respectus
1035 1362 1104 1451 ipse
1120 1371 1213 1453 arr-10

64 1464 207 1532 dentium
229 1479 415 1551 castrorum,
431 1490 635 1558 quamquam
656 1467 810 1558 proximis
825 1479 949 1534 tantum
966 1507 1010 1518 -
1024 1468 1068 1534 ita
1081 1466 1167 1535 enirn

63 1569 199 1637 iusserat
225 1571 425 1640 dictator-
450 1574 532 1664 ignis
561 1585 612 1641 est
638 1570 806 1655 subditus‚·
830 1572 917 1639 haud
946 1597 1081 1662 parvum
1108 1572 1168 1638 fuit

63 1671 316 1743 inritamentum:
345 1674 453 1768 itaque
476 1678 565 1747 velut
586 1679 741 1745 vecordes
762 1677 853 1743 inlati
873 1677 963 1766 signa
985 1677 1088 1765 primo
1111 1677 1173 1757 im·¹

65 1786 143 1863 petu
164 1777 308 1846 hostium
330 1783 468 1867 turbant,
490 1795 523 1850 et
543 1783 576 1848 in
591 1790 737 1873 tempore
753 1792 926 1871 postquam
941 1778 1082 1847 ardentia
1093 1804 1168 1871 pro

65 1881 118 1946 cul
133 1883 211 1950 vidit
226 1896 328 1951 castra
343 1887 494 1976 magister
508 1887 653 1979 equiturn
667 1926 711 1939 -
725 1887 757 1952 id
774 1898 966 1954 convenerat
984 1886 1109 1976 siguum
1123 1924 1167 1935 -
1181 1893 1214 1948 15

67 1983 209 2053 hostium
230 2000 319 2079 terga
340 1989 470 2058 invadit.
506 1993 550 2058 ita
573 1991 780 2060 circumventi
795 1991 955 2058 Samnites
977 2015 1041 2080 qua
1062 1998 1170 2081 potest

84 2146 92 2159 ·
127 2115 224 2172 nicht:
254 2114 337 2172 daher
358 2114 418 2172 wit!
439 2112 491 2187 ioh
512 2117 581 2174 euch

134 2202 210 2258 nieht
232 2204 282 2260 mit
306 2202 354 2260 der
367 2203 500 2260 ›Ausstcht
521 2205 581 2260 hin·

89 2301 100 2308 ‘'
131 2288 238 2357 balteo,
266 2290 328 2346 dass
350 2311 432 2347 wenn
461 2288 506 2348 ioh
532 2291 581 2348 das

134 2375 221 2450 hager
238 2377 298 2433 hier
315 2378 410 2435 stehen
427 2378 521 2448 hesse,
540 2380 583 2434 ihr

135 2463 204 2520 eu'eh
233 2464 303 2521 nach
333 2466 408 2522 nicht
437 2466 583 2542 erlangtem

135 2550 215 2626 Siege
232 2543 287 2608 wie
299 2554 405 2610 neuiich
417 2555 526 2611 hierber
538 2577 582 2611 zu-

136 2639 296 2695 rtickziehen
317 2639 459 2702 hbnntet“.
495 2640 539 2700 Gt.
556 2645 583 2709 4,

136 2727 194 2782 32:
206 2726 314 2801 pristini
326 2726 381 2782 diei
391 2756 424 2770 «-
432 2730 584 2786 occasione.

85 2848 111 2906 d.
140 2847 248 2926 quibus
285 2848 431 2922 operoe'st
463 2848 584 2906 trahere

137 2933 262 2990 bellum:
289 2932 332 3007 tt]
364 2935 460 3011 quibus
475 2926 584 3013 'nuperae
668 2978 670 2983 >

137 3028 180 3072 est
198 3030 248 3077 eet.
266 3020 328 3092 (P).
365 3022 413 3079 Sic
434 3044 514 3101 saepe
532 3024 582 3080 Pu-

138 3106 210 3160 teani
232 3106 302 3166 cod.
332 3113 490 3167 auctoritato
519 3114 584 3168 scri·

138 3191 256 3249 bendum
274 3204 324 3252 est.
337 3227 371 3237 -
384 3195 411 3254 Μ
429 3221 463 3255 m.
483 3202 523 3259 1.:
542 3219 584 3254 ca·

139 3289 194 3335 stra
214 3280 329 3338 habeant
349 3289 507 3365 repetatinq.
526 3289 584 3364 qui·

39 3398 42 3405 ·
138 3368 198 3425 bus.
218 3389 254 3428 m.
272 3371 310 3425 3.:
329 3380 459 3450 repetatq.
477 3375 585 3450 quibus.

88 3473 115 3537 5'.
141 3479 522 3545 obscidornuserlLeid.12
534 3484 584 3557 ah]

140 3566 337 3627 abscindamus.
356 3569 399 3627 Cf.
417 3571 444 3637 4,
463 3575 520 3632 1o.:
533 3573 585 3629 alia

140 3655 259 3732 undique
288 3657 392 3713 abscisa
422 3663 522 3735 (spe).
542 3663 585 3728 st,

139 3746 183 3801 30.
202 3743 235 3802 al.
517 3764 526 3836 Ι

89 3857 115 3912 7.
133 3854 443 3916 incendant:PMLeid.
451 3858 586 3919 1.Voss.n.

116 3939 119 3943 ’
143 3942 193 4012 ah]
212 3943 364 4003 incendent.
379 3979 412 3988 -
430 3946 587 4024 Respondet

141 4028 187 4085 hic
217 4034 403 4091 coniunctivus
438 4037 587 4110 praesentis

142 4117 300 4195 imperativo
324 4125 474 4214 praesentis
494 4123 588 4196 ferte.

701 2135 758 2160 '—
780 2117 817 2174 Μ’
830 2115 908 2176 Laid.
926 2136 944 2175 1.
966 2114 1048 2175 Voss.
1068 2128 1099 2174 u.
1120 2115 1169 2171 ab:
1223 2109 1227 2115 ⁴

723 2207 770 2283 qui
789 2206 919 2262 deferunt.
938 2203 966 2260 Μ
984 2222 1019 2262 m.
1031 2196 1105 2261 h'P't
1122 2204 1170 2278 qui

724 2293 888 2350 deiecerunt.
907 2324 941 2333 -
958 2291 999 2348 u:
1017 2294 1169 2348 sentientur.

655 2383 698 2440 10.
725 2382 834 2437 milites
856 2374 982 2436 uticensi
1003 2379 1117 2453 uaduqt
1140 2377 1170 2431 in
1206 2386 1209 2391 '

724 2468 855 2525 hostem:
866 2465 897 2525 P.
907 2497 938 2508 -
949 2463 1169 2539 bimbaedcen-

723 2551 1170 2612 snadunt.m.8.:accensiuadunt.
1284 2571 1287 2575 ·

725 2675 758 2684 —
777 2640 839 2697 PM:
853 2648 957 2716 quiqui
970 2642 1101 2717 proximis
1113 2648 1169 2694 tan·

726 2738 783 2782 tum
803 2736 852 2784 cet.
878 2727 1031 2801 „wiqwohl
1055 2742 1106 2782 u'ur
1127 2725 1188 2803 1¹¹⁸.

727 2813 899 2869 Vorderseite
932 2814 980 2868 des
1012 2812 1112 2887 Lagers
1143 2814 1170 2866 in

725 2899 818 2956 Brand
830 2901 949 2973 gestecht
967 2900 1044 2957 ward
1050 2906 1075 2958 ⁶⁶.
1089 2930 1122 2941 -
1137 2898 1171 2952 1¹:

725 2987 920 3065 hautparuum
945 2988 996 3046 suit
1017 2989 1170 3044 inritamen-
1253 3039 1256 3043 ,

724 3084 790 3134 tum.

657 3167 699 3224 13.
727 3164 829 3240 itaque
848 3144 930 3220 uelut
950 3140 1113 3220 uaecordes
1132 3161 1172 3216 in-

726 3253 784 3309 lati
795 3252 883 3329 signo
892 3254 989 3326 primo
1004 3250 1113 3324 impetu
1122 3247 1172 3305 bo-

727 3341 816 3396 stium
827 3340 961 3395 turbant:
974 3338 1029 3395 ΡΜ.
1049 3337 1084 3393 cs.
1094 3338 1120 3404 7,
1131 3339 1172 3392 15.

728 3457 762 3466 -
780 3424 844 3481 PM:
869 3436 896 3480 et
913 3427 941 3481 in
960 3435 1081 3504 tempore
1099 3425 1173 3490 („im

727 3511 955 3569 entschcidenden
968 3510 1173 3589 Augenbti'clr“)

728 3611 870 3677 postquam
889 3602 1009 3657 ardentia
1023 3592 1117 3679 prorui
1136 3597 1171 3649 ui-

729 3689 769 3744 dit
788 3699 873 3744 castra
893 3696 961 3763 mag.
980 3682 1173 3764 equitum'ffll:

730 3779 814 3850 magis
833 3776 971 3850 equitum)
990 3784 1041 3832 cet.

660 3865 702 3918 16.
731 3865 773 3917 ito
797 3864 989 3919 circumuenti
1009 3860 1174 3919 Saronites:

728 3949 760 4008 P.
773 3979 807 3991 -
823 3948 863 4004 hl:
881 3949 1175 4031 paciroumusamnites.

731 4070 765 4079 -
785 4036 846 4092 Pul:
861 4047 989 4092 sesemet
1001 4038 1086 4114 ipsam
1098 4034 1174 4090 turba

730 4125 880 4207 inpediens.
910 4124 987 4185 Leid.
1005 4141 1024 4185 ι.
1046 4121 1126 4181 Voss.
1149 4141 1175 4177 n.
1220 4163 1235 4185 ,
