2618 4590
510 229 620 334 inan
634 273 694 338 vu.

1091 269 1159 342 179

111 432 117 456 ¹
139 433 228 504 XIV.
271 433 420 502 Dictator
442 453 639 526 quamquam
659 458 730 504 rem
750 436 870 508 bonam
895 443 1045 535 exemplo
1067 444 1155 516 band

51 539 209 629 probabili
229 551 336 608 actam
358 539 517 625 cernebat,
537 552 648 610 tamen
668 541 827 611 factarum
849 545 938 635 quod
953 549 1069 618 milites
1085 551 1151 622 rel·

121 725 181 762 esse
200 713 313 775 constat,
331 714 359 764 ct
377 710 509 784 „caperet
524 727 566 766 ar·

121 797 197 851 ma“.
224 790 291 850 illud
311 801 326 848 t
345 813 409 850 vero
432 794 461 851 in
481 805 567 871 peret

122 899 155 935 eo
173 881 261 938 minus
285 878 436 938 dubitamus
452 902 505 961 pro
522 885 564 941 in·

120 975 195 1041 tegno
213 967 323 1036 babere,
336 992 340 1002 ·
351 968 425 1046 quod
441 988 487 1026 res
503 972 564 1048 ipsa

118 1053 236 1112 ostendit
256 1054 395 1114 librarium
424 1076 480 1116 uon
510 1078 562 1117 suo

117 1139 232 1199 consilio
242 1142 388 1221 quidquam
398 1155 502 1202 mutare
513 1167 562 1204 vo·

114 1225 207 1296 luisse,
230 1250 291 1287 cum
308 1241 476 1308 urmupcrct
492 1232 562 1293 nibil

88 1308 91 1316 '
112 1333 225 1389 prorsus
242 1317 415 1393 significaret.
441 1331 470 1378 et
485 1321 560 1399 quod

112 1403 142 1458 in
158 1400 245 1461 Pnon
256 1408 377 1481 coperit
392 1405 442 1464 aed
454 1427 560 1483 copcrc

110 1489 242 1566 seriptum
258 1502 309 1562 est,
327 1492 399 1551 idem
417 1505 445 1551 et
462 1497 490 1552 iu
507 1496 559 1554 Pn-

110 1584 190 1634 teano
208 1578 281 1636 band
293 1599 355 1637 raro
372 1581 472 1639 lactum
488 1583 559 1641 vidi·

108 1682 186 1722 musa
212 1685 254 1725 ex.
272 1685 311 1742 gr.
330 1670 380 1736 28,
400 1672 445 1729 36.
463 1671 511 1728 ubi
528 1672 558 1728 in

109 1747 191 1810 colb.
200 1755 331 1831 scriptum
340 1763 383 1811 est
392 1753 558 1831 „Magoni-

34 1864 47 1889 x
110 1839 217 1914 paranti
245 1842 360 1898 traicere
385 1843 415 1900 iu
437 1843 559 1904 Atticam
593 1912 598 1921 Ι

109 1927 261 1983 nuntiatum
282 1927 316 1984 ab
334 1927 497 2005 Cartbagine
514 1942 557 1992 cst

109 2012 203 2069 iubere
220 2022 342 2072 senatum
353 2024 384 2072 nt
395 2015 507 2075 classem
520 2051 555 2063 -

107 2100 137 2156 in
153 2098 258 2157 ltaliam
269 2103 403 2173 traiceret,
421 2105 555 2164 conducta

105 2186 146 2245 ibi
182 2185 321 2259 Gallorum
356 2211 389 2248 ao
422 2190 554 2269 Ligurum

105 2284 204 2353 quauta
216 2278 330 2334 maxima
348 2289 442 2356 posset
459 2282 552 2339 iuven·

104 2372 163 2420 tute
198 2365 372 2442 coniungeret
405 2366 551 2426 Hannibali

103 2471 157 2508 neu
179 2471 320 2509 senescere
342 2452 442 2512 bellum
458 2488 494 2501 -
512 2458 550 2514 ai·

102 2543 217 2608 neret“‚
236 2541 266 2597 in
278 2539 343 2600 ‘Pru
360 2561 398 2600 m.
416 2546 442 2603 1.
459 2564 548 2612 „eou-

103 2625 245 2700 iungere“,
270 2647 307 2687 m.
325 2631 364 2688 Ἅι
383 2632 549 2707 „coniunge-

101 2720 176 2780 ret“,
190 2734 349 2792 quamquam
361 2718 550 2775 coniunctivae

103 2800 197 2857 deesse
225 2820 282 2857 non
306 2811 405 2879 potest.
440 2802 549 2861 Livium

100 2905 167 2944 vero
193 2908 250 2946 non
275 2888 439 2947 infinitivum
465 2889 548 2948 modo

84 2976 151 3032 'sed
164 2977 244 3034 etiam
258 2976 373 3054 perinde
389 2996 421 3034 ac
435 2977 548 3036 Cicero·

89 3084 162 3121 nem
179 3065 379 3122 coniunctivum
391 3065 547 3123 cumverbo
599 3136 603 3147 .

99 3152 201 3210 iubere
235 3153 397 3228 coniungere
434 3151 547 3212 solitum

98 3257 172 3307 esse,
198 3239 330 3320 particula
348 3249 382 3296 ut
397 3237 457 3298 aliis
474 3238 546 3297 locis

97 3324 191 3384 addita
224 3327 285 3384 eliis
317 3328 434 3396 omissa,
465 3327 545 3385 multi

96 3411 153 3470 loci
171 3433 205 3470 ex
222 3416 384 3490 optimorum
402 3416 544 3494 mseripto-

95 3518 158 3558 rum
175 3500 230 3557 fide
250 3501 421 3579 persuadent.
446 3500 480 3561 cl.
498 3505 544 3571 30,

98 3590 155 3646 19.=
173 3588 237 3655 „ibi
255 3607 315 3644 euru
332 3587 412 3664 legati
429 3588 463 3645 ab
476 3588 544 3648 Car·

94 3673 205 3748 thagine
222 3707 257 3718 -·
276 3673 400 3731 adierunt
420 3676 544 3735 iubentes

27 3778 30 3781 ·
96 3763 185 3838 primo
216 3781 325 3840 quoque
358 3771 479 3840 tempore
512 3765 543 3822 iu

93 3848 215 3907 Africam
253 3851 420 3908 trakcrct“
459 3851 542 3922 (Pur.

97 3934 178 3996 colb.
190 3937 312 4009 Bamb.).
327 3941 373 4008 36,
392 3940 433 3998 1.=
451 3939 544 4008 „alter

94 4021 192 4082 consul
216 4057 250 4069 -
276 4046 337 4084 cum
358 4026 426 4085 Bois
452 4029 543 4085 iussus

95 4109 197 4170 bellum
220 4130 313 4189 gerere
334 4124 396 4172 utro
421 4116 542 4175 exercitu

706 706 854 766 mallet-
876 707 990 770 alterum
1011 684 1042 770 nt
1066 716 1153 774 mitte·

706 802 749 853 ret
770 815 870 874 eaeque
896 797 1015 856 urbanae
1034 797 1155 876 legiones

706 891 797 940 essem
821 892 931 960 paratae
958 905 1013 963 qno
1044 896 1154 946 senatus

615 976 625 998 t
704 971 886 1031 censuisset“.
903 973 948 1041 38,
966 974 1012 1033 35.
1029 971 1065 1030 al.

651 1056 678 1118 1.
704 1057 1153 1136 dictatorqucmqusmrcmbo·

701 1163 773 1201 nom
785 1147 923 1222 exemplo
941 1145 1029 1204 houd
1042 1148 1153 1223 probu-

701 1231 757 1288 bili
766 1233 1026 1291 uctomccmcbot:
1036 1233 1072 1296 ll.
1089 1233 1168 1295 Hoc·

700 1315 763 1376 loco
782 1319 849 1378 duas
861 1319 983 1378 dromas
1000 1322 1151 1401 scripturas

700 1403 785 1463 luisse
802 1406 855 1479 (cl.
868 1408 895 1475 2,
908 1409 934 1464 7.
944 1407 1036 1484 fieri)
1048 1419 1149 1467 etccr·
1225 1446 1228 1455 ·

700 1580 731 1637 in
753 1590 822 1657 optt.
848 1580 926 1638 libris
949 1585 1083 1659 seriptum
1106 1592 1150 1642 est

699 1666 789 1726 docet.
798 1667 1036 1740 iullcnim(otin
1045 1670 1148 1732 tetur.

699 1753 751 1825 al.)
768 1755 937 1834 repperimus
962 1762 1071 1825 „actam
1090 1776 1148 1814 eer-

698 1840 782 1899 nebat
807 1840 935 1898 censebat
960 1847 1090 1911 tamen“‚
1117 1844 1148 1900 iu
1231 1911 1238 1929 N

697 1928 721 1986 Ρ
743 1939 852 1999 „aetam
875 1928 1021 1986 censebant
1044 1932 1096 2000 (m.
1120 1931 1148 1990 9.

697 2015 840 2086 censebat)
858 2019 982 2085 tamen“‚
999 2017 1029 2073 in
1040 2014 1114 2075 Harl.
1127 2034 1147 2075 1.

696 2112 809 2171 „actm
818 2101 962 2159 cernebant
973 2102 1100 2159 censebat
1109 2112 1146 2158 ta·

695 2194 790 2259 men“,
808 2188 842 2249 al.
860 2189 1030 2268 Quamquam
1043 2197 1145 2247 utrum·

695 2297 750 2359 φο
762 2297 856 2335 rernm
874 2297 935 2335 esse
951 2286 1051 2356 potest,
1069 2287 1097 2333 et
1114 2276 1145 2334 id

693 2364 814 2443 quadiu
832 2362 855 2421 1>
872 2375 915 2422 est
931 2367 1041 2424 maioris
1060 2365 1142 2421 etiam

691 2455 861 2510 auctoritatis
878 2453 1078 2521 videturesse,
1102 2460 1142 2508 ta·

690 2557 754 2597 men
771 2550 800 2597 ct
814 2542 868 2618 ipsi
881 2541 1019 2600 corruebat
1029 2540 1141 2618 scripsi·

689 2646 760 2696 mus,
777 2629 852 2705 quod
870 2630 899 2685 in
910 2628 990 2687 rebus
1004 2625 1093 2683 dubiis
1109 2624 1141 2682 id

690 2713 766 2790 quod
786 2715 922 2791 plerisque
945 2715 1034 2771 doctis
1052 2712 1140 2769 bomi-

689 2800 771 2857 nibus
788 2801 932 2878 probatum
946 2808 1018 2856 esset
1034 2807 1140 2856 mutare

690 2888 745 2943 nisi
768 2905 799 2943 re
825 2888 885 2963 ipsa
913 2894 1025 2960 cogente
1051 2883 1139 2941 nolui·

689 2992 758 3033 mus.
775 2972 825 3030 bas
837 2972 904 3031 duaa
916 2992 980 3031 vero
990 2973 1139 3051 scripturas

689 3069 763 3120 ortas
787 3060 940 3140 essequod
962 3079 1059 3140 parum
1075 3078 1138 3136 per·
1193 3085 1195 3088 ·

687 3158 780 3228 specta
796 3151 887 3208 sitris
898 3148 1044 3206 verborum
1058 3165 1136 3205 rece·

684 3239 730 3314 ptr
740 3237 938 3310 refecturum
947 3237 1082 3293 neminem
1095 3232 1135 3290 fu·

685 3327 764 3399 gerit.
795 3326 926 3399 recipcre
949 3342 1015 3380 vero
1038 3319 1135 3378 codem

685 3412 743 3470 iere
772 3431 826 3490 quo
851 3410 1024 3487 promittere
1052 3425 1135 3464 sensu

683 3500 769 3558 scribi
785 3507 901 3577 poterat,
921 3494 1030 3572 siquid
1048 3494 1081 3551 ab
1100 3514 1133 3553 eo

684 3591 733 3666 qui
756 3587 882 3667 promisit
901 3585 1016 3662 petitum
1037 3581 1155 3640 luerat-t

606 3693 615 3706 “
684 3678 728 3734 sie
744 3678 876 3752 scripturn
893 3681 935 3729 est
946 3693 961 3727 a
972 3669 1072 3728 Planco
1085 3668 1131 3728 ci-

684 3766 778 3821 ceroni
796 3765 875 3840 (epp.
894 3759 928 3817 ad
941 3760 995 3819 div.
1014 3761 1057 3827 10,
1069 3759 1132 3828 ut.)

684 3852 798 3922 „omnia
820 3852 846 3906 ei
869 3858 897 3906 et
918 3849 1023 3927 petenti
1040 3846 1130 3922 recepi

683 3949 712 3999 et
729 3938 799 3996 ultro
816 3935 954 4015 pollicitus
972 3937 1065 3992 snm“.
1094 3930 1130 3991 ei.

682 4045 791 4103 quoque
808 4024 867 4084 Cic.
886 4041 927 4083 or.
944 4019 1015 4080 Pbil.
1033 4020 1067 4086 5,
1087 4020 1130 4078 18.

681 4116 741 4173 51³
763 4112 892 4184 „audebo
913 4110 994 4168 etiam
1010 4105 1130 4181 obligare

862 4198 928 4266 12·
955 4218 958 4231 ’

626 1499 628 1503 ’
700 1494 789 1551 nebat
805 1503 833 1551 et
849 1496 1000 1565 censebor,
1026 1495 1056 1553 id
1074 1495 1149 1576 quod
1219 1556 1227 1569 Ι

1217 1991 1227 2028 1
