2618 4590
149 126 217 291 aas
375 123 378 133 ¹
609 174 794 252 marm.

134 358 212 445 'ego
241 352 371 444 plebem
391 352 570 422 Romanam
596 352 728 421 milifiae
758 353 909 445 domique
935 351 1076 445 privatus
1100 352 1136 420 in
1157 354 1252 444 magi-

154 455 304 527 stratibus
325 455 431 550 parvis
453 456 640 549 magnisque
662 457 926 550 aequentribunus
948 481 987 525 ac
1002 457 1115 526 consul
1137 460 1253 526 eodem

82 612 84 621 »
151 573 264 631 tenore
295 586 353 654 per
379 585 492 631 omnes
524 562 675 654 deinceps
708 562 892 631 consulatus
923 563 996 631 eolo
1029 573 1125 654 atalae
1158 563 1252 632 colui.

151 690 240 735 nune
260 667 348 758 quad
368 665 481 752 instat,
507 667 567 738 diis
594 667 678 735 bene
708 666 888 737 iuvantibus
909 692 1033 738 novum
1054 679 1152 760 atque
1177 669 1253 737 inte-

51 767 55 777 “
120 780 242 862 tgmm
264 771 304 838 de
327 771 522 842 Samnitibus
544 771 743 867 triumphum
764 797 894 843 meeum
915 774 1051 867 petite“.

238 863 392 946 XXXIII.
429 877 507 971 Non
535 877 611 946 alias
639 877 731 946 militi
759 878 941 946 familiarior
969 879 1035 946 dux
1062 877 1122 947 luit
1148 878 1256 951 omnia

100 971 108 995 ⁸
149 978 232 1049 Inter
253 981 381 1051 infimas
402 982 540 1053 militum
560 982 648 1050 haud
669 995 800 1074 gravate
814 983 923 1052 munia
939 983 1105 1052 obeundo:
1127 982 1255 1051 inludo

148 1097 276 1177 praeter
297 1111 335 1156 ea
363 1088 505 1172 militari,
533 1112 609 1156 eum
629 1087 807 1157 velocitatis
831 1088 1007 1181 viriumque
1035 1088 1117 1157 inter
1136 1111 1173 1156 se
1205 1113 1256 1156 ae·

151 1191 263 1280 quales
291 1191 463 1261 certamina
490 1192 618 1276 ineunt,
651 1192 786 1262 comiter
808 1193 923 1278 facilis,
957 1194 1085 1261 vincere
1113 1218 1151 1261 ac
1172 1193 1257 1262 vinci

105 1301 140 1357 10
152 1295 244 1362 vultu
267 1296 384 1365 eodem
405 1322 466 1365 nee
488 1307 687 1390 quemquam
708 1298 870 1388 aspernari
895 1322 1007 1390 parem
1030 1298 1142 1389 quise
1164 1298 1257 1367 offer-

78 1470 80 1475 .
151 1411 215 1468 ret:
238 1400 330 1470 lactis
352 1402 508 1495 benignus
531 1426 653 1495 prore,
675 1403 765 1470 dictis
788 1403 874 1471 haud
895 1404 1001 1472 minus
1015 1402 1168 1471 libertatis
1183 1402 1274 1469 aliea.

150 1527 212 1574 nae
234 1530 334 1599 quam
354 1530 432 1576 suae
456 1507 614 1600 dignitatis
635 1533 777 1579 memor:
811 1521 910 1578 et-
933 1508 998 1601 quo
1019 1509 1098 1578 nihil
1124 1507 1257 1600 popula-

151 1607 216 1679 rius
239 1623 290 1680 est
311 1650 355 1673 ε-
378 1610 494 1705 quibus
517 1612 637 1683 artibus
659 1614 794 1706 petierat
814 1614 1025 1707 magistratum,
1056 1612 1182 1682 hisdem
1204 1637 1258 1704 ge-

221 1765 255 1828 L.
273 1769 302 1826 in
320 1769 375 1828 illis
388 1770 479 1830 verbis
496 1772 578 1851 etiam
595 1771 669 1830 aliud
757 1776 784 1834 7.
811 1775 844 1831 in
871 1772 944 1831 ludo
964 1781 1136 1850 praeterea:
1164 1769 1196 1827 P.
1222 1800 1259 1812 -

218 1856 288 1937 quid
305 1867 447 1938 spectaret.
472 1878 533 1917 cum
551 1861 622 1916 enim
640 1861 669 1917 in
809 1859 854 1919 II:
872 1860 901 1918 ia
914 1861 984 1919 dala
995 1867 1096 1942 [storea.
1108 1889 1143 1901 -
1155 1856 1190 1916 Pa
1208 1858 1259 1915 mi-

219 1963 338 2020 semper
347 1947 427 2003 etiam
437 1967 533 2027 aeqw
543 1948 669 2026 perinde
810 1946 910 2008 liaris.

218 2028 301 2101 insit,
331 2031 377 2091 illa
407 2035 491 2093 rerba
516 2034 669 2112 significare

218 2128 335 2193 possunt
352 2116 447 2191 ‚johae
464 2120 605 2199 Untarlass
622 2122 668 2179 be-

219 2207 306 2263 weise
323 2207 368 2265 ich
392 2208 454 2267 dem
471 2208 558 2267 Valla
580 2210 669 2266 melae

217 2291 343 2370 Achtung
359 2297 414 2352 wie
435 2296 481 2355 ich
502 2297 543 2354 sie
564 2296 621 2353 ihm
639 2297 668 2353 in

220 2375 304 2454 Krieg
316 2381 373 2439 uad
384 2381 407 2439 l*
407 2383 500 2439 rieden
512 2382 552 2439 als
564 2382 669 2440 Privat-

218 2483 300 2523 mann
318 2467 375 2525 untl
392 2470 422 2524 in
439 2468 633 2528 staatstmtem
643 2513 668 2531 ..

219 2551 357 2612 bewiesan
374 2554 476 2617 lrabe“.
500 2577 569 2637 quae
586 2558 668 2614 inter·

217 2642 334 2717 prelatio
352 2643 377 2700 si
394 2663 459 2701 vera
482 2655 537 2714 est,
559 2642 591 2705 L.
612 2665 668 2702 non

220 2725 298 2786 aliter
315 2738 396 2802 atque
417 2733 528 2810 scripsit
547 2733 668 2791 scribare

219 2817 316 2896 potuit.
334 2849 368 2862 -
387 2815 421 2883 P:
441 2839 526 2897 aeque
542 2820 668 2878 tribunus

220 2921 252 2959 ac
277 2909 348 2963 eois.
376 2936 410 2951 -·
441 2905 470 2965 Μ
491 2907 666 2986 paulopost:

218 3009 339 3057 „nauum
347 2993 599 3070 atq.†integrum“=
612 3017 667 3054 me·

220 3073 267 3132 elia
284 3076 345 3133 loeo
365 3077 468 3157 aliquid
480 3100 585 3140 erasum
603 3092 652 3142 est.

130 3229 133 3232 ,
165 3161 192 3221 6.
221 3181 281 3217 non
292 3165 373 3220 alias
387 3168 476 3222 mitta·
478 3167 669 3240 familiarior·

219 3247 286 3306 dm
308 3249 391 3323 fuit:
421 3250 479 3314 PM·
506 3286 542 3296 ...
577 3253 668 3313 Simili
752 3240 756 3247 ·
809 3213 875 3272 lead
895 3216 946 3272 mit
967 3213 1117 3272 Riielsielrt
1139 3213 1187 3270 aul
1212 3213 1259 3269 die

219 3324 301 3395 niodo
313 3336 346 3397 L,
364 3358 436 3398 mm
455 3342 536 3400 all-43
548 3343 668 3400 scribere
809 3301 1008 3371 Verhlltnisse,
1029 3303 1057 3359 in
1075 3303 1165 3359 seiner
1181 3299 1260 3357 Reda

218 3421 301 3481 soletg
319 3424 354 3485 cf,
372 3427 400 3498 3,
418 3428 462 3488 59·
490 3429 535 3500 25,
552 3432 597 3490 39·
622 3433 667 3501 45,
810 3387 901 3449 verlor
918 3410 948 3446 er
965 3391 1033 3448 eben
1051 3409 1083 3446 sa
1100 3389 1191 3464 menig
1213 3387 1259 3446 dle

218 3511 263 3568 20,
282 3509 317 3571 31,
809 3475 999 3555 perstinlichen
1014 3476 1117 3534 Rechts
1134 3476 1183 3534 (les
1202 3477 1259 3533 An·

809 3563 892 3623 deren
904 3563 944 3621 als
955 3566 1031 3621 selae
1046 3565 1138 3639 algena
1149 3563 1259 3623 Wi'rrde

807 3670 856 3709 aas
874 3651 927 3711 den
944 3652 1070 3728 Augen“.

757 2082 784 2142 9.
799 2079 1062 2154 ‘camiterfacilise
1070 2075 1107 2137 Μ.
1119 2107 1154 2120 -
1165 2073 1259 2133 Peod.

809 2167 921 2229 Kloct:
940 2170 1011 2227 comi
1028 2164 1125 2224 facilis.
1137 2195 1172 2208 -
1185 2161 1260 2219 llaec

810 2255 894 2314 verba
916 2257 1043 2330 eoaiangi
1063 2272 1119 2309 aaa
1143 2259 1261 2328 possunt

811 2363 873 2402 cum
897 2342 1073 2420 sequentibus
1101 2338 1259 2396 infinitivis:

811 2431 906 2501 „belm
930 2426 1099 2506 Kamplspiel
1121 2428 1208 2501 reigte
1230 2445 1260 2481 es

810 2512 1260 2576 sielraulainelreandliclreWeise

809 2604 929 2681 getatlig:
950 2625 982 2662 er
998 2602 1106 2662 mochte
1123 2601 1176 2657 den
1194 2592 1260 2674 Sie'g

809 2692 992 2768 darontragen
1022 2691 1088 2748 oder
1116 2686 1258 2754 verlieren,

809 2800 842 2836 sa
862 2779 963 2836 behielt
980 2799 1010 2835 er
1028 2776 1146 2834 dieselhe
1162 2773 1259 2849 ruIrIge

808 2865 914 2935 IIiene3
936 2865 992 2925 aad
1010 2866 1055 2922 nie
1071 2862 1259 2923 versahmthte

810 2975 841 3012 er
863 2956 942 3011 einen
968 2952 1017 3010 der
1037 2951 1098 3009 slah
1118 2950 1174 3008 ihm
1194 2970 1259 3007 zum

809 3039 996 3117 Wettlample
1012 3040 1108 3097 sabat:
1128 3040 1167 3095 lm
1183 3036 1259 3094 Haa-

811 3126 876 3186 rleln
894 3130 979 3202 zeigte
997 3147 1026 3184 er
1043 3126 1102 3182 sich
1113 3123 1258 3183 wohlwol·

164 3596 191 3655 7.
218 3601 321 3655 mania
351 3603 503 3662 obeundo.-
538 3603 597 3664 ΡΜ.
631 3637 666 3650 -

218 3682 298 3744 Voss.
310 3707 328 3746 1.
348 3688 396 3749 al:
408 3711 527 3750 manera.
545 3689 624 3751 Voss.
636 3711 666 3753 11.

217 3767 285 3857 l'all.
308 3775 331 3832 1.
354 3778 380 3834 3.
406 3776 455 3836 al:
482 3781 592 3836 minima
618 3780 665 3836 ob·
737 3783 781 3844 13.
809 3782 927 3841 hisdem
947 3785 1087 3864 gerebat.-
1115 3781 1181 3856 ΡΜ]
1210 3784 1259 3841 iis-

219 3856 317 3917 eunda.
345 3859 389 3918 cf.
409 3866 438 3932 1,
455 3868 513 3926 34:
540 3867 664 3924 obeundo
807 3870 870 3927 dem
887 3874 1004 3946 gerebat.
1026 3872 1069 3931 Cf.
1087 3873 1113 3940 5,
1131 3873 1193 3932 36.:
1212 3893 1260 3930 eo·

219 3945 316 4007 officia.
336 3949 361 4019 1,
375 3949 432 4009 54:
452 3951 576 4013 obeundo
593 3957 664 4034 peri-
807 3978 864 4015 ram
900 3959 1004 4018 hisdem
1039 3958 1179 4019 Romanis.
1223 3991 1259 4003 -

219 4032 287 4094 cula.
305 4034 339 4098 al.
744 4044 771 4110 ’,
808 4043 885 4107 Laid.
901 4067 933 4106 a:
952 4047 1067 4124 regebat.
