2618 4590
566 272 676 336 LlBllll
693 272 728 334 X.
872 344 876 349 g
1134 256 1200 325 717

95 461 209 507 caesae
234 448 267 507 et
288 437 528 508 circumstantes
551 439 752 507 centuriones
766 436 882 506 strictis
903 435 1030 529 gladiis:
1052 434 1202 514 admove·

95 544 189 610 batur
210 543 362 610 altaribus
385 546 485 635 magis
511 553 548 610 ut
574 542 702 611 victima
731 566 830 632 qrram
861 553 899 610 ut
925 540 1007 609 sacri
1033 541 1219 631 particeps.

96 646 347 739 adigebaturque
370 648 570 717 iureiurando
597 671 682 738 quae
710 647 790 714 visa,
807 645 977 736 auditaque
998 645 1032 711 in
1060 667 1099 712 eo
1125 644 1200 711 loco

80 747 209 819 ¹essent
229 770 296 820 non
319 753 570 820 enuntiaturum:
592 742 695 820 iurare
711 750 870 842 cogebant
890 751 958 818 diro
981 749 1122 840 quodam
1136 770 1202 815 car-
1266 812 1278 828 ,

98 856 184 922 mine
219 855 252 921 in
285 856 520 924 execrationem
555 857 666 946 capitis
699 856 901 946 familiaeque
929 866 962 922 et
989 853 1094 944 stirpis
1127 848 1231 920 obn-t

101 960 219 1049 posito,
241 960 301 1026 nisi
322 959 400 1027 isset
420 959 454 1026 in
474 960 634 1050 proelium
656 984 722 1051 quo
744 962 952 1052 imperatores
974 959 1147 1040 duxissent,
1169 966 1203 1024 et

98 1066 125 1131 si
148 1075 203 1132 aut
224 1064 293 1154 ipse
317 1088 359 1132 ex
381 1064 448 1132 acie
470 1064 602 1154 fugisset
624 1066 729 1149 antei,
752 1089 850 1157 quem
867 1063 1041 1154 fugientem
1062 1061 1203 1143 vidisset.

97 1191 164 1234 non
186 1170 350 1260 extemplo
373 1168 551 1237 occidisset.
588 1169 621 1237 id
642 1171 747 1261 primo
771 1169 902 1260 quidam
924 1167 1101 1234 abnuentes
1121 1165 1202 1232 iure-

96 1284 186 1341 turos
208 1297 245 1341 se
268 1273 447 1341 obtruncati
468 1273 552 1342 cirea
574 1274 683 1343 altaria
704 1285 794 1358 sunt,
820 1273 960 1341 iacentes
984 1271 1098 1338 deinde
1120 1269 1204 1338 inter
1300 1348 1302 1355 Ι

756 1413 820 1473 elibl
847 1414 1007 1493 pronomine
1033 1426 1074 1469 se.
1114 1408 1137 1467 Ρ
1165 1429 1202 1470 m.
1245 1432 1248 1445 =

755 1505 797 1561 1.:
814 1502 1094 1558 uonnenuutiaturum.
1112 1518 1148 1556 ru.
1161 1498 1202 1556 ἢκ
1247 1530 1250 1535 -
1300 1516 1302 1521 ·

755 1609 811 1645 uon
829 1583 1050 1646 renuntiaturum.
1067 1583 1140 1643 cod.
1151 1583 1203 1641 ll·-
1263 1660 1265 1664 Α

756 1695 841 1734 veroa
871 1694 949 1744 „non
976 1672 1202 1730 enuntiaturoa“:

756 1762 891 1841 pauloque
916 1770 979 1839 post
1008 1779 1078 1817 unua
1107 1758 1206 1833 alterqa

756 1854 891 1908 recentior
908 1848 982 1908 coda
1001 1849 1077 1916 „niel
1094 1848 1201 1903 iasent“

755 1937 937 2007 „uidissent‘
955 1934 1174 2004 ‚‚occidieaent“.

704 2027 730 2085 4.
756 2026 858 2082 aare
876 2025 1019 2103 cogebant
1041 2021 1107 2078 diro
1130 2038 1202 2097 quo·

757 2112 830 2168 dam
856 2113 988 2167 carmine
1017 2102 1201 2178 („l’ormel“:
1232 2108 1245 2127 ‘

758 2203 802 2267 10,
811 2201 870 2267 41.)
885 2201 916 2254 in
925 2197 1143 2255 execrationem
1154 2211 1202 2248 ea·

116 1415 143 1472 1.
171 1413 387 1472 admouebatur
395 1414 544 1471 alteribus
554 1434 615 1471 ma·

167 1502 219 1579 gis
238 1509 270 1556 ut
282 1502 401 1556 uictima
414 1520 504 1575 quam
523 1510 614 1558 uteo·

169 1589 214 1642 ari
234 1590 401 1662 particeps:
428 1585 478 1644 PM
501 1582 578 1646 Laid.
595 1607 615 1649 ¹.

168 1671 218 1744 el]
229 1674 421 1734 admovebatur
428 1672 556 1731 altaribus
564 1677 612 1733 mi·

169 1757 209 1815 leo
226 1763 310 1834 magia
327 1770 358 1820 ut
374 1763 483 1820 victima
501 1772 552 1822 cet.
580 1793 614 1804 -

102 1914 105 1922 1
169 1844 356 1924 supplendum
379 1860 450 1906 erse'
467 1851 615 1926 expriori-

169 1932 246 1991 ribus
267 1935 474 2004 „nobilissimus
501 1939 616 2014 quiaque

168 2039 265 2096 genere
287 2021 441 2100 lactisque“
467 2022 547 2081 facile
573 2032 616 2082 est

168 2107 324 2182 intelligere.
341 2107 459 2168 Librarii
468 2121 556 2169 umen
570 2132 615 2169 oo·

170 2194 261 2252 dicum
287 2196 353 2257 Pell.
381 2201 406 2258 1.
436 2202 463 2258 3.
489 2198 568 2259 Voss.
587 2219 615 2260 u.

44 2296 51 2307 ·
167 2280 261 2343 Lorel.
276 2286 301 2343 d.
320 2283 355 2345 al.
372 2286 539 2363 scripserunt
561 2287 615 2344 ad-

168 2371 376 2440 monebantur,
402 2376 479 2449 quasi
503 2375 618 2454 singuli

168 2461 304 2526 (,‚lmmer
330 2461 444 2529 einer“)
473 2460 553 2518 etiam
579 2460 615 2517 ad

167 2543 197 2600 id
215 2546 326 2602 verbum
349 2548 507 2622 pertineret:
536 2557 564 2604 et
584 2557 616 2604 ut

168 2634 298 2687 orationis
321 2641 410 2705 partes
436 2634 490 2690 sibi
508 2643 614 2689 cousta-

49 2765 57 2783 ,
166 2726 241 2785 rent,
268 2719 297 2773 in
324 2716 405 2776 Voss.
427 2738 455 2776 n.
483 2721 614 2797 scriptum

168 2813 211 2860 est
234 2803 341 2878 „magis
359 2813 389 2866 ut
406 2806 515 2862 uictima
534 2825 614 2882 quam

166 2899 198 2947 ut
206 2893 276 2948 eeeri
288 2893 461 2969 participes“,
474 2891 502 2947 in
511 2887 614 2952 Laud.

166 2979 273 3053 „magis
291 2987 322 3034 ut
339 2979 463 3035 uictimae
486 2998 566 3056 quun
583 2989 615 3035 ut

168 3068 238 3122 sacri
256 3052 435 3142 participes“.
454 3095 487 3108 ·-
505 3065 614 3123 Deinde

167 3155 298 3229 scriptum
311 3162 352 3208 est
364 3151 471 3220 mendo,
488 3172 542 3229 quo
555 3172 613 3209 aaa·

165 3240 277 3317 pissime
287 3238 434 3307 errabatur,
443 3241 471 3296 in
480 3239 528 3296 Pll
537 3241 612 3309 „ati-

167 3326 305 3402 cebaturq.
340 3325 547 3396 iureiurando“‚
583 3329 612 3385 in

165 3413 244 3471 Laid.
262 3431 280 3470 r.
307 3414 388 3470 etiam
412 3413 614 3480 „adiciebatur-

166 3504 251 3576 que“.
277 3495 325 3561 Cf.
343 3501 387 3566 35,
407 3501 612 3559 marturibus

164 3585 302 3643 admotum
328 3586 500 3644 iureiurando
523 3590 613 3663 adegit

163 3693 308 3750 numquam
336 3675 450 3730 amicum
477 3675 536 3731 fore
562 3696 612 3753 po·

163 3760 222 3838 puli
244 3762 357 3819 romani.
385 3793 419 3803 -
446 3760 512 3820 Pall.
537 3764 562 3821 1.
585 3766 612 3819 3.

161 3847 230 3908 Lov.
248 3850 274 3903 d.
297 3845 344 3906 alt
371 3845 608 3926 adigebanturque.

161 3967 196 3980 -
214 3933 242 3995 Μ
261 3934 307 3993 al.:
329 3954 422 4010 „quae
440 3936 500 3991 uisa
518 3936 608 3994 audita

161 4042 214 4099 que
237 4023 266 4077 in
293 4040 324 4076 eo
352 4019 413 4078 loco
438 4032 527 4080 esseut
551 4043 607 4083 non

160 4113 381 4187 enuntiatururp‘¹
409 4110 511 4168 omisso
536 4112 607 4169 elcut

754 2288 826 2360 pitia
837 2283 1040 2361 familiaeque
1056 2290 1086 2339 et
1099 2280 1203 2356 etia-pie

757 2375 926 2448 conposito:
943 2371 966 2428 P
982 2392 1018 2430 m.
1034 2373 1059 2429 1.
1071 2367 1097 2425 ll
1110 2389 1146 2427 m.
1159 2369 1201 2439 1.]

750 2459 821 2516 dein
849 2462 937 2516 iurare
967 2459 1111 2535 cogebatur
1140 2454 1201 2513 diro

757 2546 874 2624 quodam
888 2549 1005 2604 carmine
1018 2555 1069 2604 cet.
1078 2543 1135 2614 (ed.
1145 2541 1201 2598 llo·

756 2640 855 2709 gunt).
879 2665 912 2675 -
939 2632 961 2688 l'
979 2652 1015 2692 m.
1033 2635 1059 2690 2.
1076 2630 1104 2687 tl
1121 2631 1202 2690 md.

755 2717 832 2778 Leid.
851 2739 868 2776 ι.
886 2717 1004 2777 Vosau.
1021 2718 1089 2776 Lor.
1110 2719 1136 2775 d.
1154 2715 1202 2775 alr

756 2805 820 2863 dein
845 2808 935 2862 iurare
961 2805 1099 2880 cogebant
1133 2802 1200 2859 Pell.

757 2892 804 2952 al:
831 2880 895 2949 dein
917 2893 1006 2948 iurare
1029 2892 1200 2967 cogebantur.

755 3013 790 3026 -
808 2979 871 3038 Non
884 2979 974 3036 addita
986 2977 1116 3060 partitiale
1130 2978 1201 3036 dein

755 3071 903 3126 orationem
944 3066 1022 3142 longe
1060 3066 1200 3147 fortiorem

754 3157 829 3223 lieri,
848 3165 961 3231 apteque
977 3152 1136 3230 responderi
1154 3173 1199 3209 au·

754 3242 939 3299 tecedentibuo
957 3242 1048 3298 verbis
1061 3240 1210 3313 admove-t

754 3331 841 3387 batur
857 3329 1093 3408 adigebaturque
1113 3329 1197 3385 uerni-

754 3435 816 3472 nem
834 3415 938 3492 fugerit
957 3447 992 3459 -
1017 3415 1052 3470 P:
1076 3433 1130 3492 quo
1149 3417 1197 3471 im·
1222 3408 1273 3463 ’Ἦ

752 3512 889 3578 peratoree
899 3503 1046 3562 duxissent.
1058 3500 1170 3561 titud.
1179 3521 1197 3561 1.

751 3588 831 3650 Voss.
853 3611 878 3648 u.
901 3587 969 3650 Lor.
993 3591 1019 3650 d.
1042 3589 1090 3648 alr
1120 3591 1197 3658 „uisi

752 3679 820 3734 isset
839 3681 866 3735 in
880 3676 1010 3756 proelium
1023 3677 1101 3754 quod
1112 3679 1196 3754 impe·

751 3775 854 3821 ratores
865 3765 1034 3823 duxissent“.
1045 3764 1079 3822 cl.
1091 3767 1133 3832 10,
1141 3766 1196 3824 lta

750 3871 780 3908 se
807 3851 840 3908 ad
864 3851 992 3930 populum
1018 3850 1129 3911 laturos.
1160 3883 1194 3894 -

749 3936 789 3996 lll:
818 3949 867 4006 „et
889 3943 913 3996 si
937 3947 982 3997 aut
1005 3941 1064 4016 ipse
1086 3940 1195 4019 θηρία

749 4026 907 4104 fugisset“r
938 4026 986 4082 scd
1013 4025 1115 4103 syllaba
1143 4029 1195 4106 gie

748 4131 784 4172 m.
801 4115 827 4172 3.
846 4115 875 4172 in
892 4133 945 4173 ras.
963 4116 1063 4190 scripta
1081 4123 1130 4174 eut.
