2618 4590
536 244 716 330 cumve.
1106 233 1171 301 119

34 392 36 397 ’
74 423 146 466 esse
168 399 305 491 plebeis:
328 426 401 496 eam
416 410 494 471 esse
517 428 624 483 arcem
644 391 804 489 libemus,
825 407 858 472 id
880 407 1043 475 columem
1079 407 1107 474 si
1128 431 1181 487 eo¹
1279 488 1283 493 .

32 581 35 587 ¹
71 518 261 594 perventum
278 506 327 589 sit,
343 517 412 573 tum
428 508 585 599 populum
600 508 783 579 Romanum
799 535 873 578 vere
885 523 1014 581 exactos
1032 511 1168 591 exurbe

70 632 162 699 reges
190 622 223 678 et
251 608 397 701 stabilem
424 612 603 681 libertatem
630 600 723 681 suam
752 615 1015 683 existimaturum:
1039 617 1166 708 ⁴quippe

69 738 113 780 ex
133 715 189 781 illa
211 715 262 782 die
283 715 316 781 in
336 714 465 805 plebem
486 731 619 787 ventura
647 719 753 786 omnia
777 719 892 811 quibus
920 720 1040 808 patricii
1060 721 1164 788 excel·
1270 776 1276 801 2

69 816 146 902 lant,
167 818 334 910 imperium
356 832 451 911 atque
473 822 631 903 honorem
652 823 785 914 gloriam
807 824 883 891 belli
903 848 1004 914 genus
1025 825 1196 894 nobilita-5

70 930 147 1004 tem,
169 946 280 1013 magna
301 923 377 1012 ipsis
400 924 542 1012 fruenda,
562 929 682 996 maiora
697 927 803 994 liberis
818 928 1035 1018 relinquenda.
1055 928 1187 995 ’huius

67 1026 192 1114 generis
214 1027 372 1119 orationes
394 1017 449 1097 ubi
471 1033 713 1124 accipi'videre,
735 1057 854 1101 novam
875 1033 1075 1124 rogationem
1096 1055 1167 1123 pro·
1227 1023 1230 1027 ⁵

65 1129 210 1219 mulgent
230 1142 266 1200 ut
286 1157 345 1223 pro
368 1134 541 1205 duumviris
564 1140 661 1207 saeris
682 1138 835 1209 faciundis
863 1136 1036 1205 decemviri
1059 1160 1165 1204 ereen·
1239 1204 1248 1211 ,

65 1244 119 1300 tur
139 1235 195 1318 ire*
213 1247 249 1304 ut
269 1261 343 1328 pars
357 1264 408 1308 <ex
429 1241 525 1331 plebe
547 1268 620 1334 pars
642 1269 684 1320 ex
705 1243 847 1338 patribus
868 1243 932 1325 fiat,
956 1241 1165 1330 omniumque

65 1361 180 1435 earum.
196 1341 397 1431 rogationtun
419 1346 546 1415 comitia
574 1348 607 1416 in
629 1349 802 1417 adveutum
830 1347 898 1416 eius
926 1342 1084 1414 exercitus
1107 1344 1163 1412 dif-
1176 1359 1212 1414 1⁰

65 1441 173 1513 ferunt
194 1447 249 1536 qui
270 1446 408 1517 Velitras
430 1450 607 1522 obsidebat.
1069 1538 1072 1547 .

17 1611 20 1620 .
143 1549 330 1621 XXXVIII.
374 1554 465 1623 Prius
488 1557 698 1625 circumactus
721 1569 770 1626 est
791 1580 892 1624 annus
918 1579 1016 1646 quam
1039 1578 1057 1619 a
1080 1551 1165 1620 Veli-

61 1652 118 1723 tris
141 1655 367 1725 reducerentur
388 1659 540 1751 legiones,
577 1661 621 1728 ita
642 1654 797 1751 suspensa
826 1662 866 1726 de
894 1659 1016 1748 legibus
1045 1681 1095 1723 res
1124 1655 1164 1721 ad

61 1781 166 1828 novos
188 1761 332 1829 tribunos
355 1764 492 1831 militum
514 1765 623 1850 dilata,
644 1791 721 1834 narn
741 1764 844 1856 plebis
866 1762 1010 1830 tribunos
1033 1760 1165 1826 eosdem

14 1918 19 1929 .
56 1853 113 1912 *ἶ
128 1863 210 1932 duos
232 1866 343 1957 utique
365 1869 441 1960 quia
462 1869 570 1960 legruu
591 1871 709 1937 latores
732 1881 821 1944 erant
842 1906 887 1916 -
908 1865 1020 1957 plebes
1048 1862 1164 1930 reficie-
1178 1869 1212 1933 15

59 1966 128 2036 bat.
163 1969 281 2037 tribuni
302 1973 442 2041 militum
463 1975 560 2042 creati
574 1975 614 2042 Τ.
630 1975 805 2060 Quinctius·
820 1973 889 2041 Ser.
912 1969 1080 2036 Cornelius
1094 1967 1164 2034 Ser.

58 2071 222 2162 Sulpicius
249 2076 306 2167 sp.
334 2077 487 2171 Servilius
508 2079 546 2147 L.
569 2078 717 2168 ⁸Papirius
746 2077 783 2151 L.
812 2076 973 2144 Veturius.
1010 2071 1164 2164 principio

57 2176 168 2243 statim
190 2181 264 2246 anni
286 2183 327 2248 ad
348 2183 495 2267 ultimam
510 2184 745 2250 dimicationem
767 2184 807 2249 de
821 2180 945 2271 legibus
968 2188 1109 2258 ventum,
1132 2185 1165 2241 et

57 2304 137 2349 cum
156 2283 256 2376 tribus
278 2299 471 2356 vocarentur
491 2312 552 2355 nec
579 2287 764 2383 intercessio
792 2284 988 2374 collegarum
1010 2281 1163 2349 latoribus

75 2423 105 2480 5.
128 2424 573 2514 gloriambellirPlll.-Leid.r.:

130 2513 242 2584 gretiam
266 2512 338 2573 belli.
365 2543 399 2558 -
427 2516 462 2572 P:
487 2519 575 2572 maior

714 2427 776 2484 lius.
793 2430 798 2498 Ι
814 2425 832 2486 l.
843 2426 974 2501 papirius.
986 2423 1075 2480 lucius
1088 2430 1162 2478 netu·

714 2517 771 2571 rius
778 2519 804 2573 “.
814 2511 914 2570 Eadem
923 2509 1087 2586 neglegentia
1097 2511 1162 2564 serl-

129 2594 231 2657 liberis.
244 2630 278 2640 —
296 2600 335 2657 ll:
356 2602 521 2681 reliquenda.

74 2687 104 2743 ⁸.
130 2686 227 2742 sacra
237 2686 413 2757 faciundis:
436 2690 467 2751 P.
489 2721 525 2732 -
546 2688 575 2746 lll

129 2789 171 2829 mr
191 2775 229 2830 1.=
254 2776 362 2840 ‚‚saeris
384 2775 574 2834 sacilieudis“.

128 2857 193 2915 dein
203 2859 369 2930 faciendis.
388 2894 422 2904 -
440 2863 461 2918 P
480 2883 516 2922 m.
535 2866 573 2919 1.:

127 2945 267 3006 uetiti-ans.

53 3034 102 3094 13.
128 3034 172 3090 ita
184 3055 331 3110 suspensa
344 3036 381 3093 de
395 3037 511 3115 legibus
523 3056 573 3093 rea

126 3121 172 3178 ad
192 3142 288 3178 nouos
312 3118 348 3182 ta.
375 3125 437 3181 mil.
460 3125 572 3180 dilata:

126 3205 163 3266 tt.
188 3239 222 3250 -·
249 3209 285 3266 P:
304 3210 338 3266 ad
356 3230 442 3268 nouos
461 3218 495 3272 tt.
513 3209 574 3268 mil.

97 3366 100 3371 .
130 3293 348 3356 dilatata—Pul
358 3297 572 3358 llarl.r.Leid.1.:

125 3402 189 3439 uam
206 3383 311 3462 plebes.
329 3394 364 3446 tr.
382 3387 490 3443 eosdem
503 3387 572 3443 duos

126 3472 381 3549 utiquequialegum
390 3475 488 3531 latores
497 3484 573 3530 erant

126 3557 220 3637 plebes
238 3561 381 3620 reficiebat.
563 3557 564 3560 Ἴ

50 3647 100 3705 16.
125 3655 164 3711 tr..
181 3648 245 3705 mil.
267 3651 362 3704 creati
381 3650 413 3708 T.
434 3647 572 3724 Quintius

125 3733 194 3795 Ser.
212 3736 369 3793 Cornelius
387 3735 453 3794 Ser.
472 3734 572 3810 Sulpi-

126 3823 190 3878 cius
212 3822 265 3898 Sp.
288 3823 439 3882 Seruilius
461 3823 496 3880 L.
514 3820 572 3878 Pa-

127 3909 224 3983 pirius
247 3911 281 3968 L.
301 3910 459 3969 Veturius:
480 3909 510 3968 Ρ.
537 3941 570 3949 -

123 3993 169 4051 tl:
187 4001 243 4064 „re
261 3995 323 4058 mil.
338 3997 421 4054 creati
437 4007 457 4056 t.
474 4000 479 4069 Ι
494 3998 571 4074 quiu-

69 4088 71 4093 '
126 4082 184 4139 tius
200 4089 246 4139 set
269 4086 412 4162 suspicias.
437 4092 464 4164 p.
486 4085 570 4143 serui·

715 2611 792 2677 ptum
816 2610 859 2657 est
881 2596 961 2676 paulo
985 2607 1049 2676 post
1072 2599 1101 2652 in
1118 2615 1162 2651 eo·

717 2688 779 2744 dem
802 2687 877 2744 cod.:
908 2685 965 2755 „ad
989 2685 1042 2740 duo
1069 2682 1162 2740 ultima

716 2772 813 2830 auxilia
830 2777 835 2842 Ι
851 2789 1049 2844 summumque
1072 2768 1107 2823 ad
1126 2769 1163 2822 ci·
1193 2807 1197 2812 .
1287 2830 1306 2846 ,Ι

716 2882 778 2918 uem
797 2861 974 2914 decurruut⁴‘.

646 2950 689 3007 19.
716 2968 771 3004 nee
789 2945 962 3003 urtereessr'o
978 2943 1163 3020 collegarum

716 3034 807 3104 (Pu.
827 3036 866 3091 l.:
890 3031 1062 3107 colegarum)
1081 3029 1175 3085 lato»

715 3124 798 3181 ribus
818 3122 964 3180 obstaret:
987 3116 1044 3175 PM.
1079 3115 1162 3171 Docti

714 3210 825 3289 quidam
851 3209 904 3266 riri
940 3205 974 3262 de
1010 3206 1162 3277 integritate

654 3338 657 3348 ·
713 3297 794 3352 huius
821 3296 874 3352 loci
897 3293 1060 3368 aliquantum
1085 3288 1172 3344 alubi-¹

714 3392 813 3449 tarnat,
832 3381 905 3458 quod
924 3398 983 3437 eum
996 3376 1112 3432 tribunis
1124 3374 1160 3429 le-

713 3492 775 3548 gum
800 3468 931 3526 latoribus
961 3463 1077 3538 collegae
1105 3479 1160 3517 non

714 3557 937 3621 intercessissent,
960 3550 1072 3609 aLivio
1093 3548 1159 3604 acri·

712 3656 790 3724 ptum
814 3664 870 3700 nou
896 3651 984 3710 esset,
1014 3658 1063 3696 eur
1087 3636 1159 3710 leges

712 3753 768 3791 non
786 3740 877 3789 essent
893 3729 1011 3807 perlatae
1023 3726 1159 3800 alteroque

713 3823 791 3878 etiam
800 3818 914 3876 concilio
920 3817 1007 3899 plebis
1018 3833 1085 3891 opus
1092 3811 1156 3865 luia·

711 3918 762 3968 set.
788 3907 846 3965 Nec
863 3917 951 3963 tamen
970 3903 1080 3961 dubium
1097 3915 1164 3956 esse.

710 4003 813 4072 potest,
836 3998 902 4070 quin
919 3998 1023 4066 patres,
1047 4004 1107 4042 cum
1125 3983 1156 4040 il·

711 4080 764 4140 lius
780 4081 881 4158 prioris
906 4074 1014 4134 concilii
1032 4081 1156 4134 eventum
1273 4085 1276 4089 ·
