2618 4590
530 269 714 338 LtBthvss.
1106 256 1168 331 161

68 433 238 526 multiplex
259 455 358 527 qnam
379 455 439 525 pro
460 453 595 503 numero
616 433 770 505 damnum
791 449 849 507 est.
886 440 1000 530 vulgus
1015 438 1101 509 aliod
1122 460 1169 506 rr·

68 552 229 637 matorum
255 528 354 608 velut'
373 539 518 629 delegata
543 538 735 630 primoribus
761 566 869 633 pugna
897 555 1046 611 eventurn
1073 566 1168 612 suum

66 643 100 712 in
122 644 239 712 virtute
261 643 362 711 aliena
382 642 483 733 ponit.
521 642 615 711 multi
635 643 797 736 utrimque
818 647 950 730 cadunt,
971 647 1079 737 plures
1099 647 1178 741 mil·-
1280 676 1284 685 ·

67 770 146 816 nera
168 748 335 839 accipiunt
371 746 500 815 tandem
522 748 646 840 equites
661 749 741 817 alius
756 750 855 819 alium
869 751 1069 841 increpantes
1080 751 1167 841 'quid

27 840 34 851 '
68 851 184 925 deinde
210 862 343 921 restaret
367 853 566 943 quaerendo,
599 852 760 945 sineque
787 880 830 924 err
853 854 943 946 equis
969 853 1202 945 pepulissentt

68 955 197 1025 hostem
217 981 322 1048 neque
342 956 467 1048 pedites
489 950 662 1048 qliequun
688 959 844 1028 momenti
871 959 1034 1027 facerent?
1069 980 1168 1047 quam

68 1059 193 1159 tertiam
214 1072 420 1152 expectarent
439 1061 602 1152 pugnam?
640 1061 813 1153 quideme
835 1063 924 1153 signa
946 1060 1072 1130 feroces
1094 1084 1167 1152 pro-

65 1163 226 1234 siluissent
247 1176 279 1235 ct
299 1165 404 1235 alieno
426 1177 604 1257 pugnarent
616 1165 713 1234 loco?
732 1165 783 1232 his
796 1166 879 1235 inter
893 1188 930 1235 se
945 1166 1079 1235 vocibus
1092 1189 1167 1234 con·

66 1266 153 1335 citati
174 1268 314 1339 clamore
335 1281 489 1339 renovato
511 1269 650 1338 intenmt
675 1271 812 1362 pedem,¹
846 1282 880 1339 et
905 1271 1045 1362 primum
1065 1270 1167 1362 gradu

64 1385 235 1442 moverunt
254 1375 397 1459 hostem,
425 1374 539 1447 deinde
560 1373 768 1465 pepulerunt,
799 1387 964 1467 postremo
991 1374 1056 1443 iam
1077 1374 1164 1442 houd
1178 1379 1213 1439 1⁰

68 1475 163 1544 dubie
185 1490 345 1547 avertunt:
367 1502 474 1569 neque
496 1488 564 1545 tam
586 1478 669 1547 vires
690 1502 783 1569 pares
805 1503 888 1570 quae
902 1478 1100 1570 superaverit
1112 1502 1166 1547 res

67 1581 160 1650 facile
183 1583 270 1655 dictu
291 1595 350 1668 est,
371 1583 432 1652 nisi
453 1582 541 1675 quod
563 1594 718 1675 perpetua
733 1582 860 1651 fortuna
873 1584 1038 1675 utriusque
1052 1583 1165 1675 populi
1186 1612 1190 1623 ¹

81 1757 109 1817 1.
137 1757 296 1834 multiplex
322 1768 414 1834 quam
440 1775 496 1833 pro
527 1775 581 1814 nu·
669 1756 695 1815 4.
723 1755 800 1833 quid
809 1755 1119 1817 deinderertoretrll.
1132 1787 1166 1800 -

135 1862 217 1901 mero
236 1845 377 1900 damnum
391 1852 451 1902 est:
463 1841 511 1901 ΡΜ
522 1840 581 1905 rell.
721 1843 757 1901 1³2
798 1843 865 1921 qnid
900 1842 999 1902 deinde
1033 1853 1168 1902 restauret

135 1930 220 1988 Recto
254 1931 381 1988 viderunt
412 1931 583 2011 interpretes,
721 1929 1165 2008 quaerendo.·-1nllldeinscri·

136 2019 295 2093 multiplea:
316 2016 344 2077 lr.
361 2016 380 2077 l.
402 2037 484 2075 sensu
508 2038 580 2075 com·
721 2027 798 2095 ptum
809 2027 863 2074 este
877 2037 952 2095 „qne
967 2021 973 2090 Ι
988 2018 1076 2075 rendi
1085 2021 1109 2075 si
1121 2038 1167 2075 ne·

134 2105 250 2185 parativi
279 2105 410 2182 scripturn
437 2125 512 2165 esser
544 2104 580 2165 cl.
722 2123 775 2181 quo
802 2123 837 2161 ex
863 2125 933 2181 eque
960 2125 1011 2183 spe
1035 2101 1168 2181 polissent
1274 2098 1281 2129 ³

134 2195 167 2261 ὓ,
189 2193 245 2252 dd:
275 2211 353 2260 „non
377 2191 456 2249 facile
482 2192 581 2271 loquor
721 2189 827 2247 hostem
854 2211 942 2269 oeque
964 2191 1093 2271 pedites“
1116 2200 1166 2251 cet.

135 2301 215 2357 qnam
227 2278 300 2356 quod
310 2277 418 2337 locutus
431 2299 490 2337 sum
502 2300 580 2357 prae·
719 2277 770 2334 sed
788 2283 808 2335 r's
825 2298 861 2337 m.
878 2281 905 2338 d.
922 2279 952 2335 in
969 2277 1031 2337 loco
1049 2298 1120 2340 raso.
1131 2308 1166 2322 ·-

64 2370 67 2379 '
133 2371 208 2427 sto“.
251 2367 350 2424 Dicere
384 2368 455 2424 enim
484 2364 580 2425 Livius
720 2364 802 2424 Rene.
820 2365 895 2443 quid.
913 2366 1008 2426 codd}
1026 2374 1149 2425 restare.
1218 2384 1221 2391 ·

134 2451 201 2524 vult,
217 2453 295 2529 longe
307 2456 455 2512 tristiorem
465 2465 521 2512 tam
534 2473 580 2512 ex·
668 2476 695 2533 7,
722 2476 798 2551 quid
824 2485 896 2535 „m
929 2479 1019 2556 ,ἕξω
1041 2475 1167 2550 [ηοω

136 2539 288 2599 callentium
310 2544 429 2619 equitum
451 2542 581 2599 iacturam
719 2562 1167 2637 pposnufssentgpffl-LeidJ,

133 2627 217 2685 luisse
235 2649 315 2705 quam
327 2649 395 2705 qnae
406 2648 456 2707 pro
469 2646 580 2685 numero
723 2646 770 2704 ὼ
800 2650 867 2726 quid
885 2660 947 2707 ant„
964 2671 1080 2727 Pugnan
1097 2652 1167 2709 fem.

135 2717 299 2791 eorumnqui
323 2714 484 2772 cecidissent
504 2714 580 2772 vide·
722 2753 767 2790 ω
786 2742 837 2794 cet,
864 2735 1168 2814 vm,11,;qu0danoe

133 2809 216 2859 retur.
251 2799 342 2870 „Was
365 2799 414 2856 der
435 2800 514 2857 Allen
536 2820 582 2876 ge·
722 2838 848 2898 pugnam,

134 2889 282 2945 meinsame
298 2884 519 2961 Schlrchtengott
536 2884 585 2943 sni

136 2973 186 3030 der
206 2975 285 3030 einen
308 2975 363 3031 wie
390 2970 437 3030 aul
460 2972 510 3029 der
534 2992 582 3030 an·

135 3060 219 3118 deren
230 3061 305 3118 Seite
317 3061 443 3129 lortrafft,
457 3059 505 3117 das
516 3058 582 3117 liess

136 3147 197 3205 sich
214 3149 273 3205 hier
290 3148 366 3206 nicht
376 3147 445 3205 nach
457 3146 507 3205 der
515 3146 583 3206 anrl

134 3234 184 3291 der
211 3233 368 3293 Gelallenen
397 3235 581 3295 bereehnent

122 3321 180 3388 ,GE
193 3342 300 3400 quoque
312 3323 391 3380 huius
402 3323 497 3398 capitis
508 3321 581 3383 finis.

133 3412 178 3477 21,
196 3412 257 3469 59.:
282 3409 331 3466 sed
348 3411 433 3467 maior
449 3410 581 3467 Romanis
1044 3478 1046 3482 Ι

133 3516 216 3574 quam
251 3516 301 3573 pro
336 3516 447 3552 numero
477 3498 582 3553 iactura
653 3491 697 3551 11.
724 3499 786 3546 tam
809 3491 889 3547 uires
913 3509 1019 3564 pares:
1038 3488 1096 3551 ΡΜ.
1124 3487 1168 3551 cf.

132 3584 201 3652 fuit,
231 3585 294 3660 quia
321 3583 452 3656 equestris
476 3580 582 3639 ordinis
723 3579 755 3645 4,
773 3579 833 3634 dd:
856 3577 946 3636 modo.
976 3577 996 3637 Ι.
1016 3577 1061 3638 Fr.
1085 3577 1170 3639 Gron.

132 3671 237 3750 aliquot
266 3679 294 3727 et
328 3669 431 3725 tribuni
465 3666 581 3743 militum
722 3662 838 3721 malebat
865 3684 927 3720 cum
952 3663 1080 3727 Rsttend.
1109 3666 1169 3726 eod.

134 3761 254 3837 quinque
281 3766 309 3815 et
333 3754 463 3836 praelecti
491 3757 581 3813 socio·
723 3750 843 3808 scribere
865 3759 942 3821 „tem
964 3773 1043 3830 pares
1065 3755 1170 3814 nires“.

137 3865 197 3903 rum
214 3856 270 3902 tres
289 3853 352 3903 sunt
369 3841 513 3902 interlecti.
724 3869 759 3883 ·-
773 3837 813 3894 ll:
831 3858 899 3915 qnae
914 3858 997 3917 super
1013 3841 1112 3897 auertit
1126 3858 1171 3897 res

80 3935 110 3992 3.
136 3934 223 3990 multi
231 3934 378 4008 mritoque
386 3930 513 3986 cadunt.-
525 3924 583 3987 ΡΜ.
724 3923 803 3981 facile
815 3925 889 3982 dictu
901 3936 943 3985 est
954 3928 1007 3984 nisi
1020 3926 1093 4002 qnod
1111 3947 1170 4004 per·

135 4051 170 4062 -
188 4018 269 4078 Recc.
287 4017 361 4096 quid.
380 4015 475 4076 codd:
505 4013 584 4073 multi
724 4012 931 4095 petualortuna
956 4016 1080 4088 ueprius
1098 4033 1171 4091 quae

134 4105 235 4163 deinde
252 4108 386 4183 utrimque
404 4099 511 4161 cadunt.
725 4099 820 4175 populi
838 4108 889 4160 cet.

92 4195 122 4256 '1‘ss
135 4207 296 4271 Liriparsll.
930 4190 971 4255 11

669 2930 697 2989 9.
723 2938 753 2986 et
761 2931 890 3005 prr'mum
898 2931 1001 3010 pedu
1014 2940 1169 2990 mouermu

722 3015 838 3074 bostem
855 3018 964 3077 deinde
977 3021 1168 3096 pepulerunt:
1212 3090 1213 3093 Ἴ

722 3100 779 3164 ΡΜ.
804 3135 839 3148 -
866 3103 1167 3170 Pall.l.3.Voss.11.

721 3190 769 3252 sl:
797 3212 907 3250 mouere
924 3225 959 3237 -·
976 3193 1114 3274 pepulere.
1132 3224 1167 3240 -
1287 3199 1289 3203 ’

721 3278 750 3340 dl
767 3298 802 3338 m.
820 3282 847 3340 3.
858 3290 885 3338 et
902 3301 970 3340 rece.
985 3281 1060 3359 quid.
1073 3280 1168 3349 codd:
1289 3314 1292 3321 ·

722 3375 751 3422 et
766 3367 856 3444 primo
874 3368 959 3443 gradu
976 3378 1027 3428 eet.
