2618 4590
161 238 227 307 188
362 304 365 309 ,
439 246 445 259 “
623 248 733 321 11111111
749 246 808 309 Vll.

161 425 292 483 veturus
314 436 374 481 nec
390 409 534 501 ‚praedae
556 410 657 499 magis
680 416 783 500 quani
800 433 926 500 pugnae
947 420 1076 500 paratus
1097 410 1203 475 esse“.
1226 411 1265 475 si-

160 543 260 610 guum
281 528 420 610 poscunt
440 515 559 606 ingenti
580 515 721 583 elamore
749 515 890 605 celsique
920 526 952 582 et
974 539 1032 604 spe
1053 512 1139 579 haud
1168 513 1265 579 dubia

162 626 286 694 teroem
309 624 342 689 in
364 620 523 711 proelium
544 620 673 689 vadunt.
712 620 756 687 ibi
778 630 851 687 ante
866 619 957 708 signa
970 619 1046 686 Sex.
1064 617 1200 699 Tullius,
1224 619 1264 685 (le

162 754 230 820 quo
251 739 325 795 aute
354 726 476 793 dictum
503 736 568 806 est,
599 724 760 791 exclamat
780 724 912 812 „aspice
938 725 1134 813 imperator“
1162 723 1266 812 iuquit

130 848 283 924 5„quem
305 832 501 899 admodum
524 830 682 903 exereitus
710 839 785 897 tuus
812 829 868 895 tibi
896 828 1052 918 proruisse
1083 834 1264 917 praestet“:

163 939 295 1030 piloque
316 937 422 1027 positu
445 934 563 1003 stricte·
576 933 682 1024 gladio
703 934 736 1003 in
764 933 894 1005 hostem
914 934 1070 1023 impetum
1095 930 1181 999 lecit
1218 955 1265 998 se-

161 1054 277 1116 euntru
298 1041 443 1111 Tullium
470 1039 666 1130 antesignani
693 1062 807 1108 omnes
833 1038 1002 1128 primoque
1028 1036 1152 1126 impetu
1178 1060 1265 1101 aver-

158 1158 228 1215 tere
248 1146 398 1231 hostem,
427 1145 536 1219 lusum
563 1145 637 1215 inde
665 1143 705 1211 ad
733 1143 888 1233 oppidum
913 1141 1074 1232 persecuti
1102 1163 1178 1207 eum
1199 1140 1266 1206 iam

127 1329 135 1343 ‚
160 1251 263 1318 scalas
282 1250 454 1318 moenibus
477 1251 699 1332 admoverent,
717 1248 757 1314 -in
780 1247 975 1315 deditionem
996 1246 1111 1315 urbem
1133 1269 1265 1334 aecepe-

111 1371 149 1427 1⁰
159 1367 243 1423 runt.
281 1354 461 1444 triumphus
484 1355 524 1421 de
546 1353 781 1427 Privematibus
804 1364 905 1427 aetus.
942 1353 982 1419 ab
1006 1351 1106 1423 alteru
1131 1349 1264 1421 consule

159 1459 236 1527 nihil
258 1458 467 1533 memorabile
488 1470 630 1548 gestum,
663 1458 723 1526 nisi
752 1458 842 1550 quod
870 1459 976 1548 legem
1003 1479 1089 1525 novo
1112 1453 1264 1542 exemplu

177 1690 203 1748 2.
229 1689 361 1766 celsique
379 1697 471 1764 etape
483 1682 575 1745 baud>
583 1687 678 1744 dubia
817 1680 975 1747 meliarlbus
1002 1685 1139 1762 mserlptis
1165 1682 1266 1740 deir'cit

223 1775 348 1850 feroces
357 1778 387 1832 iu
394 1777 541 1850 proelium
547 1775 675 1832 uadunt:
817 1777 936 1853 scripsit.
954 1774 989 1832 al.

228 1862 260 1922 P.
288 1893 322 1904 -
347 1861 387 1919 ll:
412 1862 534 1918 foeroees
553 1865 581 1918 in
599 1882 676 1938 prae·
766 1865 793 1924 6.
819 1872 977 1921 secuntur:
1004 1862 1027 1918 P
1052 1883 1088 1920 m.
1112 1861 1137 1918 1.
1158 1856 1201 1930 tl]
1223 1876 1264 1913 se·

229 1949 304 2007 llum.
323 1981 357 1990 -
389 1947 432 2008 Cf.
451 1952 568 2017 30‚'3‘t.:
588 1949 676 2006 celsus

228 2034 295 2094 lraee
332 2055 457 2114 corpore·
474 2035 603 2119 vultuque
637 2038 676 2092 ita

141 2118 143 2127 ’
228 2123 298 2180 laeto
317 2127 463 2182 ntrielsse
481 2127 534 2182 lam
553 2124 676 2180 crederes

228 2209 337 2266 dicebat
358 2211 432 2279 (scil.
457 2212 488 2272 P.
512 2212 596 2271 Corn.
617 2211 676 2267 Sci·

227 2299 302 2372 pto).
641 2358 643 2365 .

175 2383 202 2441 1.
230 2383 379 2438 exclamat
396 2386 496 2458 aspice
517 2386 677 2461 imperator·

232 2471 329 2544 inquit
341 2491 428 2547 quem
438 2473 483 2527 ad
493 2472 612 2527 modum
625 2492 675 2528 ex.

230 2559 339 2613 orcitus
357 2567 438 2615 tutus
456 2560 510 2615 titt
525 2561 676 2634 promissa

226 2652 376 2722 praestet:
399 2644 460 2703 PM:
490 2655 676 2725 praeterquam

229 2731 303 2806 quod
331 2732 361 2789 in
384 2731 406 2788 P
432 2752 468 2791 m.
492 2736 517 2792 1.
541 2735 677 2818 promise

228 2819 421 2894 scriptumest.
443 2821 676 2896 Tutusprutuue

229 2906 309 2962 etiam
328 2905 481 2966 tutetur.
500 2907 581 2967 Voss.
592 2927 621 2967 rr.
640 2907 675 2965 al.

229 2996 289 3047 e'sse
307 2993 414 3055 dieitur.
437 2994 519 3051 simili
536 2998 628 3050 errore
645 2995 674 3050 in

228 3079 290 3137 Put.
314 3079 392 3138 Colb.
415 3080 449 3139 al.
472 3083 523 3148 30,
546 3083 589 3138 11.
607 3083 674 3136 scri·

230 3174 307 3241 ptum
331 3176 384 3222 est:
415 3176 463 3235 „te
486 3169 576 3242 ipsum
600 3187 674 3243 spes·

228 3272 281 3329 que
299 3255 387 3308 omnis
404 3261 473 3310 ruas
491 3263 525 3310 tu
545 3253 675 3313 infidam

227 3361 315 3398 meam
333 3343 533 3400 commisisse“.

175 3430 201 3487 6.
229 3430 367 3504 impetum
372 3429 467 3506 fecit:
484 3427 529 3500 tl]
545 3428 675 3507 impetum

226 3516 291 3575 lacit
300 3517 363 3586 (P).
377 3517 424 3573 Sic
433 3515 513 3598 paulo
523 3522 587 3591 pust
597 3536 674 3597 prae·

226 3623 290 3658 sens
308 3605 453 3678 praeterito
472 3605 612 3680 excipitur.
639 3604 674 3662 cl.

229 3691 254 3757 l,
273 3691 330 3745 ts:
356 3699 438 3757 „tum
456 3687 619 3766 Tarquinius
638 3723 673 3733 -

226 3773 344 3831 medium
362 3778 468 3849 arripit
483 3775 608 3835 Serv-ium
621 3775 672 3833 ela·

228 3871 339 3939 tumque
357 3864 458 3920 eeuria
476 3864 505 3918 in
517 3864 674 3920 inferiorem
713 3898 715 3902 ·

225 3959 330 4028 partem
347 3968 397 4029 per
411 3949 509 4025 gradus
528 3952 672 4010 deiecit“.·
705 4024 711 4039 ι

225 4056 281 4116 quo
299 4037 360 4098 luco
379 4034 459 4098 etiam
477 4037 561 4102 Bell.
577 4039 672 4099 inritis

818 1959 937 2028 quuntur
960 1947 997 2018 (P
1024 1967 1059 2005 m.
1087 1949 1143 2018 1.).
1169 1975 1204 1988 ·-
1234 1945 1266 2001 ln

816 2031 892 2097 Harl.
904 2055 923 2096 r.
937 2035 1094 2093 exclderunt
1105 2033 1188 2091 verba
1206 2051 1264 2102 „se-

821 2136 917 2182 cuntur
930 2157 964 2166 -
978 2125 1116 2183 hostem“.

748 2214 792 2271 10.
818 2212 986 2287 triumphus
1016 2210 1055 2268 de
1081 2209 1264 2268 Priuernati-

818 2301 873 2356 bus
892 2309 991 2356 actus:
1010 2286 1080 2356 PML‘
1096 2295 1207 2373 Deinde
1222 2295 1263 2350 tl:

762 2412 765 2417 ·
818 2394 919 2454 ‚metus
931 2387 982 2462 pri
995 2387 1002 2460 Ι
1018 2403 1141 2447 uernum
1153 2384 1264 2439 marcio

818 2479 902 2543 coni,
921 2473 1049 2532 deditur.
1080 2472 1113 2535 eb
1144 2469 1169 2527 al
1185 2473 1191 2541 Ι
1205 2479 1264 2526 tero

818 2567 867 2616 eos
893 2559 961 2625 nihil
987 2555 1184 2622 memorabile“
1215 2565 1263 2614 cet.

817 2644 906 2717 (117,
925 2650 968 2708 3.:
987 2647 1092 2704 clavum
1109 2636 1216 2727 pangat.
1230 2674 1263 2684 -

790 2750 793 2757 ’
817 2733 855 2790 P:
872 2735 905 2790 ab
924 2732 1007 2791 altero
1022 2753 1078 2794 eos.
1108 2730 1114 2740 ’
1144 2744 1147 2749 ’

748 2823 791 2884 11.
817 2823 879 2878 nisi
896 2824 978 2902 quod
1000 2822 1096 2900 legem
1115 2839 1194 2876 nouo
1213 2837 1263 2874 ex-

817 2911 913 2994 emplo
938 2909 982 2965 ad
1003 2907 1138 2966 Sutrium
1159 2909 1189 2961 in
1215 2925 1263 2960 ca·

763 2994 779 3023 ’·
816 2994 891 3055 stris
911 2997 1042 3055 tributim
1066 2996 1105 3052 de
1122 2994 1264 3051 uicesima

763 3098 766 3107 '
817 3102 921 3141 eurum
940 3085 994 3158 qui
1009 3103 1099 3139 manu
1117 3081 1264 3139 mitteren-

817 3178 868 3225 tur
885 3171 969 3225 tulit.-
991 3169 1052 3227 PM:
1072 3171 1130 3227 nisi
1143 3167 1217 3247 quod
1235 3169 1264 3222 in

816 3254 845 3312 tt
864 3257 1067 3324 ‚‚nieensima“.
1086 3287 1120 3297 -—
1137 3252 1213 3314 Harl.
1232 3275 1264 3312 r.:

818 3343 960 3412 „tribulet
973 3343 1068 3406 eodem
1078 3360 1170 3400 errore
1180 3346 1208 3412 7,
1222 3344 1265 3400 10.

792 3430 847 3487 ¹lu
864 3427 941 3489 Leld.
961 3449 978 3486 1.
1002 3450 1057 3487 non
1079 3431 1191 3488 cuesIm
1216 3429 1265 3484 sed

817 3514 1038 3593 eaesi‘serlpturn
1052 3527 1117 3577 erat.
1129 3514 1164 3576 al.
1181 3514 1263 3574 Recc.

817 3603 926 3685 quidam
940 3604 1033 3668 cudda
1047 3604 1202 3665 tributavit.
1221 3602 1266 3661 Cf.

764 3712 769 3719 ·
816 3694 843 3759 5,
861 3689 922 3751 ta:
940 3703 1051 3770 accepto
1070 3693 1135 3750 iude
1152 3701 1263 3750 senatus

816 3777 940 3834 consulto
959 3781 1004 3835 uti
1025 3782 1151 3836 comilis
1169 3781 1266 3836 curia-

814 3867 855 3922 tis
867 3875 1022 3923 reuocatus
1035 3867 1073 3923 dc
1083 3867 1175 3925 exilio
1188 3868 1266 3923 iussn

813 3952 908 4028 pupuli
928 3951 1058 4011 Camillus
1083 3953 1202 4009 dictator
1221 3973 1265 4008 ex·

813 4034 914 4123 templo
933 4040 1067 4099 diceretur
1085 4049 1137 4107 set
1160 4041 1264 4100 Tribu-
