2618 4590
157 224 224 299 eoo
624 234 734 297 reu
750 162 798 296 u.

160 427 241 497 qtae,
275 405 329 496 qui
362 426 399 474 se
431 404 499 483 sine
527 401 650 495 legibus
678 400 772 469 certis
803 398 869 466 sine
901 393 1152 486 magistratibus
1186 414 1255 484 agee

162 509 390 600 querebantur,
421 511 485 577 dati
499 509 547 579 ,ab
570 518 683 576 senatu
705 505 745 571 ad
767 505 833 570 iuro
855 502 1025 570 statuenda
1055 497 1167 588 ipsius
1196 496 1255 564 oola

161 613 232 680 niae
255 614 394 702 patroni,
421 638 481 682 nec
504 637 591 681 anna
614 611 711 680 modo
734 610 791 677 sed
817 609 885 675 iura
914 607 1010 675 etiam
1035 604 1196 671 Romana
1216 602 1256 668 late

161 716 338 808 pollebant.

133 827 151 899 5
250 821 338 889 XXI.
383 823 420 890 C.
435 823 542 891 lunius
562 821 725 889 Bubulcus
749 830 782 886 et
804 819 844 904 Q.
859 817 1012 884 Aemilius
1030 813 1186 882 Barbula
1207 835 1257 878 oon

164 928 251 1001 sutes
276 929 363 995 exitu
385 928 458 994 anni
481 952 546 994 non
570 926 753 994 consulibus
782 924 821 989 ab
851 947 887 990 se
919 922 1033 990 creatis
1072 919 1138 1009 Sp.
1163 916 1257 984 Nautio

108 1113 116 1126 ἱ
164 1043 198 1101 et
214 1031 265 1099 M.
287 1032 423 1122 Popillio
451 1043 593 1098 ceterum
621 1029 764 1098 dictatori
787 1028 823 1096 L.
847 1027 981 1095 Aemilio
1009 1025 1171 1116 legiones
1192 1021 1259 1090 trad

165 1136 291 1205 derunt.
330 1138 355 1203 is
379 1161 453 1203 cum
475 1135 512 1203 L.
533 1135 646 1203 Fulvio
669 1136 819 1225 magistro
847 1133 990 1223 equitum
1011 1130 1204 1198 Saticulam
1223 1151 1260 1216 oo

165 1265 307 1332 pugnare
336 1241 465 1307 adortus
493 1240 667 1308 rebellandi
697 1263 826 1308 causam
853 1237 1052 1306 Samnitibus
1082 1234 1190 1302 dedit.
1225 1231 1260 1297 du·

120 1346 243 1438 suplex
264 1344 338 1413 inde
360 1355 461 1410 terror
482 1345 597 1412 inlatus
619 1345 787 1413 R'omanis:
822 1345 896 1411 hinc
918 1341 1048 1409 Samnis
1079 1363 1207 1430 magno
1225 1359 1263 1403 et·

165 1448 265 1518 ereitu
293 1460 407 1516 coacto
435 1449 476 1516 ad
504 1449 689 1517 eximendos
719 1449 883 1518 obsidione
912 1448 1019 1515 socios
1047 1445 1146 1512 haud
1169 1437 1263 1533 proed

54 1534 59 1551 Ι
165 1555 275 1633 eastris
303 1554 523 1627 Romanomm
553 1566 655 1638 eastra
686 1555 808 1646 posuit,
840 1553 915 1620 bine
942 1549 1127 1618 Saticulani
1163 1566 1264 1635 magno

166 1683 241 1728 curu
262 1659 401 1727 tumultu
423 1660 590 1751 patefactis
612 1671 745 1750 repente
766 1658 867 1750 portis
888 1657 921 1724 iu
948 1653 1106 1723 stationes
1136 1651 1265 1720 hostium

166 1762 380 1834 incurrerunt:
403 1765 477 1832 inde
500 1790 573 1855 pars
596 1778 731 1856 utraque
746 1787 804 1856 spe
819 1762 912 1830 alieni
927 1760 1027 1851 magis
1052 1758 1171 1826 auxilii
1185 1777 1266 1848 quam

183 1907 210 1966 5.
238 1906 270 1964 0.
292 1904 399 1963 Iunius
419 1906 571 1962 Bubulcus
594 1915 632 1962 et.
648 1906 683 1981 Q.
755 1906 799 1963 11.
825 1900 1267 1960 adealmendosobeidioneae

236 1993 382 2049 Aemilius
391 1993 526 2049 Barbula
535 2000 610 2052 caii.
621 1995 683 2051 exi·
824 1992 901 2048 cios:
931 1988 988 2046 Pu.
1021 2019 1057 2031 -··
1096 1985 1168 2044 Pall.
1199 1986 1223 2040 1.
1246 1983 1266 2036 3.

237 2087 271 2134 lu
288 2082 361 2136 artui
376 2101 437 2136 nou
457 2081 627 2138 curmulibus
645 2082 684 2136 ab
825 2078 907 2135 Voss.
926 2095 954 2134 11.
981 2075 1029 2132 al:
1057 2075 1094 2130 ab
1123 2071 1266 2133 obsidione.

238 2186 272 2223 se
302 2169 411 2223 crealis
438 2167 489 2242 Sp.
517 2169 628 2225 Nautio
655 2175 684 2224 el

238 2253 278 2310 M.
299 2252 417 2326 Popilio
441 2264 568 2310 ceterum
592 2255 684 2310 dicto·

236 2340 297 2392 tori
304 2339 338 2394 L.
347 2340 472 2395 Aemilio
483 2341 614 2416 legiones
622 2349 684 2394 tra·

235 2423 396 2493 eliderent:
423 2422 487 2495 ΡΜ]
512 2457 545 2466 -
569 2424 684 2481 tradide-

238 2519 299 2565 rant
327 2509 421 2576 (Leid.
440 2530 458 2569 1.
480 2509 548 2568 Lov.
571 2512 596 2568 4.
623 2510 682 2578 ab).

239 2594 283 2654 Cl.
300 2599 327 2664 2⁷,
348 2598 403 2654 tu:
426 2596 460 2655 lll.
482 2595 599 2674 Popillio
617 2596 682 2653 Lae·

238 2693 309 2739 nate.
319 2715 352 2724 —
366 2685 527 2742 Ceteruma
541 2683 619 2742 Livio
630 2705 682 2764 pro

238 2771 296 2829 sed
316 2771 399 2827 scribi
421 2772 530 2831 solitum
553 2795 613 2831 esse
634 2795 683 2830 no·

239 2866 293 2913 tum
306 2869 356 2918 est
374 2858 409 2917 el.
421 2862 465 2929 28,
477 2864 532 2920 11.:
551 2861 579 2918 id
592 2881 682 2939 quam·

237 2963 318 3020 quam
353 2944 422 3001 nibil
460 2948 683 3022 portendentibus

238 3029 297 3086 deis
315 3041 442 3087 ceterum
455 3034 617 3108 neglegentia
635 3036 683 3093 bu·

168 3112 178 3133 ”
236 3135 314 3173 mana
327 3117 471 3188 acciderat,
483 3130 571 3176 tamen
584 3133 635 3180 eet.
649 3155 682 3165 -

235 3202 264 3259 Μ
276 3205 302 3261 2.
320 3207 449 3282 seriptum
463 3210 544 3264 estin
556 3208 596 3265 ld:
615 3231 683 3279 „ex-

236 3291 277 3346 itu
290 3295 353 3348 anni
362 3296 449 3350 nouis
464 3296 470 3364 Ι
486 3295 639 3353 consulibus
649 3299 682 3353 ab

235 3396 266 3432 se
285 3381 407 3434 creatis“
425 3391 477 3440 eet.
501 3403 580 3458 quam
599 3385 619 3443 l.
637 3385 684 3443 Fr.

237 3462 321 3522 Gron.
328 3468 458 3523 veriorem
468 3471 627 3546 scripturam
636 3472 683 3526 ba·

237 3550 304 3620 buit,
317 3553 397 3611 modo
410 3558 448 3613 ab
461 3577 493 3613 se
506 3560 682 3618 omitteretur.

184 3635 212 3694 8.
238 3635 403 3696 Saticulam
413 3664 584 3722 oppugnare
592 3647 681 3702 odor*-

237 3731 304 3779 tus:
314 3723 344 3782 P.
355 3757 388 3765 -
397 3726 424 3782 lll
434 3728 498 3789 Pau.
509 3736 533 3791 1.
541 3735 568 3791 3.
578 3753 681 3790 omues·

237 3830 290 3886 que
301 3832 388 3890 prope
398 3814 480 3875 Dralr.
493 3818 585 3878 codd:
602 3822 681 3879 satri·

237 3895 332 3959 culam.
353 3898 396 3957 Cf.
414 3905 679 3973 7,3e.-.-Pm.1.:

130 4058 133 4063 .
235 3980 335 4058 duplex
352 3986 416 4044 iude
427 3997 514 4048 terror
525 3991 617 4051 inlatis
635 4016 680 4052 ro·

234 4072 329 4131 manu.
346 4093 382 4134 m.
400 4077 441 4134 Ἅι
458 4077 565 4140 inlatus.

825 2165 872 2224 Cl.
890 2185 931 2222 ex.
949 2183 987 2238 gr.
1006 2163 1051 2229 24,
1069 2164 1132 2221 tt:
1156 2160 1199 2217 ibi
1214 2174 1268 2234 que

824 2273 878 2330 que
886 2255 1086 2308 circumsessus
1098 2247 1220 2318 aduentu
1228 2243 1268 2299 lra-

825 2342 875 2395 tris
903 2336 1047 2394 obsidione
1073 2336 1214 2392 eximitur.
1239 2361 1268 2373 -

824 2428 897 2484 Dein
926 2425 1056 2502 seriptum
1094 2431 1139 2478 est
1169 2423 1199 2478 iu
1226 2416 1269 2475 ΡΜ

825 2514 1002 2589 omnibusque
1046 2509 1133 2571 Dral.
1181 2506 1268 2566 codd:

824 2602 911 2671 „bine
928 2600 1074 2657 sutricuui
1095 2617 1196 2674 magno
1217 2613 1270 2652 eum

824 2687 963 2746 tumultu“
981 2696 1031 2746 eet.
1057 2686 1092 2742 ln
1109 2706 1167 2742 uno
1185 2695 1269 2742 umen

825 2777 886 2835 eod.
899 2776 989 2833 Oxou.
1007 2776 1149 2832 inventum
1162 2792 1223 2828 esse
1234 2771 1267 2826 di·

826 2867 895 2920 eitur
915 2861 1127 2931 „satrieulaui“.
1151 2891 1189 2902 -
1213 2856 1268 2914 Pld:

826 2952 854 3007 iu
872 2953 1002 3006 stationes
1021 2948 1137 3004 bostium
1151 2948 1269 3002 incurre-

824 3046 895 3096 runt.
921 3037 1003 3096 Rene.
1021 3045 1078 3092 tres
1093 3033 1158 3091 libri
1175 3052 1267 3090 mser:

824 3135 1006 3183 cucurrerunt.

755 3213 798 3272 14.
825 3208 1270 3288 indepursutraquespeolieni

823 3303 922 3380 magis
948 3302 1058 3356 auxilii
1084 3317 1179 3374 quom
1204 3296 1268 3353 uiri·

821 3389 880 3444 bus
897 3389 986 3460 freta
1009 3389 1074 3443 artis
1096 3388 1178 3442 iusto
1201 3401 1268 3440 moe

822 3477 938 3548 proelio
961 3475 1034 3531 inito
1058 3492 1204 3529 romanos
1226 3487 1268 3526 ur·

821 3572 928 3640 guent:
947 3562 977 3619 P.
1001 3591 1035 3604 -·
1057 3559 1098 3614 bl:
1120 3559 1188 3616 iude
1208 3574 1268 3632 pars

823 3658 910 3727 utraq.
927 3669 958 3705 se
976 3647 1056 3704 alieni
1074 3647 1162 3720 magis
1180 3641 1268 3701 aux‘dii

822 3756 902 3812 quam
924 3735 1027 3792 uiribus
1050 3732 1128 3789 freta
1150 3735 1210 3795 suis
1231 3732 1267 3786 iu·

821 3832 866 3878 sto
884 3844 947 3881 mox
963 3820 1067 3897 proelio
1091 3821 1164 3877 inita
1184 3838 1267 3877 ruma·

822 3928 873 3966 uus
891 3919 993 3986 urgent.
1017 3939 1049 3950 -
1073 3906 1137 3965 Pul:
1155 3925 1267 3985 „quem

822 4003 923 4073 qnam“
947 4028 981 4039 -
1003 3996 1198 4073 ‚‚utriruque“.
1235 4016 1264 4037 ..

820 4082 1268 4161 Tumeeripsinusffdelm·
