2618 4590
151 213 217 335 nto
353 196 359 210 '
615 224 725 322 nnpn
742 223 801 286 vu.

152 390 339 482 magnificus
360 390 544 463 adhortator
565 389 623 475 sit,
650 387 755 458 verbis
776 398 900 456 unum
920 387 1013 457 ferox
1040 411 1177 479 operum
1200 389 1258 456 mi·

153 495 292 565 litorium
312 520 437 588 expers,
460 519 501 564 an
523 495 579 588 qui
601 505 634 564 et
655 495 724 586 ipse
745 493 809 562 tela
825 503 968 576 tractare,
990 494 1166 584 procedere
1182 505 1257 562 ante

152 600 257 693 signa,
285 601 403 672 versari
424 601 529 670 media
550 599 584 668 in
610 601 697 669 mole
719 620 845 691 pugnae
867 597 965 665 sciat:
987 636 1031 650 -
1053 596 1161 682 „facta
1182 623 1257 666 mea

153 728 219 773 non
240 705 324 774 dicta
346 729 405 775 vos
426 706 568 774 milites“
592 704 696 797 inquit
716 702 832 795 „sequi
854 702 944 785 volo,
973 726 1035 771 nec
1058 701 1258 794 disciplinam

121 809 250 877 tmodo
272 810 331 879 sed
353 812 539 905 exemplum
561 809 656 880 etiam
684 833 703 877 a
725 832 778 878 me
808 820 933 900 petere:
970 830 1037 874 non
1063 806 1257 875 factionibus

33 932 36 941 ’
151 916 251 984 modo
272 939 334 985 nec
361 940 419 1009 per
447 915 602 986 coitiones
631 914 776 983 usitatas
789 912 950 983 nobilibus
972 912 1030 980 sed
1057 911 1119 980 hac
1146 913 1258 986 dextra

100 1054 103 1058 ·
152 1019 231 1089 mibi
252 1031 318 1090 tres
341 1020 526 1090 consulatus
548 1043 773 1115 summamque
794 1018 924 1088 laudem
944 1016 1067 1108 peperi.
1100 1017 1161 1086 fuit
1182 1041 1258 1085 cum

219 1185 338 1257 thares,
360 1187 436 1245 nicht
458 1188 566 1245 meinan
584 1184 667 1244 Wor-

222 1273 426 1344 consotient,
447 1273 594 1345 Soldatcn‚
617 1273 667 1332 fol·

221 1365 424 1435 gcn“u.s.w.
454 1394 489 1407 -
518 1362 600 1424 Pm.
629 1364 667 1421 1.:

222 1465 327 1525 expres.
356 1447 434 1509 Pm.
455 1451 481 1509 i.
498 1446 538 1507 ii:
562 1467 667 1526 expers.

171 1564 175 1569 ·
220 1561 259 1578 ···
287 1533 360 1595 Harl.
386 1555 418 1595 nr
445 1537 549 1599 uersari
577 1535 668 1594 media

220 1618 424 1701 mola³pugnce
446 1622 488 1683 di:
506 1642 668 1683 ucmrreme·

221 1705 267 1764 dia
302 1709 332 1766 in
366 1709 448 1768 molle
483 1730 597 1789 pugnae.
632 1742 668 1755 -

219 1791 295 1855 Harl.
312 1816 344 1857 n:
367 1818 403 1856 no
420 1797 593 1876 disciplinam
609 1817 667 1856 mo·

218 1880 329 1945 docet.

131 2004 136 2015 ι
165 1969 193 2030 b.
219 1989 281 2028 non
296 1971 485 2045 factionibus
505 1973 594 2031 modo
613 1993 667 2032 nec

210 2077 273 2136 ‘per
295 2061 438 2119 coitiones
462 2061 599 2118 nodatos
616 2081 667 2117 no·

218 2145 344 2205 bilibus.-
367 2146 427 2207 cod.
444 2145 541 2208 Klocb.
560 2178 594 2190 -
616 2144 667 2205 ΡΜ

218 2229 294 2292 Harl.
314 2251 332 2292 ι.
360 2233 408 2294 ab:
437 2254 487 2312 per
514 2235 666 2293 contiones.

218 2316 263 2378 Gi.
274 2321 302 2389 3,
314 2322 371 2378 db:
384 2319 550 2398 deiectisque
561 2320 666 2377 bonore

217 2425 269 2482 per
291 2407 435 2464 coitionem
458 2406 564 2465 duobus
581 2407 667 2482 Quin-

220 2494 283 2550 ctiis
295 2501 346 2554 cet.
367 2494 393 2561 9,
406 2495 465 2553 db:
482 2493 590 2551 induas
608 2486 668 2574 pot·¹

222 2589 264 2637 tes
276 2579 403 2638 discessit
415 2583 522 2640 civitas:
541 2580 614 2638 ahud
626 2583 667 2638 in-

120 2669 123 2675 ’
162 2658 165 2665 ’
197 2734 206 2747 1,
219 2675 295 2742 teger
310 2667 442 2746 populus,
459 2667 549 2727 fautor
566 2678 594 2725 et
611 2669 666 2726 cul-

218 2764 264 2811 tor
286 2755 435 2826 bonorum,
457 2757 532 2815 aliud
549 2756 666 2815 forensis

217 2839 299 2899 factio
318 2843 434 2904 tenebat.
449 2875 485 2889 -
502 2845 534 2903 In
551 2845 574 2902 P
590 2865 627 2905 m.
641 2849 666 2906 1.

218 2931 299 2989 etiam
335 2933 500 3000 ‚‚usitatia“
534 2936 666 3012 scriptum

217 3026 283 3077 crat.
300 3049 334 3061 -
352 3018 590 3078 Drakenborchins
608 3020 665 3078 alii·

217 3122 335 3177 qucnon
344 3106 433 3162 modo
442 3125 493 3182 pro
505 3127 566 3164 non
576 3108 664 3165 modo

217 3209 277 3248 non
285 3192 416 3266 scriptum
428 3211 488 3250 csso
497 3203 665 3262 censuerunt,

169 3268 176 3279 ’
215 3278 305 3334 minua
332 3281 414 3338 etiam
441 3288 514 3338 recte
536 3280 665 3356 Sigonius

216 3365 306 3423 modo
333 3386 384 3444 pro
410 3387 505 3446 nuper·
533 3389 604 3439 „nur
632 3388 664 3426 so

215 3452 285 3509 eben
303 3459 379 3510 crst“
397 3455 501 3515 dictum
518 3455 612 3517 voluit.
635 3457 665 3513 in

214 3540 355 3614 particulis
364 3563 425 3601 non
433 3544 523 3602 modo
535 3563 591 3601 non
603 3564 665 3602 eum

214 3623 243 3684 h.
261 3623 280 3682 l.
299 3630 346 3704 qui
363 3630 451 3689 soleat
471 3633 561 3689 inesse
582 3651 666 3709 posse

215 3727 325 3771 sensum
347 3715 425 3774 facile
448 3727 490 3775 cst
517 3718 664 3788 intellectu,

216 3817 267 3857 noc
297 3803 385 3859 modo
415 3804 489 3864 aliud
516 3808 663 3886 quidquam

216 3904 297 3964 qnam
320 3890 394 3967 quod
416 3890 497 3965 paulo
520 3904 581 3951 onte
598 3905 663 3952 tan·

215 3981 277 4031 tum
300 3976 330 4033 in
353 3980 467 4047 „verbis
494 3990 597 4040 tantum
624 3981 661 4038 s·

214 4064 286 4118 tox“
309 4064 470 4139 significare.
501 4089 561 4128 nam
582 4081 661 4147 quem

810 1184 846 1243 ad
867 1183 978 1242 modom
1004 1181 1130 1253 „multos
1146 1182 1258 1257 factio·

809 1273 897 1333 nibus
909 1272 998 1345 modo
1012 1273 1182 1348 magistratus
1197 1271 1258 1327 ade·

807 1369 871 1441 ptos
893 1363 976 1416 oaao“
1003 1378 1083 1428 „nur
1105 1359 1191 1416 durch
1214 1359 1257 1414 ib·

809 1467 859 1506 ren
885 1445 1000 1522 Anhang
1008 1451 1025 1482 ‘⁶
1052 1447 1135 1505 scribi
1159 1448 1258 1522 potuit,

810 1520 852 1591 sic
869 1535 942 1593 idem
960 1535 1039 1592 ctiam
1052 1531 1184 1613 particula
1197 1553 1259 1590 non

808 1623 964 1701 praeposito
975 1620 1098 1681 Valerius
1115 1620 1151 1677 dc
1167 1641 1198 1677 se
1208 1640 1259 1696 po·

809 1713 863 1767 tuit
873 1729 985 1787 negare:
1005 1709 1105 1778 „nicht
1116 1707 1201 1767 dunch
1212 1727 1259 1782 ge·

809 1817 945 1855 wonncna
961 1797 1104 1855 Partbeicn
1129 1815 1181 1852 nur
1198 1794 1259 1865 (vel

810 1889 962 1956 ,‚ctwa“)‚
997 1883 1068 1943 noch
1097 1882 1185 1941 durch
1209 1902 1258 1958 ge-¹

808 1973 899 2031 heimo
914 1971 1124 2047 Verbindungen
1140 1973 1195 2027 wie
1217 1972 1260 2027 sie

808 2070 888 2118 nater
906 2059 968 2116 dom
984 2053 1055 2116 Adel
1073 2078 1114 2115 zu,
1130 2056 1259 2115 beatehen

807 2147 929 2225 pflegen,
955 2147 1075 2204 sondern
1098 2146 1148 2202 mit
1170 2144 1260 2203 dieser

808 2238 911 2295 meiner
923 2235 1046 2293 Recbten
1063 2232 1133 2290 babo
1145 2231 1189 2291 iob
1205 2235 1259 2288 mir

807 2323 867 2381 dcci
878 2321 1024 2381 consulate
1036 2320 1093 2379 und
1109 2319 1162 2381 den
1174 2319 1258 2376 toch-

809 2419 871 2469 oten
896 2410 987 2470 Rubm
1017 2409 1192 2468 erworbcn“.
1222 2440 1258 2450 -

808 2495 841 2554 ln
858 2496 931 2556 Hori
943 2517 961 2557 ι.
979 2497 1082 2556 excidit
1098 2505 1168 2555 tres.

755 2585 782 2643 7.
803 2582 873 2657 suit
889 2605 956 2641 cum
973 2584 1035 2665 hoc!
1051 2586 1113 2642 dici
1125 2592 1259 2658 poterat.-

771 2704 780 2712 ·
808 2669 867 2730 ΡΜ.
901 2670 934 2729 ln
957 2671 1063 2731 duobus
1085 2691 1154 2731 cccc.
1176 2671 1256 2729 codd.

806 2760 939 2836 scriptum
967 2772 1009 2817 est
1037 2759 1112 2829 „init
1139 2768 1256 2836 tempus

807 2866 869 2904 cum
887 2846 940 2904 boc
958 2847 1012 2905 dici
1030 2852 1135 2924 poterat
1143 2850 1176 2915 ⁶⁶,
1202 2865 1257 2923 qno

807 2933 995 3012 supplemento
1023 2955 1092 3013 opus
1115 2953 1169 2991 non
1197 2944 1257 2992 est.-

808 3020 877 3090 „die
890 3023 949 3080 Zeit
960 3025 998 3079 ist
1011 3024 1181 3080 vortbeo'wo
1192 3022 1256 3078 sicb

807 3108 857 3166 das
869 3128 950 3184 sagon
960 3109 1034 3179 lices,
1040 3116 1077 3186 ja
1091 3110 1257 3167 dirkonntc

807 3195 866 3255 dae
884 3197 964 3254 wohl
973 3200 1111 3277 gldcien,
1129 3195 1200 3253 deno
1219 3197 1257 3253 du

806 3292 892 3340 warst
914 3285 958 3340 ein
976 3285 1107 3347 Patricier
1127 3283 1184 3341 und
1201 3304 1258 3342 von

806 3368 860 3427 den
881 3370 1022 3431 Besceiern
1045 3372 1094 3430 des
1118 3370 1256 3429 Vaterlan-

806 3456 856 3515 des
884 3458 1097 3529 borstammend‚
1133 3460 1190 3520 und
1227 3461 1257 3516 in

807 3543 961 3604 demselben
979 3548 1063 3605 dabre
1087 3567 1133 3603 wo
1159 3566 1257 3604 unsere
1281 3574 1282 3577 ¹

806 3629 982 3693 sudreiam
1001 3633 1114 3705 Consul,
1136 3633 1257 3710 erlangte

806 3719 886 3776 deine
896 3721 919 3779 F
920 3722 1008 3780 amilio
1027 3723 1075 3779 das
1086 3720 1256 3782 Consulat“.

804 3805 868 3864 Non
885 3810 945 3866 sina
963 3829 1042 3866 causa
1059 3808 1156 3880 Livius
1176 3808 1256 3868 Valc-

804 3896 874 3953 riom
892 3898 929 3954 ita
947 3896 1102 3975 loquentem
1120 3898 1200 3965 iacit,
1218 3918 1256 3954 nc

805 4002 884 4061 qoem
902 3985 1017 4044 militum
1039 3985 1131 4061 iugero
1150 3986 1256 4064 posset,

804 4072 869 4146 quid
893 4073 933 4130 illi
960 4076 1006 4129 uni
1033 4075 1105 4148 genti
1133 4073 1256 4158 populus
