2842 4724
266 327 332 398 384
538 414 540 424 Α
722 342 830 403 crem
847 341 919 402 vm

268 505 376 597 itaque
398 507 512 598 plenus
534 505 692 574 minarum
714 506 843 596 iraeque
867 507 1061 616 prolectus'
1052 527 1084 572 m
1102 517 1204 574 eastra
1218 527 1294 572 cum
1308 527 1364 570 ma-

269 611 362 680 ximis
385 611 578 679 itineribus'
569 622 662 695 isset,
690 635 756 680 non
778 622 885 678 tamen
908 611 1092 732 pqaevemre
1117 612 1236 679 lamam
1258 611 1364 678 adven-

269 727 321 782 tus
344 716 393 782 sui
414 716 533 806 potuit.
571 728 811 806 praecurrerant
839 715 925 783 enim
940 695 986 781 ¹ab
1008 717 1087 784 urbe
1111 717 1166 809 qui
1188 717 1365 784 nuntiarent

269 820 457 890 dictatorern
485 821 615 890 avidum
640 845 766 911 poenae
789 819 896 888 venire
926 820 1054 890 alternis
1080 843 1182 912 paene
1205 821 1311 890 verbis
1332 821 1364 888 l.

200 976 204 988 .
237 923 379 992 bManlii
400 926 522 994 lactum
543 926 738 994 laudantem.
920 980 922 986 .

356 1027 478 1098 XXXI.
522 1030 640 1098 Fabius
663 1029 813 1099 contione
836 1031 1001 1122 extemplo
1023 1031 1177 1099 advocata
1196 1032 1366 1101 obtestatus

268 1133 385 1202 milites
402 1145 452 1202 est
472 1146 517 1218 ut,
540 1160 604 1227 qua
625 1135 742 1204 virtute
763 1159 832 1204 rem
853 1136 1016 1226 publicam
1031 1137 1071 1204 ab
1087 1136 1300 1204 infestissimis
1319 1136 1367 1202 ho·

232 1257 238 1274 ‘
268 1239 368 1308 stibus
392 1240 622 1325 defendissent,
651 1241 764 1309 eadem
792 1265 828 1310 se
857 1241 948 1310 cuim
976 1242 1075 1310 ductu
1101 1241 1311 1332 auspicioque
1333 1241 1367 1306 vi-

211 1365 212 1372 *
271 1344 389 1412 cissent
411 1344 450 1412 ab
473 1344 630 1435 inpotenti
652 1347 837 1415 crudelitate
860 1345 1020 1416 dictatoris
1045 1358 1239 1416 tutarentur:
1268 1345 1368 1413 venire

128 1507 133 1518 .
224 1461 433 1526 10amentem
454 1449 571 1518 invidia
597 1451 714 1520 iratum
735 1451 842 1521 virtuti
871 1451 992 1521 alienae
1014 1452 1238 1542 felicitatique,
1273 1452 1368 1518 lurere

269 1555 359 1645 quod
380 1578 416 1624 se
445 1554 576 1623 absente
598 1579 650 1623 res
683 1556 810 1648 publica
839 1558 964 1648 egregie
987 1569 1076 1650 gesta
1104 1569 1201 1640 esset,
1230 1557 1329 1624 malle
1349 1556 1370 1620 si

167 1699 171 1710 ·
267 1671 393 1728 mutare
415 1659 577 1728 fortunam
599 1673 711 1750 posset
732 1662 817 1752 apud
840 1661 1001 1756 Samnites
1026 1661 1126 1756 'quam
1147 1663 1316 1730 Romanos
1336 1660 1371 1726 vi-

187 1831 196 1852 ,
269 1765 403 1838 storiam
424 1787 510 1837 esse:
533 1765 704 1856 imperium
726 1767 868 1836 dictitare
884 1779 1037 1860 spretum,
1058 1781 1224 1859 tamquam
1239 1791 1309 1834 ιιοιι
1332 1790 1372 1832 ea-

268 1868 343 1937 dem
365 1881 473 1938 mente
496 1871 630 1961 pugnari
652 1872 790 1940 vetuerit
812 1898 876 1964 qua
897 1885 1076 1965 pugnatum
1099 1874 1221 1941 doleat:
1248 1884 1285 1940 et
1306 1884 1372 1939 tune

224 1981 258 2036 16
270 1972 386 2102 inqidia
418 1975 561 2066 inpedire
584 1975 734 2044 virtutem
763 1977 900 2047 alienam
928 1977 1070 2046 voluisse
1099 1978 1372 2068 cupidissimisque

286 2103 314 2162 3.
337 2116 584 2179 praecurrerant.-
596 2105 663 2179 ΡΜ]
675 2127 788 2186 praecu-
930 2109 1000 2171 Cod.
1022 2109 1079 2186 Sig.
1101 2108 1201 2188 aliique
1222 2124 1312 2164 rece:
1338 2119 1386 2170 resq

143 2191 147 2204 ‘
269 2232 271 2236 ψ
341 2192 788 2265 enrrerant(llarl.r.Leid.r.sl).
931 2199 1035 2286 egregie
1057 2205 1130 2271 gesta
1154 2201 1234 2253 esset.
1273 2191 1320 2250 Cf.
1341 2211 1374 2249 er.

195 2301 198 2319 ¹
340 2309 375 2323 -·
393 2279 428 2336 P:
447 2287 612 2363 peurrerant.
638 2314 673 2326 -
696 2282 731 2340 P:
750 2283 788 2340 sl·
930 2305 970 2361 gr.
994 2287 1100 2352 ³,1nr
1123 2293 1180 2339 tum
1203 2279 1319 2337 hercule
1336 2279 1373 2336 illo

339 2367 423 2429 ternis
431 2387 520 2444 poene
528 2369 627 2428 uerbis.
644 2368 685 2428 ll:
694 2390 790 2449 paene.
932 2373 977 2429 die
995 2391 1049 2450 quo
1068 2389 1117 2447 ego
1130 2369 1224 2432 consul
1236 2389 1302 2426 sum
1315 2389 1375 2426 erea-

816 2475 821 2484 ’
931 2470 986 2529 tus,
1002 2459 1074 2517 male
1091 2467 1166 2535 gesta
1184 2463 1255 2536 resp.
1279 2466 1332 2514 est.
1350 2487 1385 2540 -w

934 2545 957 2618 P
975 2569 1011 2606 m.
1029 2551 1056 2606 2.
1073 2545 1114 2604 ll:
1133 2549 1158 2603 ri
1176 2556 1283 2602 mnure
1302 2543 1375 2601 sortu-

933 2656 995 2692 nam
1006 2645 1109 2712 posset.
1126 2632 1149 2690 P
1161 2654 1197 2692 ιιι.
1210 2636 1247 2689 ln
1264 2629 1375 2686 ultumu-

934 2731 992 2779 trre
1018 2732 1069 2780 eet.
1108 2719 1186 2777 Leid.
1207 2737 1226 2776 1.
1256 2715 1341 2777 Voss.
1356 2735 1375 2772 ιι.

932 2807 1001 2869 Luv.
1025 2812 1051 2869 4.
1078 2806 1208 2885 multique
1234 2803 1286 2862 alii
1317 2824 1375 2860 rece.

933 2896 1028 2957 codd:
1064 2898 1159 2974 possit.
1190 2925 1225 2936 -
1258 2890 1340 2950 Harl
1362 2910 1373 2946 ι.

933 2982 1011 3043 Leid.
1029 3003 1062 3041 ι..
1055 3005 1062 3018 ·
1081 2982 1194 3040 uictoria
1213 2990 1302 3040 esset.
1325 2977 1384 3042 ΡΜ·

933 3072 1075 3128 uictoriam
1093 3087 1160 3126 esee.

864 3159 906 3217 ¹3.
932 3157 1086 3230 imperium
1099 3155 1374 3225 dictitorespreiun

931 3253 1085 3319 tamquam
1096 3259 1156 3297 non
1168 3237 1278 3296 eodem
1290 3219 1384 3311 mental

929 3329 1062 3409 pugnari
1087 3329 1214 3386 uetuerit
1241 3347 1310 3405 qua
1333 3347 1375 3404 pu

929 3426 1055 3496 gnatum
1065 3417 1191 3474 'dolente
1183 3413 1256 3472 ·l'bl
1275 3415 1375 3472 flarlt

932 3504 1012 3567 Leid.
1028 3524 1047 3565 1.
1066 3535 1101 3548 -
1118 3502 1185 3562 Pell.
1203 3504 1229 3564 1.
1246 3505 1273 3562 3.
1293 3501 1383 3584 multi·¹

932 3611 986 3670 que
1008 3611 1078 3654 rece.
1102 3590 1196 3650 codd:
1220 3590 1317 3649 dolere
1334 3593 1376 3647 im·

858 3717 861 3726 2
932 3682 1039 3758 perium
1075 3680 1224 3739 dictaturae
1249 3689 1383 3754 =spretum

932 3765 1383 3846 tamquamroneadeumenteeett

288 3843 316 3904 9.
343 3847 446 3905 uenire
463 3857 749 3916 umenteminuidio:
768 3856 790 3914 Ρ
863 3855 907 3914 ll.
933 3865 1040 3914 ottone
1049 3855 1163 3910 maldra
1174 3849 1310 3925 inpedire
1323 3848 1373 3905 nir·

343 3952 379 3994 m·
398 3935 424 3994 9·
440 3935 523 3996 Μ·-
535 3938 657 4003 Ριιι.1.·
649 3947 793 4004 ,uenisse
933 3949 1024 4004 tutem
1041 3940 1172 3997 alienam
1188 3931 1373 3994 uoluisserll

341 4052 376 4065 -
394 4020 444 4080 ΡΜ
461 4023 534 4086 Harl.
548 4048 566 4087 1.
578 4029 699 4090 Leidr..
718 4031 792 4110 quod
927 4023 970 4089 ιιι.
993 4031 1019 4084 9.
1046 4059 1081 4072 ·-
1107 4025 1186 4084 ttm.
1210 4026 1236 4085 1.
1253 4022 1288 4080 P:
1314 4023 1373 4080 inui-

341 4127 373 4164 ιο
395 4108 506 4168 absente
530 4123 602 4195 resp.
624 4121 730 4197 egregie
747 4140 793 4195 ge·
936 4113 1102 4176 diam-ll
1117 4113 1189 4174 llerl.
1204 4131 1238 4174 a:
1260 4109 1373 4188 cupidis·

342 4204 483 4261 “senet
513 4199 791 4284 um.1..egreete
935 4207 1081 4284 simusque.

286 2496 314 2556 6.
339 2497 452 2556 Fabius
478 2502 614 2558 contione
640 2505 789 2578 extemplo

340 2585 492 2642 aduocata
504 2587 668 2648 obtestatus
681 2593 791 2649 milites

340 2680 387 2727 est
404 2681 437 2726 ut
454 2691 515 2748 qua
528 2676 637 2732 uirtute
649 2684 738 2755 remp.
751 2678 791 2738 ab

341 2757 546 2829 infestissimis
573 2761 710 2822 hostibus
739 2766 790 2822 de·

333 2843 514 2918 feradissent
530 2848 636 2905 eadem
654 2854 790 2909 saeuius
830 2907 833 2912 .

342 2932 433 2990 ductu
445 2936 638 3014 auspicioque
650 2939 792 2998 uicissent

265 3081 268 3092 Ι
342 3019 382 3076 ab
397 3021 542 3094 inpotenti
551 3024 728 3083 crudelitate
746 3027 791 3083 dt·

341 3109 465 3162 statoris
475 3115 659 3170 tutarentur
652 3113 729 3172 ·Pll.
740 3113 791 3199 Fa·

343 3191 419 3248 bium
437 3192 580 3266 gloriosius
603 3218 683 3276 quam
701 3203 792 3259 verius

342 3278 409 3336 baec
427 3279 462 3336 de
481 3300 511 3338 ee
533 3285 704 3360 praedicare,
730 3308 791 3346 oum

342 3366 483 3425 dictatoris
509 3369 592 3428 ductu
616 3376 790 3454 auspicioque

236 3483 239 3486 ·
340 3473 413 3534 resp.
431 3467 575 3531 gereretur,
597 3463 736 3539 nerninem¹
749 3462 790 3520 lu·

340 3545 417 3616 gerit.
447 3565 503 3604 non
515 3551 657 3626 scriptoris
669 3552 752 3627 igitur
764 3551 790 3608 is

340 3643 478 3702 errorent,
497 3637 544 3714 qui
556 3635 670 3696 Fabium
683 3659 734 3717 pro
748 3640 789 3696 in·

340 3718 419 3792 genio
437 3739 487 3777 suo
506 3722 640 3783 dicentem
659 3725 763 3786 lecerit.
