2618 4590
172 247 239 319 sss
361 182 367 203 .
636 260 810 323 suanm
895 327 898 338 ,

172 426 263 495 liade
279 425 407 492 foedere
421 424 607 493 renovando
627 424 723 514 legati
745 448 819 492 cum
835 434 979 491 senatum
996 421 1088 489 humi
1104 421 1272 517 stratimo·

172 530 300 613 vissent,
322 529 431 596 reiecti
452 531 492 595 ad
515 529 672 620 populum
693 530 941 621 haudquaquam
964 540 1030 594 tam
1049 527 1211 593 efficaces
1231 526 1272 592 ba

172 634 291 703 bebant
312 657 440 725 preces:
463 635 581 724 itaque
594 635 634 701 de
655 634 785 702 foedere
808 645 968 724 negatum.
989 633 1134 698 indutiae
1153 631 1273 711 bienni,

172 762 246 806 com
268 763 326 829 per
348 739 470 829 aliquot
493 738 560 806 dies
575 737 758 828 fatigassent
779 740 921 831 singulos
945 738 1107 828 precibus,
1130 737 1272 826 impetra

140 855 232 913 sue.
270 855 304 910 et
336 868 378 911 ex
406 843 521 934 Apul'm
548 844 733 911 Teanenses
763 844 977 933 Canusinique
1010 842 1272 932 populationibus

170 947 246 1016 fessi
270 948 435 1016 obsidibus
457 948 495 1016 L.
512 950 637 1017 Plautio
659 949 783 1016 consuli
805 949 885 1015 datis
907 949 939 1013 in
962 947 1167 1014 deditionem
1190 969 1272 1014 venc—

170 1063 252 1119 runt.
290 1053 406 1121 eodem
429 1079 512 1121 anno
540 1055 679 1145 primum
706 1053 858 1145 praefecti
880 1052 1009 1142 Capuae
1039 1051 1145 1118 creari
1176 1050 1272 1140 coepti

170 1155 293 1247 legibus
316 1158 355 1222 ab
378 1155 415 1225 L.
439 1158 535 1226 Furio
557 1169 704 1248 praetore
727 1159 816 1242 datis,
839 1179 914 1225 cum
935 1169 1112 1246 utmmque
1136 1156 1203 1246 ipsi
1224 1179 1272 1246 pro

171 1262 313 1330 remedio
337 1263 439 1352 aegris
461 1263 557 1330 rebus
580 1264 735 1331 discordia
762 1262 908 1330 intestina
938 1262 1105 1353 petissent
1141 1273 1179 1328 et
1202 1261 1273 1327 duae

31 1352 38 1362 ⁸
123 1382 159 1438 10
170 1365 294 1437 Romae
318 1367 443 1435 additae
466 1369 566 1436 tribus
587 1369 736 1437 Ufentina
755 1394 792 1439 ac
808 1370 835 1455 F
836 1369 953 1435 alema.
990 1365 1158 1433 Inclinatis
1181 1363 1272 1434 semel

240 1587 288 1647 al:
312 1587 386 1645 bnmi
406 1589 479 1648 iacti.
506 1586 619 1648 flavere.
638 1587 686 1646 al.:

239 1673 314 1731 bumi
332 1679 469 1754 prostrati.
502 1676 546 1735 Cf.
564 1679 609 1746 25,
626 1678 685 1734 st:

239 1761 286 1819 alii
303 1764 443 1820 manased
457 1763 558 1821 eaelum
576 1762 686 1820 tendere

240 1849 306 1907 deos
336 1853 504 1918 incusantes,
534 1851 579 1906 alii
608 1851 686 1906 strati

237 1935 312 1994 borni
330 1956 408 1994 suum
431 1942 544 2015 quisque
565 1940 686 1994 nomina-

239 2026 289 2081 tim
302 2024 397 2082 ducem
407 2026 558 2104 implorare.
572 2027 616 2093 26,
627 2027 684 2082 lt:

239 2112 328 2168 omnia
338 2123 420 2170 strata
431 2114 515 2173 humi.
525 2112 600 2169 -Pz
610 2113 685 2168 baut·

238 2216 406 2276 quamquam.
434 2224 469 2259 m.
488 2205 526 2260 2:
550 2200 686 2276 haudqua-

239 2278 328 2358 quam.
340 2285 378 2341 lll:
387 2287 622 2363 haudquamquam
631 2296 687 2344 tam

240 2368 363 2426 efficaces
382 2372 516 2428 habebant
532 2393 651 2449 praeces.

186 2455 214 2511 3.
242 2456 344 2530 itaque
374 2459 412 2514 de
434 2460 566 2530 foedere
597 2479 685 2539 nega·

239 2551 317 2597 ium:
336 2543 401 2615 Plil]
414 2547 503 2622 itaque
515 2547 623 2603 fordere
640 2568 686 2604 ne·

221 2639 301 2705 gato
329 2630 410 2699 (Pall.
442 2637 465 2691 1.
497 2636 522 2692 3.
555 2634 634 2693 Voss.
657 2654 685 2693 11.

203 2726 207 2733 '
230 2715 308 2777 'bovt
328 2721 354 2777 4.
373 2718 433 2789 al).
451 2751 484 2762 —-
504 2721 631 2779 Permulti
649 2725 685 2779 si·

240 2803 320 2863 miles
346 2804 400 2862 loci
428 2812 590 2885 optimorum
620 2814 687 2868 scri-

178 2902 205 2909 ““
241 2899 350 2967 ptorum
368 2893 480 2964 docent,
502 2919 557 2953 nou
581 2918 687 2974 semper

240 2977 373 3035 ablativos
402 2982 540 3040 absolutos
569 2987 687 3059 scriptos

240 3083 300 3120 esse
310 3066 355 3121 ubi
368 3069 451 3124 scribi
462 3072 624 3146 potuissent:
637 3093 686 3128 nec
753 3071 763 3081 ’

240 3150 408 3229 probandum
436 3167 477 3211 est
503 3158 577 3234 quod
598 3158 618 3218 l.
641 3158 686 3216 Fr.

242 3236 395 3297 Gronovius
414 3263 460 3298 eos
473 3243 550 3300 locos
561 3245 604 3302 rel
622 3266 685 3303 con·

239 3333 280 3381 tra
304 3330 445 3386 meliorum
468 3331 548 3389 codd.
572 3337 685 3391 auctori·

240 3421 323 3471 tatem
340 3417 494 3474 emendatos
512 3421 606 3480 voluit.

187 3499 213 3555 fr.
240 3510 271 3556 et
303 3522 343 3558 ea:
371 3505 483 3578 Apulia
516 3509 686 3565 Teanenses

241 3587 459 3665 Canusinique:
478 3592 500 3649 P
518 3616 553 3653 m.
565 3597 590 3654 2.
603 3596 637 3654 lll.
651 3627 685 3637 -

240 3670 578 3738 Pm.1.:teuenses.'-
605 3680 647 3737 lle
665 3680 685 3740 l.

126 3755 129 3759 ⁴
175 3774 178 3779 ·
239 3757 342 3833 plautio
365 3771 440 3824 cons.
470 3767 505 3823 P:
529 3768 546 3826 l.
568 3766 685 3844 plaustto

827 1588 891 1645 dnm
909 1595 973 1655 erat,
992 1605 1052 1643 cum
1070 1586 1102 1641 iu
1120 1585 1273 1643 melioribus

826 1668 907 1734 codd.
937 1693 987 1730 am
1021 1692 1073 1749 pro
1108 1694 1148 1730 ae
1186 1671 1273 1729 eaden

825 1761 924 1820 mendo
943 1781 997 1839 quo
1016 1764 1047 1828 1,
1065 1763 1112 1816 35.
1131 1764 1150 1816 7
1157 1762 1228 1828 ‚aa
1245 1757 1272 1816 al.

799 1882 803 1891 -
827 1859 943 1906 erratum
954 1849 1078 1904 videmus
1091 1850 1228 1924 scriptum
1239 1865 1273 1902 es·

827 1948 877 1995 set.
900 1935 959 1994 vult
976 1935 1086 2012 quidem
1105 1935 1127 1994 l.
1144 1934 1169 1990 F
1170 1955 1193 1994 r.
1212 1934 1274 1990 Gro-

827 2026 924 2081 novius
937 2026 1071 2098 Capuam
1088 2024 1128 2078 itu
1147 2025 1272 2101 interpre-

826 2113 879 2168 tari
904 2121 934 2168 ut
957 2111 1018 2167 illos
1042 2110 1201 2187 praefectos
1221 2110 1271 2165 In-

827 2219 894 2258 mae
919 2209 1023 2256 creatos
1046 2217 1108 2254 esse
1132 2198 1272 2254 arbitretur

827 2291 874 2360 qui
884 2289 1017 2362 Capuam
1026 2282 1217 2342 mitterentur:
1229 2281 1271 2339 sed

826 2374 857 2429 id
870 2375 967 2431 facturn
980 2390 1039 2430 esse
1051 2370 1214 2450 persuaderi
1224 2390 1271 2428 non

825 2471 923 2538 potest.
941 2482 1004 2519 nam
1020 2471 1052 2518 ut
1062 2460 1220 2519 Antiatibus
1226 2479 1271 2535 pe·

826 2550 946 2607 tentibus
960 2551 1068 2629 patroni
1080 2549 1126 2606 ad
1137 2549 1207 2605 iura
1218 2555 1271 2603 sta·

810 2665 814 2674 ·
826 2639 941 2694 tuenda
957 2637 1012 2694 dati
1023 2645 1088 2694 sunt
1099 2654 1157 2692 nun
1175 2637 1224 2712 qui
1235 2653 1271 2689 re·
1285 2644 1289 2653 '

828 2724 880 2779 bus
890 2726 947 2801 ipsi
958 2735 1130 2802 praeessent,-
1142 2725 1186 2780 sio
1197 2725 1271 2779 etiam

828 2809 1028 2888 Campanorum
1057 2820 1200 2886 praetores
1225 2805 1271 2876 (cf.

827 2900 876 2967 23,
894 2904 920 2958 7.
938 2902 998 2968 35.)
1021 2907 1049 2954 et
1065 2896 1177 2976 Capuae
1191 2904 1227 2950 et
1242 2912 1272 2949 ex

828 2983 974 3063 Campanis
992 2986 1075 3042 creati
1087 2992 1150 3041 sunt
1167 2981 1270 3055 legibus

828 3093 843 3128 a
860 3083 985 3151 praetore
997 3069 1114 3131 'romano
1131 3069 1214 3127 datis.
1239 3068 1270 3125 al·

827 3169 884 3215 tero
902 3160 1010 3219 demum
1022 3158 1125 3217 Punico
1136 3156 1210 3213 bello
1224 3155 1269 3212 Ca·

826 3262 906 3324 pusm
922 3248 1118 3324 praefecturam
1136 3243 1217 3303 Rom.
1238 3243 1271 3300 fa·

826 3343 896 3391 ctam
916 3346 944 3391 et
958 3333 1210 3412 praefectos-Roma
1223 3330 1269 3388 ca-

778 3437 786 3447 '
826 3443 908 3501 puanr
924 3425 1022 3480 missos
1040 3442 1100 3480 esse
1118 3424 1164 3491 26,
1184 3423 1227 3479 16.
1238 3418 1270 3475 le·

827 3512 923 3584 gimus.
942 3541 976 3552 -
999 3510 1061 3567 Plll:
1079 3509 1186 3584 legibus
1205 3505 1267 3564 abl

827 3597 898 3654 furio
920 3604 962 3675 pi.
989 3598 1067 3656 datis.
1091 3630 1126 3640 -
1149 3596 1192 3654 ll:
1215 3612 1269 3652 cun

826 3687 968 3762 uirumque
976 3687 1028 3762 ipsi
1038 3705 1087 3760 pro
1095 3683 1268 3740 remediaret.

825 3770 1267 3849 m.3.:que.-P:egrisrebus

239 3853 294 3904 ⁰⁰5·
564 3886 568 3893 ·
754 3859 796 3916 10.
822 3857 968 3915 Falerna:
995 3857 1044 3915 ΡΜ
1071 3857 1151 3917 Leid.
1166 3879 1185 3917 r.
1210 3856 1268 3913 cod.

95 3984 112 4008 ,.
186 3930 212 3986 7·
239 3933 373 4009 Capuae:
404 3937 471 3997 Lov.
493 3944 535 4014 4.]
560 3942 681 4018 Capuam
822 3945 916 4002 Kloclr.
935 3945 1001 4004 Lov.
1020 3948 1045 4000 4.
1070 3945 1120 4017 al.]
1140 3945 1267 4002 Falerios.

30 4092 33 4096 ,
81 4105 92 4120 .
125 4072 139 4084 .
169 4074 173 4086 .
238 4019 306 4088 (PM
322 4022 400 4083 Laid.
412 4045 429 4083 r.
446 4025 524 4086 Voss.
536 4049 562 4087 rr.
575 4028 642 4086 Lov.
656 4032 681 4087 4.
821 4062 858 4078 ·-
875 4033 982 4091 Deinde
999 4034 1131 4108 scriptum
1149 4041 1193 4088 est
1210 4028 1268 4087 int

238 4104 299 4177 ab).
329 4140 363 4155 -·
377 4102 513 4188 *Capuae
540 4118 681 4172 restitnen·
822 4129 850 4177 et
866 4122 899 4179 in'
913 4119 1180 4182 aeterismelioribus
1195 4118 1268 4175 libris
