2618 4590
110 249 210 316 m
411 323 414 329 Α
537 192 805 323 ἨΒΕΒὶνι

62 429 67 443 “
168 422 320 493 aitronus'
336 445 355 487 a
370 418 492 511 populo
505 416 651 487 Romano
672 417 742 502 sibi,
764 418 820 508 qui
841 440 878 487 se
892 419 1080 507 dictatorem
1094 422 1158 490 iarn
1173 448 1268 515 quar.

168 541 239 598 tum
260 535 411 608 creasset,
437 546 589 614 magnum
611 548 630 591 a
651 534 764 591 senatu
791 521 906 591 talibus
929 526 970 595 de
997 549 1033 593 se
1054 527 1176 596 iudiciis
1198 531 1268 599 eius

170 635 297 718 ordinis,
318 653 504 700 maxumum
524 639 592 695 tam
612 627 806 695 honoratum
828 628 1026 720 collegarum
1045 631 1202 723 obsequio
1223 635 1270 702 in.

169 739 265 829 iungi.
301 737 407 828 itaque
430 735 457 802 si
478 734 556 825 quid
576 732 693 799 laboris
715 731 955 825 vigiliarumque
976 736 1056 803 adici
1070 739 1182 827 possit,
1204 763 1271 806 cer-

140 855 290 916 ttantem
311 865 423 909 secum
444 839 551 930 ipsum
573 836 756 904 adnisurum
777 849 814 906 ut
834 850 922 907 tanto
938 841 979 908 de
1000 865 1036 908 se
1053 866 1215 910 comensu
1230 845 1271 912 ci-

169 948 272 1018 vitatis
295 944 480 1036 opinionem
501 965 584 1033 qrrae
605 941 744 1010 maxima
757 942 800 1010 sit
813 945 910 1012 etiam
926 957 1126 1014 constantem
1142 947 1271 1017 efficiat

170 1041 258 1144 ‹juod
281 1051 322 1118 ad
343 1049 466 1116 bellum
496 1058 592 1138 atque
612 1047 755 1116 Antiates
783 1050 927 1134 attineat,
954 1052 1027 1142 plus
1049 1050 1093 1117 ibi
1113 1050 1272 1120 minarum

170 1180 270 1250 quam
290 1152 423 1246 periculi
444 1175 530 1220 esser
551 1175 588 1221 se
607 1163 716 1222 tamen
735 1163 773 1223 ut
786 1153 864 1222 nihil
878 1154 1013 1222 timendi.
1029 1156 1076 1223 sie
1098 1156 1176 1223 nihil
1199 1180 1272 1226 cou-

153 1366 155 1373 ,
243 1313 320 1374 lusus
342 1321 423 1390 atque
444 1312 562 1375 incertus
582 1313 687 1371 animi“

198 1470 201 1479 Ι
243 1401 272 1460 h.
298 1419 321 1458 e.
348 1387 532 1469 „er'wusste
557 1399 616 1456 sich
643 1399 688 1456 die

190 1540 195 1549 ,
244 1485 333 1543 Sache
362 1485 439 1543 nicht
467 1508 500 1545 zu
534 1485 688 1548 erlrltren“.

244 1562 443 1631 confunduntui
459 1595 512 1645 res,
531 1576 578 1634 uh'i
592 1575 687 1633 multa·

184 1661 724 1742 'mmmmmmn

221 1758 409 1808 metretarum
432 1749 505 1808 nulla
530 1771 595 1829 pras
619 1760 689 1808 eete-

241 1839 282 1894 ris
299 1839 365 1894 satis
384 1837 511 1914 distingui
522 1847 621 1915 potest.
647 1839 689 1895 sia

242 1925 356 1984 clamor·
372 1927 416 1993 30,
434 1926 459 1984 6.
484 1925 631 1998 confusus
648 1925 690 1982 di·

242 2017 321 2097 citurr
340 2012 414 2091 quod
427 2011 617 2069 discernimur
628 2022 689 2092 pot-

242 2110 315 2170 erat,
338 2109 427 2158 utrum
444 2103 517 2157 inter
534 2100 644 2159 caedam
662 2109 690 2156 et

243 2187 354 2245 vulnera
364 2207 398 2243 an
411 2206 445 2243 ex
453 2187 635 2265 trepidatione
644 2207 691 2242 uo·

245 2284 339 2332 oturna
369 2272 490 2329 sublatus
520 2283 601 2334 essct.
639 2273 693 2329 hoe

243 2380 308 2419 vcro
331 2359 394 2416 loco
413 2357 543 2416 Camillus
565 2359 693 2417 contusus

245 2451 334 2504 animo
347 2446 455 2517 dicitur,
472 2440 547 2523 duod
559 2446 635 2504 multi
648 2467 693 2504 eo·

245 2534 307 2591 dem
330 2535 503 2612 temporeis
525 2535 615 2591 animo
634 2536 692 2590 eius

244 2630 334 2679 motus
346 2614 491 2690 ertiterint,
510 2642 572 2680 cum
585 2641 691 2679 summo

86 2729 93 2734 ’
173 2763 187 2769 ,
223 2754 224 2759 ,
244 2707 349 2764 honore
366 2727 396 2764 se
420 2710 539 2767 omnium
558 2729 691 2767 consensu

225 2857 227 2861 ,
245 2795 372 2853 affectum
384 2793 489 2853 rideret
505 2815 556 2854 uec
567 2798 620 2854 sibi
633 2798 692 2873 ipse

243 2893 318 2944 tauto
341 2883 445 2944 honore
469 2882 565 2961 dignus
587 2884 693 2943 ridere·
728 2893 730 2898 '

243 2979 296 3037 tur,
313 2990 348 3027 ne
360 2973 446 3028 ricem
464 2971 588 3029 fortunae
600 2971 693 3028 huma·

245 3076 296 3113 nae
313 3068 447 3137 expertus¹
459 3060 542 3115 nimia
562 3060 606 3114 sui
623 3058 692 3115 fidu·

246 3145 288 3198 eia
320 3143 431 3202 deorum
460 3147 530 3202 iram
564 3153 694 3206 moveret.

246 3229 389 3291 uernacula
412 3222 635 3308 lingua'lortasse
652 3232 694 3289 di·

246 3337 291 3374 eas
314 3317 476 3387 „heschttmt
495 3319 563 3376 tiber
584 3323 643 3376 eine
660 3339 693 3377 so

245 3423 341 3479 grosse
357 3403 595 3481 Auszeichnung“.

194 3493 229 3551 1.,
249 3493 694 3570 quisedictatorcmiamquar·

248 3586 311 3634 tum
333 3590 479 3638 creasset:
502 3580 552 3638 PM
574 3579 631 3640 rell.
659 3613 694 3656 5-

246 3663 373 3722 Dulorus
391 3677 524 3726 creasset
540 3668 612 3725 idem
630 3669 657 3727 h.
675 3664 695 3729 la

95 3755 98 3763 ¹
190 3822 193 3826 ¹
247 3752 321 3828 quod
329 3754 695 3830 creaturusfuiasctsigni.

167 3882 171 3887 ⁴
247 3837 330 3895 ficare
342 3839 485 3902 arbitratus
499 3852 552 3900 est:
568 3843 642 3921 qu'od
653 3847 694 3900 iu·

247 3916 447 4004 teipretationis
458 3947 541 4003 genus
553 3950 607 3987 nou
619 3931 694 3991 ride·

246 4023 292 4070 tur
309 4013 486 4092 probandum.
509 4017 573 4075 Nou
584 4020 694 4096 proprie

246 4099 292 4159 illa
305 4102 385 4161 verba
400 4101 472 4162 diota
481 4104 568 4162 videri
579 4114 694 4184 possunt

826 1311 876 1369 aed
899 1332 1033 1390 propensa
1060 1312 1201 1372 homiuum
1226 1335 1272 1372 vo·

827 1399 928 1457 luntate
951 1420 1001 1475 pro
1027 1401 1132 1478 reipsa
1155 1412 1272 1481 accepta,

828 1507 888 1544 cum
906 1508 957 1544 uec
968 1490 1027 1564 ipsc
1040 1486 1171 1546 Camillus
1188 1489 1273 1545 ‹licta-

827 1584 872 1632 tor
889 1573 948 1631 fieri
960 1573 1050 1643 vellet,
1070 1595 1120 1631 nec
1138 1597 1153 1631 a
1171 1573 1272 1654 populo

829 1664 915 1719 creari
928 1661 1045 1718 dictator
1053 1673 1147 1741 posset
1163 1663 1216 1732 (cl.
1231 1665 1275 1730 ⁴22,

829 1751 886 1820 8.),
912 1758 939 1806 et
956 1746 1077 1807 Valerids
1098 1749 1152 1806 sihi
1169 1746 1206 1808 ll.
1225 1748 1274 1806 Fu·

829 1838 899 1893 rium
916 1856 967 1915 pro
987 1836 1118 1893 dictatore
1138 1835 1197 1892 loro
1215 1846 1275 1914 apto

829 1923 940 1986 diceret.
969 1923 1055 1981 nihilo
1074 1925 1163 1980 minus
1187 1931 1276 1980 tamen

830 2010 961 2069 Camillus
983 2020 1059 2068 tanto
1082 2013 1198 2087 imperio
1219 2011 1276 2068 luu-

829 2108 890 2156 ctus
907 2109 957 2169 est,
975 2097 1040 2155 licet
1057 2098 1173 2156 dictator
1190 2099 1276 2156 dictus

830 2205 887 2242 non
905 2186 995 2255 luerit,
1013 2185 1208 2262 eum'eollegae
1220 2190 1277 2243 eius

830 2273 964 2330 maiestati
989 2274 1115 2331 rederent
1143 2289 1275 2353 saumque

830 2358 905 2417 illius
933 2362 1047 2438 imperio
1083 2362 1277 2422 submitterent.

830 2445 884 2502 hoe
902 2467 983 2505 sensu
996 2447 1126 2505 Camillus
1142 2451 1170 2518 6,
1185 2453 1212 2510 7.
1229 2450 1278 2506 mi·

831 2534 926 2592 litibus
953 2536 1021 2594 dicit
1046 2557 1106 2606 „aa
1132 2556 1176 2596 me
1204 2534 1279 2613 quod

832 2642 893 2679 non
911 2624 1039 2682 dictator
1055 2625 1134 2682 vobis
1155 2623 1213 2681 aed
1228 2624 1278 2679 tri·

832 2711 930 2768 hunus
938 2713 1045 2788 siguum
1055 2710 1128 2780 dedi,
1137 2729 1278 2786 nonagno-

831 2799 908 2855 scitis
926 2799 1076 2856 ducem“?:
1095 2806 1122 2855 et
1139 2800 1165 2866 6.
1177 2799 1222 2856 42.
1239 2795 1279 2853 di·

833 2895 921 2944 ctator
940 2889 1074 2965 quintum
1092 2886 1199 2969 dicitur,
1219 2904 1280 2942 eum

833 2975 860 3041 6,
872 2976 917 3032 38.
935 2974 1009 3030 idem
1026 2973 1155 3030 adversus
1166 2972 1280 3028 tribuni·

791 3094 794 3101 -
834 3058 890 3115 cias
898 3059 1048 3117 seditiones
1064 3060 1180 3117 dictator
1192 3059 1282 3116 dictus

833 3157 916 3205 esset·-

780 3234 808 3294 ³.
834 3243 1085 3291 marcumumtam
1102 3233 1283 3291 honoratum

833 3323 1018 3400 collegarum
1052 3323 1211 3396 obsequio.-
1246 3318 1281 3391 Ρ]

834 3411 981 3466 maximum
1006 3419 1061 3465 tam
1087 3409 1283 3465 honoratorum

836 3495 997 3570 collegarum
1015 3507 1065 3559 cet.
1094 3498 1284 3554 Honoratum

834 3586 915 3640 etiam
941 3585 970 3639 in
988 3582 1016 3640 Μ
1038 3583 1112 3642 Harl.
1129 3602 1146 3642 1.
1167 3582 1246 3641 held,
1264 3580 1298 3642 r.‘

834 3670 1282 3747 scriptumest.Cf.1‚43.1l.:pre'·

802 3782 804 3786 ’
836 3777 915 3814 mam
926 3760 1069 3835 peditum.
1092 3759 1173 3818 llere.
1188 3755 1282 3816 codd:

835 3844 991 3906 honorato.

782 3935 809 3993 6.
835 3944 1019 3991 constantem
1031 3934 1162 4011 efficiat:
1180 3931 1238 3991 Plll.
1248 3961 1282 3974 -

800 4060 803 4065 -
835 4019 910 4078 Harl.
927 4041 944 4078 1.
961 4019 1039 4080 Laid.
1058 4041 1091 4079 ιε
1116 4029 1283 4077 constantem

836 4107 861 4162 ci
879 4106 968 4166 faciat
981 4139 1014 4149 —
1033 4107 1055 4164 P
1072 4128 1107 4166 m.
1128 4111 1166 4168 1.:
1186 4108 1282 4186 adque.
