<?xml version="1.0" encoding="UTF-8"?>
<!DOCTYPE html PUBLIC "-//W3C//DTD XHTML 1.0 Transitional//EN"
    "http://www.w3.org/TR/xhtml1/DTD/xhtml1-transitional.dtd">
<html xmlns="http://www.w3.org/1999/xhtml" xml:lang="en" lang="en">
 <head>
  <title>
</title>
<meta http-equiv="Content-Type" content="text/html;charset=utf-8" />
  <meta name='ocr-system' content='tesseract 3.04.00' />
  <meta name='ocr-capabilities' content='ocr_page ocr_carea ocr_par ocr_line ocrx_word'/>
</head>
<body>
  <div class='ocr_page' id='page_1' title='image "./titilivirerumro01alscgoog_0063.png"; bbox 0 0 2618 4590; ppageno 0'>
   <div class='ocr_carea' id='block_1_1' title="bbox 129 230 792 307">
    <p class='ocr_par' dir='ltr' id='par_1_1' title="bbox 129 230 792 307">
     <span class='ocr_line' id='line_1_1' title="bbox 129 230 792 307; baseline -0.002 -2"><span class='ocrx_word' id='word_1_1' title='bbox 129 230 132 240; x_wconf 70' lang='lat'>‘</span> <span class='ocrx_word' id='word_1_2' title='bbox 154 237 197 307; x_wconf 79' lang='lat' dir='ltr'><strong>tr</strong></span> <span class='ocrx_word' id='word_1_3' title='bbox 618 239 729 303; x_wconf 76' lang='lat' dir='ltr'><strong>ursus</strong></span> <span class='ocrx_word' id='word_1_4' title='bbox 746 242 792 305; x_wconf 84' lang='lat' dir='ltr'><strong>u.</strong></span> 
     </span>
    </p>
   </div>
   <div class='ocr_carea' id='block_1_2' title="bbox 84 414 1255 1336">
    <p class='ocr_par' dir='ltr' id='par_1_2' title="bbox 84 414 1255 1336">
     <span class='ocr_line' id='line_1_2' title="bbox 154 414 1253 509; baseline -0.001 -23"><span class='ocrx_word' id='word_1_5' title='bbox 154 420 264 509; x_wconf 83' lang='lat' dir='ltr'><strong>cepta&#39;s</strong></span> <span class='ocrx_word' id='word_1_6' title='bbox 286 414 413 486; x_wconf 78' lang='lat' dir='ltr'><strong>Veienti</strong></span> <span class='ocrx_word' id='word_1_7' title='bbox 434 414 557 483; x_wconf 89' lang='lat' dir='ltr'><strong>Gallico</strong></span> <span class='ocrx_word' id='word_1_8' title='bbox 579 414 710 505; x_wconf 85' lang='lat' dir='ltr'><strong>aliisque</strong></span> <span class='ocrx_word' id='word_1_9' title='bbox 733 416 882 507; x_wconf 82' lang='lat' dir='ltr'><strong>deinceps</strong></span> <span class='ocrx_word' id='word_1_10' title='bbox 904 414 997 484; x_wconf 85' lang='lat' dir='ltr'><strong>bellis</strong></span> <span class='ocrx_word' id='word_1_11' title='bbox 1019 428 1193 485; x_wconf 79' lang='lat' dir='ltr'><strong>ostentans.</strong></span> <span class='ocrx_word' id='word_1_12' title='bbox 1216 440 1253 485; x_wconf 88' lang='lat' dir='ltr'><strong>sc</strong></span> 
     </span>
     <span class='ocr_line' id='line_1_3' title="bbox 154 520 1253 612; baseline 0 -23"><span class='ocrx_word' id='word_1_13' title='bbox 154 523 357 605; x_wconf 81' lang='lat' dir='ltr'><strong>militantem,</strong></span> <span class='ocrx_word' id='word_1_14' title='bbox 383 543 419 587; x_wconf 90' lang='lat' dir='ltr'><strong>se</strong></span> <span class='ocrx_word' id='word_1_15' title='bbox 446 520 665 593; x_wconf 87' lang='lat' dir='ltr'><strong>restituentem</strong></span> <span class='ocrx_word' id='word_1_16' title='bbox 691 544 820 589; x_wconf 89' lang='lat' dir='ltr'><strong>eversos</strong></span> <span class='ocrx_word' id='word_1_17' title='bbox 841 533 973 612; x_wconf 85' lang='lat' dir='ltr'><strong>penates</strong></span> <span class='ocrx_word' id='word_1_18' title='bbox 1001 521 1168 611; x_wconf 86' lang='lat' dir='ltr'><strong>multiplici</strong></span> <span class='ocrx_word' id='word_1_19' title='bbox 1189 522 1253 589; x_wconf 85' lang='lat' dir='ltr'><strong>iam</strong></span> 
     </span>
     <span class='ocr_line' id='line_1_4' title="bbox 155 625 1254 722; baseline -0.002 -28"><span class='ocrx_word' id='word_1_20' title='bbox 155 639 241 696; x_wconf 87' lang='lat' dir='ltr'><strong>sorte</strong></span> <span class='ocrx_word' id='word_1_21' title='bbox 266 626 410 695; x_wconf 82' lang='lat' dir='ltr'><strong>exsoluta</strong></span> <span class='ocrx_word' id='word_1_22' title='bbox 431 625 643 722; x_wconf 72' lang='lat' dir='ltr'><strong>mergentibus</strong></span> <span class='ocrx_word' id='word_1_23' title='bbox 672 648 799 715; x_wconf 89' lang='lat' dir='ltr'><strong>semper</strong></span> <span class='ocrx_word' id='word_1_24' title='bbox 825 637 945 694; x_wconf 91' lang='lat' dir='ltr'><strong>sortem</strong></span> <span class='ocrx_word' id='word_1_25' title='bbox 972 627 1075 693; x_wconf 91' lang='lat' dir='ltr'><strong>usuris</strong></span> <span class='ocrx_word' id='word_1_26' title='bbox 1102 626 1254 693; x_wconf 84' lang='lat' dir='ltr'><strong>obrutum</strong></span> 
     </span>
     <span class='ocr_line' id='line_1_5' title="bbox 155 722 1254 821; baseline 0 -23"><span class='ocrx_word' id='word_1_27' title='bbox 155 732 265 799; x_wconf 89' lang='lat' dir='ltr'><strong>fenore</strong></span> <span class='ocrx_word' id='word_1_28' title='bbox 287 753 373 798; x_wconf 88' lang='lat' dir='ltr'><strong>esse:</strong></span> <span class='ocrx_word' id='word_1_29' title='bbox 395 729 502 796; x_wconf 86' lang='lat' dir='ltr'><strong>videre</strong></span> <span class='ocrx_word' id='word_1_30' title='bbox 517 729 624 795; x_wconf 90' lang='lat' dir='ltr'><strong>lucem</strong></span> <span class='ocrx_word' id='word_1_31' title='bbox 646 729 751 796; x_wconf 85' lang='lat' dir='ltr'><strong>forum</strong></span> <span class='ocrx_word' id='word_1_32' title='bbox 766 731 882 798; x_wconf 88' lang='lat' dir='ltr'><strong>civium</strong></span> <span class='ocrx_word' id='word_1_33' title='bbox 896 755 950 798; x_wconf 89' lang='lat' dir='ltr'><strong>ora</strong></span> <span class='ocrx_word' id='word_1_34' title='bbox 966 730 1011 797; x_wconf 87' lang='lat' dir='ltr'><strong>M.</strong></span> <span class='ocrx_word' id='word_1_35' title='bbox 1026 722 1126 798; x_wconf 80' lang='lat' dir='ltr'><strong>Manli</strong></span> <span class='ocrx_word' id='word_1_36' title='bbox 1142 755 1254 821; x_wconf 75' lang='lat' dir='ltr'><strong>operat</strong></span> 
     </span>
     <span class='ocr_line' id='line_1_6' title="bbox 126 833 1252 923; baseline 0.004 -26"><span class='ocrx_word' id='word_1_37' title='bbox 126 834 263 903; x_wconf 75' lang='lat' dir='ltr'><strong>temnis</strong></span> <span class='ocrx_word' id='word_1_38' title='bbox 284 833 463 923; x_wconf 85' lang='lat' dir='ltr'><strong>parentium</strong></span> <span class='ocrx_word' id='word_1_39' title='bbox 484 833 637 900; x_wconf 87' lang='lat' dir='ltr'><strong>beneficia</strong></span> <span class='ocrx_word' id='word_1_40' title='bbox 660 834 700 900; x_wconf 90' lang='lat' dir='ltr'><strong>ab</strong></span> <span class='ocrx_word' id='word_1_41' title='bbox 722 834 776 902; x_wconf 92' lang='lat' dir='ltr'><strong>illo</strong></span> <span class='ocrx_word' id='word_1_42' title='bbox 800 858 835 902; x_wconf 88' lang='lat' dir='ltr'><strong>se</strong></span> <span class='ocrx_word' id='word_1_43' title='bbox 856 834 991 902; x_wconf 85' lang='lat' dir='ltr'><strong>habere:</strong></span> <span class='ocrx_word' id='word_1_44' title='bbox 1024 836 1070 901; x_wconf 93' lang='lat' dir='ltr'><strong>illi</strong></span> <span class='ocrx_word' id='word_1_45' title='bbox 1094 836 1252 901; x_wconf 83' lang='lat' dir='ltr'><strong>devovere</strong></span> 
     </span>
     <span class='ocr_line' id='line_1_7' title="bbox 156 936 1255 1030; baseline 0 -24"><span class='ocrx_word' id='word_1_46' title='bbox 156 939 297 1028; x_wconf 86' lang='lat' dir='ltr'><strong>corporis</strong></span> <span class='ocrx_word' id='word_1_47' title='bbox 320 938 467 1026; x_wconf 89' lang='lat' dir='ltr'><strong>vitaeque</strong></span> <span class='ocrx_word' id='word_1_48' title='bbox 491 960 528 1003; x_wconf 84' lang='lat' dir='ltr'><strong>ac</strong></span> <span class='ocrx_word' id='word_1_49' title='bbox 550 936 707 1026; x_wconf 79' lang='lat' dir='ltr'><strong>sanguinis</strong></span> <span class='ocrx_word' id='word_1_50' title='bbox 735 940 823 1027; x_wconf 79' lang='lat' dir='ltr'><strong>quod</strong></span> <span class='ocrx_word' id='word_1_51' title='bbox 848 941 997 1029; x_wconf 87' lang='lat' dir='ltr'><strong>supersit:</strong></span> <span class='ocrx_word' id='word_1_52' title='bbox 1025 941 1255 1030; x_wconf 85' lang='lat' dir='ltr'><strong>quodcumque</strong></span> 
     </span>
     <span class='ocr_line' id='line_1_8' title="bbox 136 1041 1255 1134; baseline -0.001 -24"><span class='ocrx_word' id='word_1_53' title='bbox 136 1043 213 1110; x_wconf 65' lang='lat' dir='ltr'><strong>“sibi</strong></span> <span class='ocrx_word' id='word_1_54' title='bbox 241 1067 316 1110; x_wconf 90' lang='lat' dir='ltr'><strong>cum</strong></span> <span class='ocrx_word' id='word_1_55' title='bbox 342 1042 443 1132; x_wconf 86' lang='lat' dir='ltr'><strong>patrie</strong></span> <span class='ocrx_word' id='word_1_56' title='bbox 465 1081 509 1103; x_wconf 88' lang='lat'><strong>-.</strong></span> <span class='ocrx_word' id='word_1_57' title='bbox 530 1041 696 1132; x_wconf 87' lang='lat' dir='ltr'><strong>penatibus</strong></span> <span class='ocrx_word' id='word_1_58' title='bbox 724 1043 859 1131; x_wconf 89' lang='lat' dir='ltr'><strong>publicis</strong></span> <span class='ocrx_word' id='word_1_59' title='bbox 888 1068 925 1112; x_wconf 91' lang='lat' dir='ltr'><strong>ac</strong></span> <span class='ocrx_word' id='word_1_60' title='bbox 952 1045 1081 1134; x_wconf 83' lang='lat' dir='ltr'><strong>privatis</strong></span> <span class='ocrx_word' id='word_1_61' title='bbox 1108 1083 1152 1094; x_wconf 93' lang='lat'>—</span> <span class='ocrx_word' id='word_1_62' title='bbox 1179 1044 1255 1109; x_wconf 92' lang='lat' dir='ltr'><strong>iuris</strong></span> 
     </span>
     <span class='ocr_line' id='line_1_9' title="bbox 84 1145 1253 1236; baseline 0.001 -22"><span class='ocrx_word' id='word_1_63' title='bbox 84 1184 91 1197; x_wconf 83' lang='lat'>=</span> <span class='ocrx_word' id='word_1_64' title='bbox 154 1149 262 1230; x_wconf 82' lang='lat' dir='ltr'><strong>luerit,</strong></span> <span class='ocrx_word' id='word_1_65' title='bbox 284 1147 316 1212; x_wconf 91' lang='lat' dir='ltr'><strong>id</strong></span> <span class='ocrx_word' id='word_1_66' title='bbox 339 1169 414 1212; x_wconf 90' lang='lat' dir='ltr'><strong>cum</strong></span> <span class='ocrx_word' id='word_1_67' title='bbox 435 1169 500 1212; x_wconf 89' lang='lat' dir='ltr'><strong>uno</strong></span> <span class='ocrx_word' id='word_1_68' title='bbox 522 1145 651 1213; x_wconf 91' lang='lat' dir='ltr'><strong>homine</strong></span> <span class='ocrx_word' id='word_1_69' title='bbox 675 1171 755 1215; x_wconf 91' lang='lat' dir='ltr'><strong>esse.</strong></span> <span class='ocrx_word' id='word_1_70' title='bbox 791 1149 841 1215; x_wconf 90' lang='lat' dir='ltr'><strong>his</strong></span> <span class='ocrx_word' id='word_1_71' title='bbox 864 1149 997 1216; x_wconf 89' lang='lat' dir='ltr'><strong>vocibus</strong></span> <span class='ocrx_word' id='word_1_72' title='bbox 1020 1148 1166 1217; x_wconf 85' lang='lat' dir='ltr'><strong>instincta</strong></span> <span class='ocrx_word' id='word_1_73' title='bbox 1187 1148 1253 1236; x_wconf 78' lang='lat' dir='ltr'><strong>ple·</strong></span> 
     </span>
     <span class='ocr_line' id='line_1_10' title="bbox 154 1249 1252 1336; baseline 0 -18"><span class='ocrx_word' id='word_1_74' title='bbox 154 1253 212 1319; x_wconf 92' lang='lat' dir='ltr'><strong>bes</strong></span> <span class='ocrx_word' id='word_1_75' title='bbox 235 1274 311 1317; x_wconf 90' lang='lat' dir='ltr'><strong>eum</strong></span> <span class='ocrx_word' id='word_1_76' title='bbox 331 1250 395 1316; x_wconf 87' lang='lat' dir='ltr'><strong>iam</strong></span> <span class='ocrx_word' id='word_1_77' title='bbox 415 1249 508 1316; x_wconf 89' lang='lat' dir='ltr'><strong>unius</strong></span> <span class='ocrx_word' id='word_1_78' title='bbox 529 1250 665 1319; x_wconf 88' lang='lat' dir='ltr'><strong>hominis</strong></span> <span class='ocrx_word' id='word_1_79' title='bbox 688 1263 785 1336; x_wconf 86' lang='lat' dir='ltr'><strong>esset,</strong></span> <span class='ocrx_word' id='word_1_80' title='bbox 814 1254 920 1320; x_wconf 91' lang='lat' dir='ltr'><strong>addita</strong></span> <span class='ocrx_word' id='word_1_81' title='bbox 947 1253 1006 1320; x_wconf 88' lang='lat' dir='ltr'><strong>alia</strong></span> <span class='ocrx_word' id='word_1_82' title='bbox 1033 1251 1252 1319; x_wconf 86' lang='lat' dir='ltr'><strong>commotioris</strong></span> 
     </span>
    </p>
   </div>
   <div class='ocr_carea' id='block_1_3' title="bbox 174 1471 1258 1814">
    <p class='ocr_par' dir='ltr' id='par_1_3' title="bbox 174 1471 1258 1814">
     <span class='ocr_line' id='line_1_11' title="bbox 174 1471 1254 1553; baseline -0.001 -27"><span class='ocrx_word' id='word_1_83' title='bbox 174 1473 201 1536; x_wconf 65' lang='grc'><strong>1,</strong></span> <span class='ocrx_word' id='word_1_84' title='bbox 227 1491 260 1527; x_wconf 83' lang='lat' dir='ltr'><strong>se</strong></span> <span class='ocrx_word' id='word_1_85' title='bbox 277 1471 449 1528; x_wconf 75' lang='lat' dir='ltr'><strong>militantem</strong></span> <span class='ocrx_word' id='word_1_86' title='bbox 466 1492 501 1530; x_wconf 80' lang='lat' dir='ltr'><strong>ae</strong></span> <span class='ocrx_word' id='word_1_87' title='bbox 517 1473 673 1530; x_wconf 76' lang='lat' dir='ltr'><strong>restituen—</strong></span> <span class='ocrx_word' id='word_1_88' title='bbox 810 1484 945 1553; x_wconf 77' lang='lat' dir='ltr'><strong>perstare,</strong></span> <span class='ocrx_word' id='word_1_89' title='bbox 967 1472 1045 1551; x_wconf 85' lang='lat' dir='ltr'><strong>plebs</strong></span> <span class='ocrx_word' id='word_1_90' title='bbox 1062 1490 1193 1528; x_wconf 81' lang='lat' dir='ltr'><strong>novarum</strong></span> <span class='ocrx_word' id='word_1_91' title='bbox 1214 1489 1254 1525; x_wconf 85' lang='lat' dir='ltr'><strong>re·</strong></span> 
     </span>
     <span class='ocr_line' id='line_1_12' title="bbox 225 1558 1257 1638; baseline 0.001 -23"><span class='ocrx_word' id='word_1_92' title='bbox 225 1559 669 1638; x_wconf 74' lang='lat' dir='ltr'><strong>temeuersospenotestllzpoe-</strong></span> <span class='ocrx_word' id='word_1_93' title='bbox 809 1582 870 1621; x_wconf 83' lang='lat' dir='ltr'><strong>rum</strong></span> <span class='ocrx_word' id='word_1_94' title='bbox 900 1571 979 1638; x_wconf 79' lang='lat' dir='ltr'><strong>etque</strong></span> <span class='ocrx_word' id='word_1_95' title='bbox 1008 1558 1166 1618; x_wconf 71' lang='lat' dir='ltr'><strong>Hannibalis</strong></span> <span class='ocrx_word' id='word_1_96' title='bbox 1199 1567 1257 1617; x_wconf 78' lang='lat' dir='ltr'><strong>tota</strong></span> 
     </span>
     <span class='ocr_line' id='line_1_13' title="bbox 226 1648 1075 1726; baseline -0.001 -21"><span class='ocrx_word' id='word_1_97' title='bbox 226 1649 320 1716; x_wconf 83' lang='lat' dir='ltr'><strong>nates)</strong></span> <span class='ocrx_word' id='word_1_98' title='bbox 338 1649 494 1726; x_wconf 80' lang='lat' dir='ltr'><strong>multiplici</strong></span> <span class='ocrx_word' id='word_1_99' title='bbox 509 1649 569 1703; x_wconf 88' lang='lat' dir='ltr'><strong>iam</strong></span> <span class='ocrx_word' id='word_1_100' title='bbox 589 1656 670 1704; x_wconf 78' lang='lat' dir='ltr'><strong>sorte</strong></span> <span class='ocrx_word' id='word_1_101' title='bbox 812 1668 881 1709; x_wconf 87' lang='lat' dir='ltr'><strong>csse.</strong></span> <span class='ocrx_word' id='word_1_102' title='bbox 900 1648 934 1711; x_wconf 75' lang='lat' dir='ltr'><strong>al.</strong></span> <span class='ocrx_word' id='word_1_103' title='bbox 1070 1660 1075 1669; x_wconf 87' lang='grc'><strong>“</strong></span> 
     </span>
     <span class='ocr_line' id='line_1_14' title="bbox 226 1731 1258 1814; baseline -0.003 -24"><span class='ocrx_word' id='word_1_104' title='bbox 226 1735 368 1797; x_wconf 76' lang='lat' dir='ltr'><strong>exsoluta</strong></span> <span class='ocrx_word' id='word_1_105' title='bbox 385 1736 583 1814; x_wconf 81' lang='lat' dir='ltr'><strong>mergentibus</strong></span> <span class='ocrx_word' id='word_1_106' title='bbox 596 1755 669 1791; x_wconf 88' lang='lat' dir='ltr'><strong>sem·</strong></span> <span class='ocrx_word' id='word_1_107' title='bbox 758 1739 784 1796; x_wconf 81' lang='grc'><strong>9.</strong></span> <span class='ocrx_word' id='word_1_108' title='bbox 811 1736 919 1792; x_wconf 83' lang='lat' dir='ltr'><strong>addito</strong></span> <span class='ocrx_word' id='word_1_109' title='bbox 929 1737 992 1792; x_wconf 80' lang='lat' dir='ltr'><strong>olio</strong></span> <span class='ocrx_word' id='word_1_110' title='bbox 1003 1734 1202 1792; x_wconf 79' lang='lat' dir='ltr'><strong>commotioris</strong></span> <span class='ocrx_word' id='word_1_111' title='bbox 1215 1731 1258 1788; x_wconf 82' lang='lat' dir='ltr'><strong>eal</strong></span> 
     </span>
    </p>
   </div>
   <div class='ocr_carea' id='block_1_4' title="bbox 219 1823 672 2226">
    <p class='ocr_par' dir='ltr' id='par_1_4' title="bbox 219 1823 672 2226">
     <span class='ocr_line' id='line_1_15' title="bbox 221 1823 672 1896; baseline -0.002 -19"><span class='ocrx_word' id='word_1_112' title='bbox 221 1841 277 1896; x_wconf 82' lang='lat' dir='ltr'><strong>per</strong></span> <span class='ocrx_word' id='word_1_113' title='bbox 294 1831 405 1877; x_wconf 84' lang='lat' dir='ltr'><strong>sortem</strong></span> <span class='ocrx_word' id='word_1_114' title='bbox 417 1824 517 1878; x_wconf 84' lang='lat' dir='ltr'><strong>usuris</strong></span> <span class='ocrx_word' id='word_1_115' title='bbox 536 1823 672 1877; x_wconf 77' lang='lat' dir='ltr'><strong>obrutum</strong></span> 
     </span>
     <span class='ocr_line' id='line_1_16' title="bbox 219 1906 670 1981; baseline 0 -18"><span class='ocrx_word' id='word_1_116' title='bbox 219 1907 352 1981; x_wconf 81' lang='lat' dir='ltr'><strong>foenore</strong></span> <span class='ocrx_word' id='word_1_117' title='bbox 375 1906 427 1976; x_wconf 85' lang='lat' dir='ltr'><strong>(cl.</strong></span> <span class='ocrx_word' id='word_1_118' title='bbox 450 1911 481 1974; x_wconf 89' lang='lat'><strong>5,</strong></span> <span class='ocrx_word' id='word_1_119' title='bbox 503 1910 561 1977; x_wconf 77' lang='lat'><strong>10.)</strong></span> <span class='ocrx_word' id='word_1_120' title='bbox 588 1928 670 1965; x_wconf 85' lang='lat' dir='ltr'><strong>esse:</strong></span> 
     </span>
     <span class='ocr_line' id='line_1_17' title="bbox 224 1993 670 2077; baseline -0.002 -25"><span class='ocrx_word' id='word_1_121' title='bbox 224 1993 282 2052; x_wconf 89' lang='grc' dir='ltr'><strong>ΡΜ</strong></span> <span class='ocrx_word' id='word_1_122' title='bbox 299 1995 361 2062; x_wconf 77' lang='lat' dir='ltr'><strong>„Er</strong></span> <span class='ocrx_word' id='word_1_123' title='bbox 377 1996 418 2050; x_wconf 86' lang='lat' dir='ltr'><strong>sei</strong></span> <span class='ocrx_word' id='word_1_124' title='bbox 430 1996 458 2051; x_wconf 89' lang='lat' dir='ltr'><strong>in</strong></span> <span class='ocrx_word' id='word_1_125' title='bbox 471 1994 553 2070; x_wconf 77' lang='lat' dir='ltr'><strong>Fulge</strong></span> <span class='ocrx_word' id='word_1_126' title='bbox 565 1995 614 2077; x_wconf 78' lang='lat' dir='ltr'><strong>dep</strong></span> <span class='ocrx_word' id='word_1_127' title='bbox 626 2015 670 2070; x_wconf 83' lang='lat' dir='ltr'><strong>gc·</strong></span> 
     </span>
     <span class='ocr_line' id='line_1_18' title="bbox 224 2080 671 2176; baseline 0 -37"><span class='ocrx_word' id='word_1_128' title='bbox 224 2081 348 2176; x_wconf 56' lang='lat' dir='ltr'><strong>le&#39;btetcn</strong></span> <span class='ocrx_word' id='word_1_129' title='bbox 377 2081 579 2157; x_wconf 82' lang='lat' dir='ltr'><strong>Kriegsdiensts</strong></span> <span class='ocrx_word' id='word_1_130' title='bbox 613 2080 671 2139; x_wconf 87' lang='lat' dir='ltr'><strong>und</strong></span> 
     </span>
     <span class='ocr_line' id='line_1_19' title="bbox 225 2167 671 2226; baseline 0 -2"><span class='ocrx_word' id='word_1_131' title='bbox 225 2169 274 2226; x_wconf 92' lang='lat' dir='ltr'><strong>des</strong></span> <span class='ocrx_word' id='word_1_132' title='bbox 304 2167 547 2226; x_wconf 84' lang='lat' dir='ltr'><strong>Wisderaulbaues</strong></span> <span class='ocrx_word' id='word_1_133' title='bbox 581 2171 671 2226; x_wconf 86' lang='lat' dir='ltr'><strong>seines</strong></span> 
     </span>
    </p>
   </div>
   <div class='ocr_carea' id='block_1_5' title="bbox 116 2255 670 2329">
    <p class='ocr_par' dir='ltr' id='par_1_5' title="bbox 116 2255 670 2329">
     <span class='ocr_line' id='line_1_20' title="bbox 116 2255 670 2329; baseline 0 -18"><span class='ocrx_word' id='word_1_134' title='bbox 116 2320 121 2329; x_wconf 84' lang='lat'><strong>.</strong></span> <span class='ocrx_word' id='word_1_135' title='bbox 225 2255 670 2324; x_wconf 81' lang='lat' dir='ltr'><strong>serstbrtenGrundstiiclres,wie-</strong></span> 
     </span>
    </p>
   </div>
   <div class='ocr_carea' id='block_1_6' title="bbox 175 2341 673 3199">
    <p class='ocr_par' dir='ltr' id='par_1_6' title="bbox 184 2341 673 3114">
     <span class='ocr_line' id='line_1_21' title="bbox 225 2341 671 2423; baseline -0.002 -25"><span class='ocrx_word' id='word_1_136' title='bbox 225 2341 300 2398; x_wconf 84' lang='lat' dir='ltr'><strong>wohl</strong></span> <span class='ocrx_word' id='word_1_137' title='bbox 324 2363 354 2398; x_wconf 91' lang='lat' dir='ltr'><strong>er</strong></span> <span class='ocrx_word' id='word_1_138' title='bbox 378 2343 425 2399; x_wconf 86' lang='lat' dir='ltr'><strong>das</strong></span> <span class='ocrx_word' id='word_1_139' title='bbox 450 2341 557 2423; x_wconf 85' lang='lat' dir='ltr'><strong>Capital</strong></span> <span class='ocrx_word' id='word_1_140' title='bbox 584 2343 671 2400; x_wconf 89' lang='lat' dir='ltr'><strong>mebr-</strong></span> 
     </span>
     <span class='ocr_line' id='line_1_22' title="bbox 226 2427 672 2506; baseline 0 -20"><span class='ocrx_word' id='word_1_141' title='bbox 226 2427 289 2486; x_wconf 78' lang='lat' dir='ltr'><strong>fach</strong></span> <span class='ocrx_word' id='word_1_142' title='bbox 316 2429 546 2506; x_wconf 74' lang='lat' dir='ltr'><strong>zuriiclgegcbeu,</strong></span> <span class='ocrx_word' id='word_1_143' title='bbox 571 2431 605 2486; x_wconf 88' lang='lat' dir='ltr'><strong>da</strong></span> <span class='ocrx_word' id='word_1_144' title='bbox 627 2430 672 2486; x_wconf 87' lang='lat' dir='ltr'><strong>dis</strong></span> 
     </span>
     <span class='ocr_line' id='line_1_23' title="bbox 184 2509 671 2592; baseline 0 -19"><span class='ocrx_word' id='word_1_145' title='bbox 184 2530 186 2535; x_wconf 89' lang='lat'>&#39;</span> <span class='ocrx_word' id='word_1_146' title='bbox 226 2509 326 2573; x_wconf 76' lang='lat' dir='ltr'><strong>Ziusen</strong></span> <span class='ocrx_word' id='word_1_147' title='bbox 335 2515 383 2571; x_wconf 88' lang='lat' dir='ltr'><strong>das</strong></span> <span class='ocrx_word' id='word_1_148' title='bbox 393 2515 500 2592; x_wconf 84' lang='lat' dir='ltr'><strong>Capital</strong></span> <span class='ocrx_word' id='word_1_149' title='bbox 510 2519 605 2572; x_wconf 81' lang='lat' dir='ltr'><strong>immor</strong></span> <span class='ocrx_word' id='word_1_150' title='bbox 617 2536 671 2574; x_wconf 88' lang='lat' dir='ltr'><strong>von</strong></span> 
     </span>
     <span class='ocr_line' id='line_1_24' title="bbox 226 2601 671 2679; baseline 0.002 -20"><span class='ocrx_word' id='word_1_151' title='bbox 226 2602 329 2659; x_wconf 86' lang='lat' dir='ltr'><strong>Neucm</strong></span> <span class='ocrx_word' id='word_1_152' title='bbox 352 2603 544 2679; x_wconf 80' lang='lat' dir='ltr'><strong>verschlungen</strong></span> <span class='ocrx_word' id='word_1_153' title='bbox 571 2601 671 2673; x_wconf 67' lang='lat' dir='ltr'><strong>bitterr,</strong></span> 
     </span>
     <span class='ocr_line' id='line_1_25' title="bbox 228 2689 673 2749; baseline 0.007 -3"><span class='ocrx_word' id='word_1_154' title='bbox 228 2689 337 2748; x_wconf 83' lang='lat' dir='ltr'><strong>erdlich</strong></span> <span class='ocrx_word' id='word_1_155' title='bbox 355 2711 407 2747; x_wconf 86' lang='lat' dir='ltr'><strong>von</strong></span> <span class='ocrx_word' id='word_1_156' title='bbox 424 2690 473 2746; x_wconf 91' lang='lat' dir='ltr'><strong>der</strong></span> <span class='ocrx_word' id='word_1_157' title='bbox 485 2689 673 2749; x_wconf 84' lang='lat' dir='ltr'><strong>Schnldsnlest</strong></span> 
     </span>
     <span class='ocr_line' id='line_1_26' title="bbox 227 2777 671 2853; baseline 0.011 -19"><span class='ocrx_word' id='word_1_158' title='bbox 227 2777 366 2835; x_wconf 81' lang='lat' dir='ltr'><strong>zuBoden</strong></span> <span class='ocrx_word' id='word_1_159' title='bbox 383 2778 511 2853; x_wconf 82' lang='lat' dir='ltr'><strong>gedriiclt</strong></span> <span class='ocrx_word' id='word_1_160' title='bbox 528 2779 671 2839; x_wconf 82' lang='lat' dir='ltr'><strong>worden“.</strong></span> 
     </span>
     <span class='ocr_line' id='line_1_27' title="bbox 226 2864 672 2947; baseline 0.004 -25"><span class='ocrx_word' id='word_1_161' title='bbox 226 2897 261 2947; x_wconf 59' lang='lat' dir='ltr'><strong>-ss</strong></span> <span class='ocrx_word' id='word_1_162' title='bbox 273 2864 309 2922; x_wconf 89' lang='lat' dir='ltr'><strong>P:</strong></span> <span class='ocrx_word' id='word_1_163' title='bbox 330 2868 430 2922; x_wconf 84' lang='lat' dir='ltr'><strong>ciuium</strong></span> <span class='ocrx_word' id='word_1_164' title='bbox 447 2866 521 2922; x_wconf 86' lang='lat' dir='ltr'><strong>hora.</strong></span> <span class='ocrx_word' id='word_1_165' title='bbox 537 2872 572 2926; x_wconf 73' lang='lat' dir='ltr'><strong>riu</strong></span> <span class='ocrx_word' id='word_1_166' title='bbox 590 2866 672 2924; x_wconf 88' lang='lat' dir='ltr'><strong>manli</strong></span> 
     </span>
     <span class='ocr_line' id='line_1_28' title="bbox 228 2952 671 3031; baseline 0 -21"><span class='ocrx_word' id='word_1_167' title='bbox 228 2973 319 3031; x_wconf 81' lang='lat' dir='ltr'><strong>spera.</strong></span> <span class='ocrx_word' id='word_1_168' title='bbox 336 2952 376 3011; x_wconf 83' lang='lat' dir='ltr'><strong>ll:</strong></span> <span class='ocrx_word' id='word_1_169' title='bbox 395 2959 424 3012; x_wconf 70' lang='grc' dir='ltr'><strong>νὴ</strong></span> <span class='ocrx_word' id='word_1_170' title='bbox 442 2956 542 3014; x_wconf 82' lang='lat' dir='ltr'><strong>munli.</strong></span> <span class='ocrx_word' id='word_1_171' title='bbox 556 2986 589 2998; x_wconf 92' lang='lat'><em>-</em></span> <span class='ocrx_word' id='word_1_172' title='bbox 608 2953 671 3012; x_wconf 82' lang='lat' dir='ltr'><strong>Pll:</strong></span> 
     </span>
     <span class='ocr_line' id='line_1_29' title="bbox 223 3043 400 3114; baseline -0.006 -19"><span class='ocrx_word' id='word_1_173' title='bbox 223 3043 400 3114; x_wconf 82' lang='lat' dir='ltr'><strong>parentium.</strong></span> 
     </span>
    </p>

    <p class='ocr_par' dir='ltr' id='par_1_7' title="bbox 175 3127 672 3199">
     <span class='ocr_line' id='line_1_30' title="bbox 175 3127 672 3199; baseline 0 -16"><span class='ocrx_word' id='word_1_174' title='bbox 175 3129 200 3184; x_wconf 81' lang='lat'><strong>5.</strong></span> <span class='ocrx_word' id='word_1_175' title='bbox 219 3128 267 3182; x_wconf 88' lang='lat' dir='ltr'><strong>illi</strong></span> <span class='ocrx_word' id='word_1_176' title='bbox 276 3127 425 3182; x_wconf 83' lang='lat' dir='ltr'><strong>deuouere</strong></span> <span class='ocrx_word' id='word_1_177' title='bbox 436 3127 569 3199; x_wconf 74' lang='lat' dir='ltr'><strong>corporis</strong></span> <span class='ocrx_word' id='word_1_178' title='bbox 582 3127 672 3183; x_wconf 84' lang='lat' dir='ltr'><strong>uitae-</strong></span> 
     </span>
    </p>
   </div>
   <div class='ocr_carea' id='block_1_7' title="bbox 132 3212 672 3291">
    <p class='ocr_par' dir='ltr' id='par_1_8' title="bbox 132 3212 672 3291">
     <span class='ocr_line' id='line_1_31' title="bbox 132 3212 672 3291; baseline -0.002 -21"><span class='ocrx_word' id='word_1_179' title='bbox 132 3212 139 3220; x_wconf 77' lang='grc'><em>’</em></span> <span class='ocrx_word' id='word_1_180' title='bbox 229 3234 286 3291; x_wconf 81' lang='lat' dir='ltr'><strong>que</strong></span> <span class='ocrx_word' id='word_1_181' title='bbox 303 3232 339 3267; x_wconf 84' lang='lat' dir='ltr'><strong>ee</strong></span> <span class='ocrx_word' id='word_1_182' title='bbox 357 3214 512 3289; x_wconf 81' lang='lat' dir='ltr'><strong>sanguinis</strong></span> <span class='ocrx_word' id='word_1_183' title='bbox 526 3213 608 3288; x_wconf 79' lang='lat' dir='ltr'><strong>qued</strong></span> <span class='ocrx_word' id='word_1_184' title='bbox 624 3234 672 3269; x_wconf 89' lang='lat' dir='ltr'><strong>su·</strong></span> 
     </span>
    </p>
   </div>
   <div class='ocr_carea' id='block_1_8' title="bbox 173 3297 673 4065">
    <p class='ocr_par' dir='ltr' id='par_1_9' title="bbox 224 3297 671 3638">
     <span class='ocr_line' id='line_1_32' title="bbox 224 3297 671 3376; baseline 0 -19"><span class='ocrx_word' id='word_1_185' title='bbox 224 3301 335 3376; x_wconf 78' lang='lat' dir='ltr'><strong>percit:</strong></span> <span class='ocrx_word' id='word_1_186' title='bbox 345 3298 394 3357; x_wconf 88' lang='grc' dir='ltr'><strong>ΡΜ</strong></span> <span class='ocrx_word' id='word_1_187' title='bbox 406 3298 465 3357; x_wconf 87' lang='lat' dir='ltr'><strong>cod.</strong></span> <span class='ocrx_word' id='word_1_188' title='bbox 475 3297 560 3357; x_wconf 89' lang='lat' dir='ltr'><strong>Rben.</strong></span> <span class='ocrx_word' id='word_1_189' title='bbox 572 3299 644 3358; x_wconf 88' lang='lat' dir='ltr'><strong>Harl.</strong></span> <span class='ocrx_word' id='word_1_190' title='bbox 653 3320 671 3357; x_wconf 88' lang='lat' dir='ltr'><strong>r.</strong></span> 
     </span>
     <span class='ocr_line' id='line_1_33' title="bbox 225 3385 671 3448; baseline 0 -4"><span class='ocrx_word' id='word_1_191' title='bbox 225 3385 303 3447; x_wconf 85' lang='lat' dir='ltr'><strong>Leid.</strong></span> <span class='ocrx_word' id='word_1_192' title='bbox 321 3406 339 3446; x_wconf 89' lang='lat' dir='ltr'><strong>r.</strong></span> <span class='ocrx_word' id='word_1_193' title='bbox 358 3417 392 3431; x_wconf 90' lang='lat'>-</span> <span class='ocrx_word' id='word_1_194' title='bbox 414 3385 496 3445; x_wconf 86' lang='lat' dir='ltr'><strong>Recc.</strong></span> <span class='ocrx_word' id='word_1_195' title='bbox 514 3387 606 3448; x_wconf 77' lang='lat' dir='ltr'><strong>codd:</strong></span> <span class='ocrx_word' id='word_1_196' title='bbox 631 3387 671 3445; x_wconf 87' lang='lat' dir='ltr'><strong>illi</strong></span> 
     </span>
     <span class='ocr_line' id='line_1_34' title="bbox 226 3473 671 3535; baseline -0.002 -3"><span class='ocrx_word' id='word_1_197' title='bbox 226 3496 260 3532; x_wconf 78' lang='lat' dir='ltr'><strong>se</strong></span> <span class='ocrx_word' id='word_1_198' title='bbox 288 3475 430 3535; x_wconf 84' lang='lat' dir='ltr'><strong>deuouere.</strong></span> <span class='ocrx_word' id='word_1_199' title='bbox 459 3505 493 3517; x_wconf 90' lang='lat'><strong>-··</strong></span> <span class='ocrx_word' id='word_1_200' title='bbox 520 3473 547 3531; x_wconf 92' lang='grc' dir='ltr'><strong>Μ</strong></span> <span class='ocrx_word' id='word_1_201' title='bbox 570 3495 606 3534; x_wconf 89' lang='lat' dir='ltr'><strong>m.</strong></span> <span class='ocrx_word' id='word_1_202' title='bbox 632 3477 671 3535; x_wconf 80' lang='lat'><strong>3.:</strong></span> 
     </span>
     <span class='ocr_line' id='line_1_35' title="bbox 227 3560 496 3638; baseline 0.004 -22"><span class='ocrx_word' id='word_1_203' title='bbox 227 3560 300 3638; x_wconf 86' lang='lat' dir='ltr'><strong>corp&#39;</strong></span> <span class='ocrx_word' id='word_1_204' title='bbox 318 3563 449 3638; x_wconf 86' lang='lat' dir='ltr'><strong>uitaeque.</strong></span> <span class='ocrx_word' id='word_1_205' title='bbox 493 3599 496 3610; x_wconf 79' lang='lat'><strong>·</strong></span> 
     </span>
    </p>

    <p class='ocr_par' dir='ltr' id='par_1_10' title="bbox 173 3649 673 4065">
     <span class='ocr_line' id='line_1_36' title="bbox 173 3649 671 3710; baseline -0.002 -2"><span class='ocrx_word' id='word_1_206' title='bbox 173 3653 200 3710; x_wconf 87' lang='grc'><strong>9.</strong></span> <span class='ocrx_word' id='word_1_207' title='bbox 226 3669 293 3705; x_wconf 88' lang='lat' dir='ltr'><strong>oum</strong></span> <span class='ocrx_word' id='word_1_208' title='bbox 310 3650 369 3703; x_wconf 83' lang='lat' dir='ltr'><strong>ium</strong></span> <span class='ocrx_word' id='word_1_209' title='bbox 382 3651 468 3706; x_wconf 84' lang='lat' dir='ltr'><strong>unius</strong></span> <span class='ocrx_word' id='word_1_210' title='bbox 480 3649 609 3706; x_wconf 78' lang='lat' dir='ltr'><strong>bominis</strong></span> <span class='ocrx_word' id='word_1_211' title='bbox 627 3670 671 3707; x_wconf 86' lang='lat' dir='ltr'><strong>es·</strong></span> 
     </span>
     <span class='ocr_line' id='line_1_37' title="bbox 225 3733 673 3796; baseline -0.002 -3"><span class='ocrx_word' id='word_1_212' title='bbox 225 3745 286 3793; x_wconf 80' lang='lat' dir='ltr'><strong>set.-</strong></span> <span class='ocrx_word' id='word_1_213' title='bbox 305 3733 364 3791; x_wconf 84' lang='lat' dir='ltr'><strong>PM.</strong></span> <span class='ocrx_word' id='word_1_214' title='bbox 381 3733 411 3790; x_wconf 92' lang='lat' dir='ltr'><strong>ln</strong></span> <span class='ocrx_word' id='word_1_215' title='bbox 429 3734 505 3796; x_wconf 86' lang='lat' dir='ltr'><strong>Leid.</strong></span> <span class='ocrx_word' id='word_1_216' title='bbox 518 3757 536 3792; x_wconf 90' lang='lat'><strong>1.</strong></span> <span class='ocrx_word' id='word_1_217' title='bbox 555 3735 633 3795; x_wconf 85' lang='lat' dir='ltr'><strong>Voss.</strong></span> <span class='ocrx_word' id='word_1_218' title='bbox 645 3757 673 3792; x_wconf 81' lang='lat' dir='ltr'><strong>u.</strong></span> 
     </span>
     <span class='ocr_line' id='line_1_38' title="bbox 227 3820 671 3892; baseline 0.002 -15"><span class='ocrx_word' id='word_1_219' title='bbox 227 3820 261 3880; x_wconf 84' lang='lat' dir='ltr'><strong>al.</strong></span> <span class='ocrx_word' id='word_1_220' title='bbox 281 3821 380 3881; x_wconf 84' lang='lat' dir='ltr'><strong>excidit</strong></span> <span class='ocrx_word' id='word_1_221' title='bbox 392 3823 459 3883; x_wconf 85' lang='lat' dir='ltr'><strong>iam.</strong></span> <span class='ocrx_word' id='word_1_222' title='bbox 473 3855 505 3871; x_wconf 61' lang='grc' dir='ltr'><strong>-ν-</strong></span> <span class='ocrx_word' id='word_1_223' title='bbox 519 3824 562 3883; x_wconf 80' lang='lat' dir='ltr'><strong>cf.</strong></span> <span class='ocrx_word' id='word_1_224' title='bbox 575 3827 600 3892; x_wconf 82' lang='lat'><strong>3,</strong></span> <span class='ocrx_word' id='word_1_225' title='bbox 613 3827 671 3881; x_wconf 68' lang='lat' dir='ltr'><strong>db:</strong></span> 
     </span>
     <span class='ocr_line' id='line_1_39' title="bbox 226 3909 672 3966; baseline -0.002 -1"><span class='ocrx_word' id='word_1_226' title='bbox 226 3909 365 3966; x_wconf 87' lang='lat' dir='ltr'><strong>hominum</strong></span> <span class='ocrx_word' id='word_1_227' title='bbox 387 3929 441 3965; x_wconf 89' lang='lat' dir='ltr'><strong>non</strong></span> <span class='ocrx_word' id='word_1_228' title='bbox 464 3930 603 3966; x_wconf 81' lang='lat' dir='ltr'><strong>causarum</strong></span> <span class='ocrx_word' id='word_1_229' title='bbox 619 3911 672 3965; x_wconf 88' lang='lat' dir='ltr'><strong>toti</strong></span> 
     </span>
     <span class='ocr_line' id='line_1_40' title="bbox 226 3997 672 4065; baseline -0.004 -11"><span class='ocrx_word' id='word_1_230' title='bbox 226 4007 312 4058; x_wconf 87' lang='lat' dir='ltr'><strong>eraut.</strong></span> <span class='ocrx_word' id='word_1_231' title='bbox 330 3998 373 4065; x_wconf 70' lang='lat'><strong>23,</strong></span> <span class='ocrx_word' id='word_1_232' title='bbox 390 4000 445 4057; x_wconf 68' lang='lat' dir='ltr'><strong>lb:</strong></span> <span class='ocrx_word' id='word_1_233' title='bbox 462 4008 571 4053; x_wconf 82' lang='lat' dir='ltr'><strong>senatus</strong></span> <span class='ocrx_word' id='word_1_234' title='bbox 589 4027 625 4041; x_wconf 81' lang='lat'><em>-</em></span> <span class='ocrx_word' id='word_1_235' title='bbox 642 3997 672 4052; x_wconf 91' lang='lat' dir='ltr'><strong>in</strong></span> 
     </span>
    </p>
   </div>
   <div class='ocr_carea' id='block_1_9' title="bbox 227 4080 746 4162">
    <p class='ocr_par' dir='ltr' id='par_1_11' title="bbox 227 4080 746 4162">
     <span class='ocr_line' id='line_1_41' title="bbox 227 4080 746 4162; baseline -0.002 -19"><span class='ocrx_word' id='word_1_236' title='bbox 227 4087 356 4162; x_wconf 79' lang='lat' dir='ltr'><strong>societate</strong></span> <span class='ocrx_word' id='word_1_237' title='bbox 381 4083 502 4143; x_wconf 80' lang='lat' dir='ltr'><strong>Romana</strong></span> <span class='ocrx_word' id='word_1_238' title='bbox 529 4102 590 4141; x_wconf 91' lang='lat' dir='ltr'><strong>cum</strong></span> <span class='ocrx_word' id='word_1_239' title='bbox 616 4080 672 4138; x_wconf 83' lang='lat' dir='ltr'><strong>{ide</strong></span> <span class='ocrx_word' id='word_1_240' title='bbox 744 4138 746 4142; x_wconf 41' lang='lat'><strong>.</strong></span> 
     </span>
    </p>
   </div>
   <div class='ocr_carea' id='block_1_10' title="bbox 810 1822 1260 2244">
    <p class='ocr_par' dir='ltr' id='par_1_12' title="bbox 810 1822 1260 2244">
     <span class='ocr_line' id='line_1_42' title="bbox 812 1822 1257 1880; baseline -0.009 -1"><span class='ocrx_word' id='word_1_241' title='bbox 812 1822 1257 1880; x_wconf 79' lang='lat' dir='ltr'><strong>omnieturbandoconsiliirerr</strong></span> 
     </span>
     <span class='ocr_line' id='line_1_43' title="bbox 813 1905 1260 1968; baseline -0.013 -2"><span class='ocrx_word' id='word_1_242' title='bbox 813 1910 874 1968; x_wconf 89' lang='lat' dir='ltr'><strong>cod.</strong></span> <span class='ocrx_word' id='word_1_243' title='bbox 897 1910 985 1968; x_wconf 88' lang='lat' dir='ltr'><strong>Rbeu.</strong></span> <span class='ocrx_word' id='word_1_244' title='bbox 1008 1908 1036 1965; x_wconf 84' lang='lat' dir='ltr'>M</span> <span class='ocrx_word' id='word_1_245' title='bbox 1064 1928 1100 1963; x_wconf 91' lang='lat' dir='ltr'><strong>m.</strong></span> <span class='ocrx_word' id='word_1_246' title='bbox 1121 1911 1145 1967; x_wconf 90' lang='lat'><strong>1.</strong></span> <span class='ocrx_word' id='word_1_247' title='bbox 1163 1905 1195 1964; x_wconf 91' lang='lat' dir='ltr'><strong>P.</strong></span> <span class='ocrx_word' id='word_1_248' title='bbox 1222 1936 1260 1949; x_wconf 91' lang='lat'><em>-</em></span> 
     </span>
     <span class='ocr_line' id='line_1_44' title="bbox 810 1994 1258 2054; baseline -0.011 0"><span class='ocrx_word' id='word_1_249' title='bbox 810 1997 874 2054; x_wconf 88' lang='lat' dir='ltr'><strong>Non</strong></span> <span class='ocrx_word' id='word_1_250' title='bbox 892 1998 1054 2053; x_wconf 86' lang='lat' dir='ltr'><strong>recentiores</strong></span> <span class='ocrx_word' id='word_1_251' title='bbox 1075 1994 1157 2052; x_wconf 89' lang='lat' dir='ltr'><strong>modo</strong></span> <span class='ocrx_word' id='word_1_252' title='bbox 1176 1995 1258 2050; x_wconf 89' lang='lat' dir='ltr'><strong>inter-</strong></span> 
     </span>
     <span class='ocr_line' id='line_1_45' title="bbox 811 2082 1259 2162; baseline -0.009 -22"><span class='ocrx_word' id='word_1_253' title='bbox 811 2093 902 2162; x_wconf 80' lang='lat' dir='ltr'><strong>pretes</strong></span> <span class='ocrx_word' id='word_1_254' title='bbox 924 2084 973 2140; x_wconf 89' lang='lat' dir='ltr'><strong>sed</strong></span> <span class='ocrx_word' id='word_1_255' title='bbox 998 2085 1077 2138; x_wconf 85' lang='lat' dir='ltr'><strong>etiam</strong></span> <span class='ocrx_word' id='word_1_256' title='bbox 1103 2082 1207 2154; x_wconf 82' lang='lat' dir='ltr'><strong>antiqui</strong></span> <span class='ocrx_word' id='word_1_257' title='bbox 1230 2083 1259 2137; x_wconf 88' lang='lat' dir='ltr'><strong>in</strong></span> 
     </span>
     <span class='ocr_line' id='line_1_46' title="bbox 812 2165 1259 2244; baseline -0.009 -18"><span class='ocrx_word' id='word_1_258' title='bbox 812 2172 865 2226; x_wconf 93' lang='lat' dir='ltr'><strong>boc</strong></span> <span class='ocrx_word' id='word_1_259' title='bbox 883 2170 943 2226; x_wconf 89' lang='lat' dir='ltr'><strong>loco</strong></span> <span class='ocrx_word' id='word_1_260' title='bbox 961 2172 1133 2244; x_wconf 84' lang='lat' dir='ltr'><strong>integerrimo</strong></span> <span class='ocrx_word' id='word_1_261' title='bbox 1155 2165 1259 2243; x_wconf 88' lang='lat' dir='ltr'><strong>aliquid</strong></span> 
     </span>
    </p>
   </div>
   <div class='ocr_carea' id='block_1_11' title="bbox 747 2255 1259 2332">
    <p class='ocr_par' dir='ltr' id='par_1_13' title="bbox 747 2255 1259 2332">
     <span class='ocr_line' id='line_1_47' title="bbox 747 2255 1259 2332; baseline -0.006 -19"><span class='ocrx_word' id='word_1_262' title='bbox 747 2296 753 2304; x_wconf 87' lang='lat'><strong>·</strong></span> <span class='ocrx_word' id='word_1_263' title='bbox 811 2259 872 2313; x_wconf 83' lang='lat' dir='ltr'><strong>vitii</strong></span> <span class='ocrx_word' id='word_1_264' title='bbox 898 2258 950 2313; x_wconf 89' lang='lat' dir='ltr'><strong>sibi</strong></span> <span class='ocrx_word' id='word_1_265' title='bbox 976 2257 1137 2313; x_wconf 85' lang='lat' dir='ltr'><strong>videbantur</strong></span> <span class='ocrx_word' id='word_1_266' title='bbox 1164 2255 1259 2332; x_wconf 85' lang='lat' dir='ltr'><strong>depre-</strong></span> 
     </span>
    </p>
   </div>
   <div class='ocr_carea' id='block_1_12' title="bbox 811 2343 1260 3182">
    <p class='ocr_par' dir='ltr' id='par_1_14' title="bbox 811 2343 1260 3182">
     <span class='ocr_line' id='line_1_48' title="bbox 811 2343 1259 2402; baseline -0.002 -3"><span class='ocrx_word' id='word_1_267' title='bbox 811 2343 947 2402; x_wconf 85' lang='lat' dir='ltr'><strong>hendisse.</strong></span> <span class='ocrx_word' id='word_1_268' title='bbox 964 2347 993 2399; x_wconf 92' lang='lat' dir='ltr'><strong>in</strong></span> <span class='ocrx_word' id='word_1_269' title='bbox 1002 2343 1030 2400; x_wconf 88' lang='grc' dir='ltr'><strong>Μ</strong></span> <span class='ocrx_word' id='word_1_270' title='bbox 1044 2346 1115 2400; x_wconf 88' lang='lat' dir='ltr'><strong>enim</strong></span> <span class='ocrx_word' id='word_1_271' title='bbox 1129 2362 1259 2398; x_wconf 72' lang='lat' dir='ltr'><strong>noceres</strong></span> 
     </span>
     <span class='ocr_line' id='line_1_49' title="bbox 813 2431 1260 2506; baseline -0.009 -19"><span class='ocrx_word' id='word_1_272' title='bbox 813 2431 900 2488; x_wconf 84' lang='lat' dir='ltr'><strong>deleta</strong></span> <span class='ocrx_word' id='word_1_273' title='bbox 935 2451 970 2489; x_wconf 90' lang='lat' dir='ltr'><strong>m.</strong></span> <span class='ocrx_word' id='word_1_274' title='bbox 1000 2433 1029 2492; x_wconf 80' lang='lat'><strong>3.</strong></span> <span class='ocrx_word' id='word_1_275' title='bbox 1056 2431 1193 2506; x_wconf 26' lang='lat' dir='ltr'><strong>scriptum·</strong></span> <span class='ocrx_word' id='word_1_276' title='bbox 1218 2437 1260 2484; x_wconf 84' lang='lat' dir='ltr'><strong>est</strong></span> 
     </span>
     <span class='ocr_line' id='line_1_50' title="bbox 813 2515 1260 2587; baseline -0.004 -14"><span class='ocrx_word' id='word_1_277' title='bbox 813 2518 927 2587; x_wconf 83' lang='lat' dir='ltr'><strong>„addita</strong></span> <span class='ocrx_word' id='word_1_278' title='bbox 945 2516 996 2575; x_wconf 86' lang='lat' dir='ltr'><strong>alia</strong></span> <span class='ocrx_word' id='word_1_279' title='bbox 1012 2519 1207 2579; x_wconf 77' lang='lat' dir='ltr'><strong>commotiones</strong></span> <span class='ocrx_word' id='word_1_280' title='bbox 1225 2515 1260 2571; x_wconf 82' lang='lat' dir='ltr'><strong>ed</strong></span> 
     </span>
     <span class='ocr_line' id='line_1_51' title="bbox 812 2601 1260 2675; baseline -0.009 -14"><span class='ocrx_word' id='word_1_281' title='bbox 812 2626 890 2662; x_wconf 86' lang='lat' dir='ltr'><strong>omes</strong></span> <span class='ocrx_word' id='word_1_282' title='bbox 912 2609 917 2675; x_wconf 92' lang='grc' dir='ltr'>Ι</span> <span class='ocrx_word' id='word_1_283' title='bbox 936 2605 1084 2664; x_wconf 78' lang='lat' dir='ltr'><strong>turbandae</strong></span> <span class='ocrx_word' id='word_1_284' title='bbox 1121 2601 1260 2665; x_wconf 78' lang='lat' dir='ltr'><strong>consilii“.</strong></span> 
     </span>
     <span class='ocr_line' id='line_1_52' title="bbox 814 2689 1259 2765; baseline -0.009 -17"><span class='ocrx_word' id='word_1_285' title='bbox 814 2712 934 2748; x_wconf 87' lang='lat' dir='ltr'><strong>errorem</strong></span> <span class='ocrx_word' id='word_1_286' title='bbox 959 2692 1074 2747; x_wconf 80' lang='lat' dir='ltr'><strong>maxime</strong></span> <span class='ocrx_word' id='word_1_287' title='bbox 1095 2689 1259 2765; x_wconf 77' lang='lat' dir='ltr'><strong>praebuerit,</strong></span> 
     </span>
     <span class='ocr_line' id='line_1_53' title="bbox 813 2778 1259 2856; baseline -0.011 -21"><span class='ocrx_word' id='word_1_288' title='bbox 813 2778 887 2856; x_wconf 86' lang='lat' dir='ltr'><strong>quod</strong></span> <span class='ocrx_word' id='word_1_289' title='bbox 904 2779 998 2835; x_wconf 83' lang='lat' dir='ltr'><strong>Livius</strong></span> <span class='ocrx_word' id='word_1_290' title='bbox 1016 2778 1060 2834; x_wconf 85' lang='lat' dir='ltr'><strong>od</strong></span> <span class='ocrx_word' id='word_1_291' title='bbox 1080 2778 1181 2833; x_wconf 81' lang='lat' dir='ltr'><strong>omnia</strong></span> <span class='ocrx_word' id='word_1_292' title='bbox 1197 2786 1259 2831; x_wconf 79' lang='lat' dir='ltr'><strong>tur·</strong></span> 
     </span>
     <span class='ocr_line' id='line_1_54' title="bbox 813 2864 1260 2923; baseline -0.013 0"><span class='ocrx_word' id='word_1_293' title='bbox 813 2867 914 2922; x_wconf 80' lang='lat' dir='ltr'><strong>bando</strong></span> <span class='ocrx_word' id='word_1_294' title='bbox 940 2865 1029 2923; x_wconf 81' lang='lat' dir='ltr'><strong>verbis</strong></span> <span class='ocrx_word' id='word_1_295' title='bbox 1059 2864 1260 2920; x_wconf 84' lang='lat' dir='ltr'><strong>commotioris</strong></span> 
     </span>
     <span class='ocr_line' id='line_1_55' title="bbox 813 2950 1259 3026; baseline -0.016 -15"><span class='ocrx_word' id='word_1_296' title='bbox 813 2954 932 3015; x_wconf 78' lang='lat' dir='ltr'><strong>consilii</strong></span> <span class='ocrx_word' id='word_1_297' title='bbox 954 2953 1157 3026; x_wconf 81' lang='lat' dir='ltr'><strong>interposuerit,</strong></span> <span class='ocrx_word' id='word_1_298' title='bbox 1181 2950 1259 3026; x_wconf 80' lang='lat' dir='ltr'><strong>qussi</strong></span> 
     </span>
     <span class='ocr_line' id='line_1_56' title="bbox 813 3034 1259 3115; baseline -0.009 -20"><span class='ocrx_word' id='word_1_299' title='bbox 813 3041 1013 3095; x_wconf 84' lang='lat' dir='ltr'><strong>commotioris</strong></span> <span class='ocrx_word' id='word_1_300' title='bbox 1038 3037 1072 3101; x_wconf 89' lang='lat' dir='ltr'><strong>ad</strong></span> <span class='ocrx_word' id='word_1_301' title='bbox 1094 3058 1125 3092; x_wconf 87' lang='lat' dir='ltr'><strong>ea</strong></span> <span class='ocrx_word' id='word_1_302' title='bbox 1149 3034 1259 3115; x_wconf 82' lang='lat' dir='ltr'><strong>potis&#39;si·</strong></span> 
     </span>
     <span class='ocr_line' id='line_1_57' title="bbox 813 3121 1260 3182; baseline -0.011 0"><span class='ocrx_word' id='word_1_303' title='bbox 813 3145 887 3182; x_wconf 82' lang='lat' dir='ltr'><strong>mum</strong></span> <span class='ocrx_word' id='word_1_304' title='bbox 908 3124 1077 3181; x_wconf 82' lang='lat' dir='ltr'><strong>referendum</strong></span> <span class='ocrx_word' id='word_1_305' title='bbox 1102 3132 1180 3181; x_wconf 87' lang='lat' dir='ltr'><strong>esset.</strong></span> <span class='ocrx_word' id='word_1_306' title='bbox 1210 3121 1260 3182; x_wconf 82' lang='lat' dir='ltr'><strong>sed</strong></span> 
     </span>
    </p>
   </div>
   <div class='ocr_carea' id='block_1_13' title="bbox 792 3211 1259 3274">
    <p class='ocr_par' dir='ltr' id='par_1_15' title="bbox 792 3211 1259 3274">
     <span class='ocr_line' id='line_1_58' title="bbox 792 3211 1259 3274; baseline -0.006 -5"><span class='ocrx_word' id='word_1_307' title='bbox 792 3253 795 3256; x_wconf 27' lang='grc' dir='ltr'><em>ι</em></span> <span class='ocrx_word' id='word_1_308' title='bbox 813 3213 906 3269; x_wconf 85' lang='lat' dir='ltr'><strong>eadem</strong></span> <span class='ocrx_word' id='word_1_309' title='bbox 918 3211 1045 3274; x_wconf 84' lang='lat' dir='ltr'><strong>liberiore</strong></span> <span class='ocrx_word' id='word_1_310' title='bbox 1057 3211 1138 3269; x_wconf 87' lang='lat' dir='ltr'><strong>verba</strong></span> <span class='ocrx_word' id='word_1_311' title='bbox 1149 3212 1259 3267; x_wconf 81' lang='lat' dir='ltr'><strong>coniun-</strong></span> 
     </span>
    </p>
   </div>
   <div class='ocr_carea' id='block_1_14' title="bbox 811 3296 1261 4141">
    <p class='ocr_par' dir='ltr' id='par_1_16' title="bbox 811 3296 1261 4141">
     <span class='ocr_line' id='line_1_59' title="bbox 813 3296 1260 3375; baseline -0.007 -20"><span class='ocrx_word' id='word_1_312' title='bbox 813 3299 893 3374; x_wconf 82' lang='lat' dir='ltr'><strong>gendi</strong></span> <span class='ocrx_word' id='word_1_313' title='bbox 907 3301 1015 3355; x_wconf 84' lang='lat' dir='ltr'><strong>&#39;ratione</strong></span> <span class='ocrx_word' id='word_1_314' title='bbox 1036 3297 1169 3373; x_wconf 87' lang='lat' dir='ltr'><strong>permulta</strong></span> <span class='ocrx_word' id='word_1_315' title='bbox 1188 3296 1260 3375; x_wconf 87' lang='lat' dir='ltr'><strong>apud</strong></span> 
     </span>
     <span class='ocr_line' id='line_1_60' title="bbox 812 3385 1260 3461; baseline -0.013 -17"><span class='ocrx_word' id='word_1_316' title='bbox 812 3387 921 3444; x_wconf 87' lang='lat' dir='ltr'><strong>Livium</strong></span> <span class='ocrx_word' id='word_1_317' title='bbox 934 3388 1034 3460; x_wconf 89' lang='lat' dir='ltr'><strong>scripta</strong></span> <span class='ocrx_word' id='word_1_318' title='bbox 1043 3385 1176 3460; x_wconf 85' lang='lat' dir='ltr'><strong>leguntur,</strong></span> <span class='ocrx_word' id='word_1_319' title='bbox 1190 3403 1260 3461; x_wconf 79' lang='lat' dir='ltr'><strong>quas</strong></span> 
     </span>
     <span class='ocr_line' id='line_1_61' title="bbox 812 3472 1259 3551; baseline -0.009 -20"><span class='ocrx_word' id='word_1_320' title='bbox 812 3493 869 3532; x_wconf 86' lang='lat' dir='ltr'><strong>non</strong></span> <span class='ocrx_word' id='word_1_321' title='bbox 887 3476 970 3548; x_wconf 84' lang='lat' dir='ltr'><strong>magis</strong></span> <span class='ocrx_word' id='word_1_322' title='bbox 989 3472 1025 3528; x_wconf 89' lang='lat' dir='ltr'><strong>ad</strong></span> <span class='ocrx_word' id='word_1_323' title='bbox 1046 3475 1168 3551; x_wconf 85' lang='lat' dir='ltr'><strong>proxime</strong></span> <span class='ocrx_word' id='word_1_324' title='bbox 1186 3480 1259 3527; x_wconf 81' lang='lat' dir='ltr'><strong>ente·</strong></span> 
     </span>
     <span class='ocr_line' id='line_1_62' title="bbox 814 3559 1261 3635; baseline -0.007 -17"><span class='ocrx_word' id='word_1_325' title='bbox 814 3561 912 3618; x_wconf 88' lang='lat' dir='ltr'><strong>cedens</strong></span> <span class='ocrx_word' id='word_1_326' title='bbox 937 3559 980 3617; x_wconf 88' lang='lat' dir='ltr'><strong>vel</strong></span> <span class='ocrx_word' id='word_1_327' title='bbox 1007 3579 1122 3635; x_wconf 87' lang='lat' dir='ltr'><strong>sequens</strong></span> <span class='ocrx_word' id='word_1_328' title='bbox 1147 3559 1261 3617; x_wconf 85' lang='lat' dir='ltr'><strong>verbum</strong></span> 
     </span>
     <span class='ocr_line' id='line_1_63' title="bbox 812 3648 1259 3725; baseline -0.002 -24"><span class='ocrx_word' id='word_1_329' title='bbox 812 3649 977 3722; x_wconf 85' lang='lat' dir='ltr'><strong>pertinerent</strong></span> <span class='ocrx_word' id='word_1_330' title='bbox 995 3667 1075 3725; x_wconf 88' lang='lat' dir='ltr'><strong>quam</strong></span> <span class='ocrx_word' id='word_1_331' title='bbox 1097 3648 1131 3702; x_wconf 89' lang='lat' dir='ltr'><strong>ad</strong></span> <span class='ocrx_word' id='word_1_332' title='bbox 1151 3648 1259 3703; x_wconf 86' lang='lat' dir='ltr'><strong>univcr-</strong></span> 
     </span>
     <span class='ocr_line' id='line_1_64' title="bbox 812 3736 1261 3792; baseline -0.004 -2"><span class='ocrx_word' id='word_1_333' title='bbox 812 3754 869 3790; x_wconf 90' lang='lat' dir='ltr'><strong>sam</strong></span> <span class='ocrx_word' id='word_1_334' title='bbox 899 3738 1066 3792; x_wconf 83' lang='lat' dir='ltr'><strong>senteutiam.</strong></span> <span class='ocrx_word' id='word_1_335' title='bbox 1106 3738 1157 3790; x_wconf 75' lang='lat' dir='ltr'><strong>sic.</strong></span> <span class='ocrx_word' id='word_1_336' title='bbox 1178 3736 1261 3788; x_wconf 87' lang='lat' dir='ltr'><strong>etiam</strong></span> 
     </span>
     <span class='ocr_line' id='line_1_65' title="bbox 812 3820 1261 3883; baseline -0.009 -5"><span class='ocrx_word' id='word_1_337' title='bbox 812 3821 866 3878; x_wconf 87' lang='lat' dir='ltr'><strong>boc</strong></span> <span class='ocrx_word' id='word_1_338' title='bbox 878 3821 940 3879; x_wconf 89' lang='lat' dir='ltr'><strong>loco</strong></span> <span class='ocrx_word' id='word_1_339' title='bbox 948 3824 992 3879; x_wconf 83' lang='lat' dir='ltr'><strong>ad</strong></span> <span class='ocrx_word' id='word_1_340' title='bbox 1002 3823 1100 3883; x_wconf 77' lang='lat' dir='ltr'><strong>onznia</strong></span> <span class='ocrx_word' id='word_1_341' title='bbox 1109 3820 1261 3881; x_wconf 78' lang='lat' dir='ltr'><strong>turbando</strong></span> 
     </span>
     <span class='ocr_line' id='line_1_66' title="bbox 811 3906 1260 3983; baseline -0.009 -18"><span class='ocrx_word' id='word_1_342' title='bbox 811 3909 886 3968; x_wconf 79' lang='lat' dir='ltr'><strong>idem</strong></span> <span class='ocrx_word' id='word_1_343' title='bbox 903 3909 1036 3982; x_wconf 82' lang='lat' dir='ltr'><strong>significat</strong></span> <span class='ocrx_word' id='word_1_344' title='bbox 1054 3907 1127 3983; x_wconf 89' lang='lat' dir='ltr'><strong>quod</strong></span> <span class='ocrx_word' id='word_1_345' title='bbox 1145 3906 1260 3974; x_wconf 82' lang='lat' dir='ltr'><strong>„addita</strong></span> 
     </span>
     <span class='ocr_line' id='line_1_67' title="bbox 812 3994 1260 4070; baseline -0.002 -19"><span class='ocrx_word' id='word_1_346' title='bbox 812 3994 863 4052; x_wconf 76' lang='lat' dir='ltr'><strong>ulia</strong></span> <span class='ocrx_word' id='word_1_347' title='bbox 883 4015 925 4050; x_wconf 88' lang='lat' dir='ltr'><strong>res</strong></span> <span class='ocrx_word' id='word_1_348' title='bbox 944 4014 996 4070; x_wconf 86' lang='lat' dir='ltr'><strong>qua</strong></span> <span class='ocrx_word' id='word_1_349' title='bbox 1015 3997 1136 4053; x_wconf 89' lang='lat' dir='ltr'><strong>omnium</strong></span> <span class='ocrx_word' id='word_1_350' title='bbox 1154 3996 1260 4050; x_wconf 88' lang='lat' dir='ltr'><strong>animos</strong></span> 
     </span>
     <span class='ocr_line' id='line_1_68' title="bbox 812 4082 1260 4141; baseline 0.007 -5"><span class='ocrx_word' id='word_1_351' title='bbox 812 4082 915 4139; x_wconf 84' lang='lat' dir='ltr'><strong>turbari</strong></span> <span class='ocrx_word' id='word_1_352' title='bbox 937 4098 1047 4136; x_wconf 83' lang='lat' dir='ltr'><strong>necesse</strong></span> <span class='ocrx_word' id='word_1_353' title='bbox 1064 4087 1153 4141; x_wconf 84' lang='lat' dir='ltr'><strong>crat“.</strong></span> <span class='ocrx_word' id='word_1_354' title='bbox 1182 4101 1260 4138; x_wconf 86' lang='lat' dir='ltr'><strong>com·</strong></span> 
     </span>
    </p>
   </div>
   <div class='ocr_carea' id='block_1_15' title="bbox 0 0 1320 4590">
    <p class='ocr_par' dir='ltr' id='par_1_17' title="bbox 0 0 1320 4590">
     <span class='ocr_line' id='line_1_69' title="bbox 0 0 1320 4590; baseline 0 0"><span class='ocrx_word' id='word_1_355' title='bbox 0 0 1320 4590; x_wconf 95' lang='lat' dir='ltr'><strong> </strong></span> 
     </span>
    </p>
   </div>
  </div>
 </body>
</html>
