<?xml version="1.0" encoding="UTF-8"?>
<!DOCTYPE html PUBLIC "-//W3C//DTD XHTML 1.0 Transitional//EN"
    "http://www.w3.org/TR/xhtml1/DTD/xhtml1-transitional.dtd">
<html xmlns="http://www.w3.org/1999/xhtml" xml:lang="en" lang="en">
 <head>
  <title>
</title>
<meta http-equiv="Content-Type" content="text/html;charset=utf-8" />
  <meta name='ocr-system' content='tesseract 3.04.00' />
  <meta name='ocr-capabilities' content='ocr_page ocr_carea ocr_par ocr_line ocrx_word'/>
</head>
<body>
  <div class='ocr_page' id='page_1' title='image "./titilivirerumro01alscgoog_0126.png"; bbox 0 0 2618 4590; ppageno 0'>
   <div class='ocr_carea' id='block_1_1' title="bbox 474 262 1213 346">
    <p class='ocr_par' dir='ltr' id='par_1_1' title="bbox 474 262 1213 346">
     <span class='ocr_line' id='line_1_1' title="bbox 474 262 1213 346; baseline -0.008 -1"><span class='ocrx_word' id='word_1_1' title='bbox 474 288 478 297; x_wconf 88' lang='lat'>·</span> <span class='ocrx_word' id='word_1_2' title='bbox 526 285 634 345; x_wconf 80' lang='lat' dir='ltr'><strong>araas</strong></span> <span class='ocrx_word' id='word_1_3' title='bbox 650 286 696 346; x_wconf 87' lang='lat' dir='ltr'><strong>vr.</strong></span> <span class='ocrx_word' id='word_1_4' title='bbox 1096 271 1161 340; x_wconf 74' lang='lat'><strong>109</strong></span> <span class='ocrx_word' id='word_1_5' title='bbox 1206 262 1213 278; x_wconf 80' lang='grc'><strong>“</strong></span> 
     </span>
    </p>
   </div>
   <div class='ocr_carea' id='block_1_2' title="bbox 46 445 1210 1899">
    <p class='ocr_par' dir='ltr' id='par_1_2' title="bbox 60 445 1161 643">
     <span class='ocr_line' id='line_1_2' title="bbox 61 445 1161 538; baseline 0 -22"><span class='ocrx_word' id='word_1_6' title='bbox 61 450 130 518; x_wconf 86' lang='lat' dir='ltr'><strong>silia</strong></span> <span class='ocrx_word' id='word_1_7' title='bbox 144 450 223 520; x_wconf 89' lang='lat' dir='ltr'><strong>inire</strong></span> <span class='ocrx_word' id='word_1_8' title='bbox 246 473 321 518; x_wconf 90' lang='lat' dir='ltr'><strong>eum</strong></span> <span class='ocrx_word' id='word_1_9' title='bbox 335 471 454 538; x_wconf 84' lang='lat' dir='ltr'><strong>genero</strong></span> <span class='ocrx_word' id='word_1_10' title='bbox 476 448 582 537; x_wconf 81' lang='lat' dir='ltr'><strong>coepit</strong></span> <span class='ocrx_word' id='word_1_11' title='bbox 602 445 742 514; x_wconf 79' lang='lat' dir='ltr'><strong>adlaibito</strong></span> <span class='ocrx_word' id='word_1_12' title='bbox 757 445 793 514; x_wconf 86' lang='lat' dir='ltr'><strong>b.</strong></span> <span class='ocrx_word' id='word_1_13' title='bbox 811 445 922 521; x_wconf 74' lang='lat' dir='ltr'><strong>Sextio</strong></span> <span class='ocrx_word' id='word_1_14' title='bbox 939 459 1068 518; x_wconf 88' lang='lat' dir='ltr'><strong>strenuo</strong></span> <span class='ocrx_word' id='word_1_15' title='bbox 1084 450 1161 517; x_wconf 87' lang='lat' dir='ltr'><strong>adu·</strong></span> 
     </span>
     <span class='ocr_line' id='line_1_3' title="bbox 60 551 1136 643; baseline -0.002 -20"><span class='ocrx_word' id='word_1_16' title='bbox 60 554 202 623; x_wconf 85' lang='lat' dir='ltr'><strong>lescente</strong></span> <span class='ocrx_word' id='word_1_17' title='bbox 226 567 259 621; x_wconf 82' lang='lat' dir='ltr'><strong>et</strong></span> <span class='ocrx_word' id='word_1_18' title='bbox 280 554 370 628; x_wconf 88' lang='lat' dir='ltr'><strong>cuius</strong></span> <span class='ocrx_word' id='word_1_19' title='bbox 391 553 461 643; x_wconf 89' lang='lat' dir='ltr'><strong>spei</strong></span> <span class='ocrx_word' id='word_1_20' title='bbox 473 551 550 618; x_wconf 90' lang='lat' dir='ltr'><strong>nibil</strong></span> <span class='ocrx_word' id='word_1_21' title='bbox 565 562 690 642; x_wconf 79' lang='lat' dir='ltr'><strong>praeter</strong></span> <span class='ocrx_word' id='word_1_22' title='bbox 704 573 804 641; x_wconf 80' lang='lat' dir='ltr'><strong>genus</strong></span> <span class='ocrx_word' id='word_1_23' title='bbox 818 551 985 641; x_wconf 86' lang='lat' dir='ltr'><strong>patricium</strong></span> <span class='ocrx_word' id='word_1_24' title='bbox 1000 555 1136 623; x_wconf 75' lang='lat' dir='ltr'><strong>deesset.</strong></span> 
     </span>
    </p>

    <p class='ocr_par' dir='ltr' id='par_1_3' title="bbox 46 649 1210 1899">
     <span class='ocr_line' id='line_1_4' title="bbox 149 649 1160 748; baseline -0.002 -21"><span class='ocrx_word' id='word_1_25' title='bbox 149 659 289 727; x_wconf 84' lang='lat' dir='ltr'><strong>XXXV.</strong></span> <span class='ocrx_word' id='word_1_26' title='bbox 333 657 468 725; x_wconf 85' lang='lat' dir='ltr'>Occasio</span> <span class='ocrx_word' id='word_1_27' title='bbox 490 655 657 724; x_wconf 85' lang='lat' dir='ltr'><strong>videbatur</strong></span> <span class='ocrx_word' id='word_1_28' title='bbox 676 679 783 722; x_wconf 89' lang='lat' dir='ltr'><strong>rerum</strong></span> <span class='ocrx_word' id='word_1_29' title='bbox 797 649 1016 724; x_wconf 77' lang='lat' dir='ltr'><strong>novandarum</strong></span> <span class='ocrx_word' id='word_1_30' title='bbox 1029 670 1160 748; x_wconf 86' lang='lat' dir='ltr'><strong>propter</strong></span> 
     </span>
     <span class='ocr_line' id='line_1_5' title="bbox 62 759 1162 853; baseline 0 -23"><span class='ocrx_word' id='word_1_31' title='bbox 62 764 228 853; x_wconf 81' lang='lat' dir='ltr'><strong>ingentem</strong></span> <span class='ocrx_word' id='word_1_32' title='bbox 250 763 315 829; x_wconf 87' lang='lat' dir='ltr'><strong>vim</strong></span> <span class='ocrx_word' id='word_1_33' title='bbox 337 761 417 830; x_wconf 86' lang='lat' dir='ltr'><strong>aeris</strong></span> <span class='ocrx_word' id='word_1_34' title='bbox 439 760 546 844; x_wconf 87' lang='lat' dir='ltr'><strong>alieni,</strong></span> <span class='ocrx_word' id='word_1_35' title='bbox 575 760 665 827; x_wconf 87' lang='lat' dir='ltr'><strong>cuius</strong></span> <span class='ocrx_word' id='word_1_36' title='bbox 692 759 840 827; x_wconf 76' lang='lat' dir='ltr'><strong>levamen</strong></span> <span class='ocrx_word' id='word_1_37' title='bbox 868 761 947 827; x_wconf 86' lang='lat' dir='ltr'><strong>mali</strong></span> <span class='ocrx_word' id='word_1_38' title='bbox 971 760 1082 852; x_wconf 89' lang='lat' dir='ltr'><strong>plebes</strong></span> <span class='ocrx_word' id='word_1_39' title='bbox 1102 763 1162 830; x_wconf 90' lang='lat' dir='ltr'><strong>nisi</strong></span> 
     </span>
     <span class='ocr_line' id='line_1_6' title="bbox 61 864 1196 956; baseline 0 -23"><span class='ocrx_word' id='word_1_40' title='bbox 61 867 131 933; x_wconf 88' lang='lat' dir='ltr'><strong>suis</strong></span> <span class='ocrx_word' id='word_1_41' title='bbox 153 868 186 934; x_wconf 90' lang='lat' dir='ltr'><strong>in</strong></span> <span class='ocrx_word' id='word_1_42' title='bbox 208 891 334 935; x_wconf 85' lang='lat' dir='ltr'><strong>summo</strong></span> <span class='ocrx_word' id='word_1_43' title='bbox 358 865 492 956; x_wconf 91' lang='lat' dir='ltr'><strong>imperio</strong></span> <span class='ocrx_word' id='word_1_44' title='bbox 521 865 633 933; x_wconf 86' lang='lat' dir='ltr'><strong>locatis</strong></span> <span class='ocrx_word' id='word_1_45' title='bbox 660 864 786 931; x_wconf 91' lang='lat' dir='ltr'><strong>nullum</strong></span> <span class='ocrx_word' id='word_1_46' title='bbox 813 876 964 955; x_wconf 82' lang='lat' dir='ltr'><strong>speraret.</strong></span> <span class='ocrx_word' id='word_1_47' title='bbox 1001 866 1196 956; x_wconf 80' lang='lat' dir='ltr'><strong>accingar-5</strong></span> 
     </span>
     <span class='ocr_line' id='line_1_7' title="bbox 60 962 1162 1061; baseline 0.002 -25"><span class='ocrx_word' id='word_1_48' title='bbox 60 973 141 1038; x_wconf 86' lang='lat' dir='ltr'><strong>dum</strong></span> <span class='ocrx_word' id='word_1_49' title='bbox 163 974 203 1039; x_wconf 86' lang='lat' dir='ltr'><strong>ad</strong></span> <span class='ocrx_word' id='word_1_50' title='bbox 225 996 296 1039; x_wconf 89' lang='lat' dir='ltr'><strong>eam</strong></span> <span class='ocrx_word' id='word_1_51' title='bbox 318 962 551 1061; x_wconf 45' lang='lat' dir='ltr'><strong>cogitationem*</strong></span> <span class='ocrx_word' id='word_1_52' title='bbox 564 993 651 1036; x_wconf 83' lang='lat' dir='ltr'><strong>esse:</strong></span> <span class='ocrx_word' id='word_1_53' title='bbox 674 968 820 1037; x_wconf 88' lang='lat' dir='ltr'><strong>conando</strong></span> <span class='ocrx_word' id='word_1_54' title='bbox 837 970 1026 1061; x_wconf 79' lang='lat' dir='ltr'><strong>agendoque</strong></span> <span class='ocrx_word' id='word_1_55' title='bbox 1040 970 1105 1037; x_wconf 90' lang='lat' dir='ltr'><strong>iam</strong></span> <span class='ocrx_word' id='word_1_56' title='bbox 1121 994 1162 1038; x_wconf 90' lang='lat' dir='ltr'><strong>eo</strong></span> 
     </span>
     <span class='ocr_line' id='line_1_8' title="bbox 58 1074 1162 1167; baseline 0.001 -26"><span class='ocrx_word' id='word_1_57' title='bbox 58 1077 193 1165; x_wconf 77' lang='lat' dir='ltr'><strong>gradum</strong></span> <span class='ocrx_word' id='word_1_58' title='bbox 214 1075 327 1145; x_wconf 85' lang='lat' dir='ltr'><strong>fecisse</strong></span> <span class='ocrx_word' id='word_1_59' title='bbox 350 1075 509 1166; x_wconf 77' lang='lat' dir='ltr'><strong>plebeios,</strong></span> <span class='ocrx_word' id='word_1_60' title='bbox 529 1075 630 1159; x_wconf 88' lang='lat' dir='ltr'><strong>unde,</strong></span> <span class='ocrx_word' id='word_1_61' title='bbox 657 1074 685 1142; x_wconf 92' lang='lat' dir='ltr'><strong>si</strong></span> <span class='ocrx_word' id='word_1_62' title='bbox 706 1097 803 1166; x_wconf 93' lang='lat' dir='ltr'><strong>porro</strong></span> <span class='ocrx_word' id='word_1_63' title='bbox 826 1075 1019 1160; x_wconf 79' lang='lat' dir='ltr'><strong>adnitantur,</strong></span> <span class='ocrx_word' id='word_1_64' title='bbox 1051 1084 1162 1167; x_wconf 69' lang='lat' dir='ltr'><strong>perve</strong></span> 
     </span>
     <span class='ocr_line' id='line_1_9' title="bbox 60 1179 1162 1271; baseline -0.004 -23"><span class='ocrx_word' id='word_1_65' title='bbox 60 1181 129 1249; x_wconf 86' lang='lat' dir='ltr'><strong>nire</strong></span> <span class='ocrx_word' id='word_1_66' title='bbox 151 1181 192 1269; x_wconf 78' lang='lat' dir='ltr'><strong>ad</strong></span> <span class='ocrx_word' id='word_1_67' title='bbox 214 1204 340 1247; x_wconf 90' lang='lat' dir='ltr'><strong>summa</strong></span> <span class='ocrx_word' id='word_1_68' title='bbox 363 1190 397 1246; x_wconf 90' lang='lat' dir='ltr'><strong>et</strong></span> <span class='ocrx_word' id='word_1_69' title='bbox 416 1180 558 1271; x_wconf 86' lang='lat' dir='ltr'><strong>patribus</strong></span> <span class='ocrx_word' id='word_1_70' title='bbox 581 1181 709 1271; x_wconf 90' lang='lat' dir='ltr'><strong>aequari</strong></span> <span class='ocrx_word' id='word_1_71' title='bbox 736 1191 804 1247; x_wconf 86' lang='lat' dir='ltr'><strong>tam</strong></span> <span class='ocrx_word' id='word_1_72' title='bbox 831 1180 955 1248; x_wconf 84' lang='lat' dir='ltr'><strong>honore</strong></span> <span class='ocrx_word' id='word_1_73' title='bbox 983 1205 1082 1271; x_wconf 86' lang='lat' dir='ltr'><strong>quam</strong></span> <span class='ocrx_word' id='word_1_74' title='bbox 1101 1179 1162 1248; x_wconf 83' lang='lat' dir='ltr'><strong>vir-</strong></span> 
     </span>
     <span class='ocr_line' id='line_1_10' title="bbox 61 1284 1161 1381; baseline 0.003 -31"><span class='ocrx_word' id='word_1_75' title='bbox 61 1295 129 1352; x_wconf 88' lang='lat' dir='ltr'><strong>tute</strong></span> <span class='ocrx_word' id='word_1_76' title='bbox 152 1295 293 1374; x_wconf 83' lang='lat' dir='ltr'><strong>possent.</strong></span> <span class='ocrx_word' id='word_1_77' title='bbox 330 1285 363 1351; x_wconf 92' lang='lat' dir='ltr'><strong>in</strong></span> <span class='ocrx_word' id='word_1_78' title='bbox 384 1285 563 1373; x_wconf 82' lang='lat' dir='ltr'><strong>praesentia</strong></span> <span class='ocrx_word' id='word_1_79' title='bbox 577 1285 721 1352; x_wconf 87' lang='lat' dir='ltr'><strong>tribunos</strong></span> <span class='ocrx_word' id='word_1_80' title='bbox 742 1286 847 1381; x_wconf 86' lang='lat' dir='ltr'><strong>plebis</strong></span> <span class='ocrx_word' id='word_1_81' title='bbox 860 1286 929 1352; x_wconf 83' lang='lat' dir='ltr'><strong>fieri</strong></span> <span class='ocrx_word' id='word_1_82' title='bbox 943 1284 1072 1375; x_wconf 74' lang='lat' dir='ltr'><strong>placuit,</strong></span> <span class='ocrx_word' id='word_1_83' title='bbox 1094 1307 1161 1376; x_wconf 86' lang='lat' dir='ltr'><strong>quo</strong></span> 
     </span>
     <span class='ocr_line' id='line_1_11' title="bbox 60 1387 1210 1481; baseline 0 -26"><span class='ocrx_word' id='word_1_84' title='bbox 60 1387 93 1455; x_wconf 85' lang='lat' dir='ltr'><strong>in</strong></span> <span class='ocrx_word' id='word_1_85' title='bbox 114 1390 301 1480; x_wconf 83' lang='lat' dir='ltr'><strong>magistratu</strong></span> <span class='ocrx_word' id='word_1_86' title='bbox 322 1388 449 1457; x_wconf 89' lang='lat' dir='ltr'><strong>sibimet</strong></span> <span class='ocrx_word' id='word_1_87' title='bbox 474 1391 535 1481; x_wconf 88' lang='lat' dir='ltr'><strong>ipsi</strong></span> <span class='ocrx_word' id='word_1_88' title='bbox 560 1390 646 1457; x_wconf 84' lang='lat' dir='ltr'><strong>viam</strong></span> <span class='ocrx_word' id='word_1_89' title='bbox 674 1390 715 1456; x_wconf 86' lang='lat' dir='ltr'><strong>ad</strong></span> <span class='ocrx_word' id='word_1_90' title='bbox 742 1403 866 1459; x_wconf 86' lang='lat' dir='ltr'><strong>eeteros</strong></span> <span class='ocrx_word' id='word_1_91' title='bbox 894 1389 1034 1457; x_wconf 86' lang='lat' dir='ltr'><strong>honores</strong></span> <span class='ocrx_word' id='word_1_92' title='bbox 1062 1388 1210 1480; x_wconf 86' lang='lat' dir='ltr'><strong>aperi-10</strong></span> 
     </span>
     <span class='ocr_line' id='line_1_12' title="bbox 59 1493 1181 1584; baseline -0.005 -23"><span class='ocrx_word' id='word_1_93' title='bbox 59 1504 146 1561; x_wconf 81' lang='lat' dir='ltr'><strong>rent:</strong></span> <span class='ocrx_word' id='word_1_94' title='bbox 164 1494 337 1584; x_wconf 75' lang='lat' dir='ltr'><strong>oreatique</strong></span> <span class='ocrx_word' id='word_1_95' title='bbox 359 1494 476 1561; x_wconf 86' lang='lat' dir='ltr'><strong>tribuni</strong></span> <span class='ocrx_word' id='word_1_96' title='bbox 498 1493 536 1562; x_wconf 87' lang='lat' dir='ltr'><strong>C.</strong></span> <span class='ocrx_word' id='word_1_97' title='bbox 557 1495 695 1563; x_wconf 86' lang='lat' dir='ltr'><strong>Licinius</strong></span> <span class='ocrx_word' id='word_1_98' title='bbox 718 1507 751 1564; x_wconf 90' lang='lat' dir='ltr'><strong>et</strong></span> <span class='ocrx_word' id='word_1_99' title='bbox 772 1495 810 1562; x_wconf 86' lang='lat' dir='ltr'><strong>L.</strong></span> <span class='ocrx_word' id='word_1_100' title='bbox 831 1494 960 1562; x_wconf 85' lang='lat' dir='ltr'><strong>Sextius</strong></span> <span class='ocrx_word' id='word_1_101' title='bbox 981 1493 1181 1584; x_wconf 66' lang='lat' dir='ltr'><strong>promulgo.</strong></span> 
     </span>
     <span class='ocr_line' id='line_1_13' title="bbox 59 1597 1161 1690; baseline 0.001 -25"><span class='ocrx_word' id='word_1_102' title='bbox 59 1620 134 1665; x_wconf 85' lang='lat' dir='ltr'><strong>vere</strong></span> <span class='ocrx_word' id='word_1_103' title='bbox 156 1597 380 1688; x_wconf 77' lang='lat' dir='ltr'><strong>leges&#39;omnes</strong></span> <span class='ocrx_word' id='word_1_104' title='bbox 403 1599 555 1668; x_wconf 86' lang='lat' dir='ltr'><strong>adversus</strong></span> <span class='ocrx_word' id='word_1_105' title='bbox 570 1623 649 1690; x_wconf 91' lang='lat' dir='ltr'><strong>opes</strong></span> <span class='ocrx_word' id='word_1_106' title='bbox 671 1599 875 1689; x_wconf 87' lang='lat' dir='ltr'><strong>patriciorum</strong></span> <span class='ocrx_word' id='word_1_107' title='bbox 897 1609 930 1664; x_wconf 88' lang='lat' dir='ltr'><strong>et</strong></span> <span class='ocrx_word' id='word_1_108' title='bbox 944 1623 1003 1688; x_wconf 89' lang='lat' dir='ltr'><strong>pro</strong></span> <span class='ocrx_word' id='word_1_109' title='bbox 1020 1623 1161 1667; x_wconf 91' lang='lat' dir='ltr'><strong>commo-</strong></span> 
     </span>
     <span class='ocr_line' id='line_1_14' title="bbox 60 1701 1161 1793; baseline 0 -25"><span class='ocrx_word' id='word_1_110' title='bbox 60 1701 113 1783; x_wconf 61' lang='grc' dir='ltr'><strong>εἴη</strong></span> <span class='ocrx_word' id='word_1_111' title='bbox 129 1702 249 1793; x_wconf 82' lang='lat' dir='ltr'><strong>piebis,</strong></span> <span class='ocrx_word' id='word_1_112' title='bbox 282 1726 381 1768; x_wconf 88' lang='lat' dir='ltr'><strong>unam</strong></span> <span class='ocrx_word' id='word_1_113' title='bbox 409 1703 448 1769; x_wconf 89' lang='lat' dir='ltr'><strong>de</strong></span> <span class='ocrx_word' id='word_1_114' title='bbox 471 1728 543 1770; x_wconf 89' lang='lat' dir='ltr'><strong>aere</strong></span> <span class='ocrx_word' id='word_1_115' title='bbox 572 1704 675 1770; x_wconf 86' lang='lat' dir='ltr'><strong>alieno</strong></span> <span class='ocrx_word' id='word_1_116' title='bbox 704 1715 741 1770; x_wconf 87' lang='lat' dir='ltr'><strong>ut</strong></span> <span class='ocrx_word' id='word_1_117' title='bbox 768 1704 904 1770; x_wconf 84' lang='lat' dir='ltr'><strong>deducto</strong></span> <span class='ocrx_word' id='word_1_118' title='bbox 928 1726 967 1769; x_wconf 87' lang='lat' dir='ltr'><strong>eo</strong></span> <span class='ocrx_word' id='word_1_119' title='bbox 996 1702 1161 1792; x_wconf 83' lang='lat' dir='ltr'><strong>decapite</strong></span> 
     </span>
     <span class='ocr_line' id='line_1_15' title="bbox 46 1802 1161 1899; baseline -0.003 -26"><span class='ocrx_word' id='word_1_120' title='bbox 46 1802 149 1895; x_wconf 75' lang='lat' dir='ltr'><strong>quod</strong></span> <span class='ocrx_word' id='word_1_121' title='bbox 169 1806 273 1872; x_wconf 89' lang='lat' dir='ltr'><strong>usuris</strong></span> <span class='ocrx_word' id='word_1_122' title='bbox 294 1817 555 1896; x_wconf 82' lang='lat' dir='ltr'><strong>pernumeratum</strong></span> <span class='ocrx_word' id='word_1_123' title='bbox 577 1819 677 1894; x_wconf 83' lang='lat' dir='ltr'><strong>esset,</strong></span> <span class='ocrx_word' id='word_1_124' title='bbox 702 1808 735 1875; x_wconf 89' lang='lat' dir='ltr'><strong>id</strong></span> <span class='ocrx_word' id='word_1_125' title='bbox 758 1808 845 1899; x_wconf 93' lang='lat' dir='ltr'><strong>quod</strong></span> <span class='ocrx_word' id='word_1_126' title='bbox 867 1816 1049 1898; x_wconf 87' lang='lat' dir='ltr'><strong>superesset</strong></span> <span class='ocrx_word' id='word_1_127' title='bbox 1068 1805 1161 1871; x_wconf 86' lang='lat' dir='ltr'><strong>trien·</strong></span> 
     </span>
    </p>
   </div>
   <div class='ocr_carea' id='block_1_3' title="bbox 76 1936 575 1996">
    <p class='ocr_par' dir='ltr' id='par_1_4' title="bbox 76 1936 575 1996">
     <span class='ocr_line' id='line_1_16' title="bbox 76 1936 575 1996; baseline 0 -3"><span class='ocrx_word' id='word_1_128' title='bbox 76 1936 104 1996; x_wconf 71' lang='lat'><strong>1.</strong></span> <span class='ocrx_word' id='word_1_129' title='bbox 120 1936 262 1995; x_wconf 71' lang='lat' dir='ltr'><strong>adhibito</strong></span> <span class='ocrx_word' id='word_1_130' title='bbox 280 1939 315 1995; x_wconf 96' lang='lat' dir='ltr'><strong>L.</strong></span> <span class='ocrx_word' id='word_1_131' title='bbox 329 1937 436 1996; x_wconf 75' lang='lat' dir='ltr'><strong>Sextio</strong></span> <span class='ocrx_word' id='word_1_132' title='bbox 455 1947 575 1994; x_wconf 80' lang='lat' dir='ltr'><strong>strenuo</strong></span> 
     </span>
    </p>
   </div>
   <div class='ocr_carea' id='block_1_4' title="bbox 129 2022 588 2099">
    <p class='ocr_par' dir='ltr' id='par_1_5' title="bbox 129 2022 588 2099">
     <span class='ocr_line' id='line_1_17' title="bbox 129 2022 588 2099; baseline -0.002 -19"><span class='ocrx_word' id='word_1_133' title='bbox 129 2024 337 2081; x_wconf 75' lang='lat' dir='ltr'><strong>adulescente.-</strong></span> <span class='ocrx_word' id='word_1_134' title='bbox 355 2024 418 2081; x_wconf 82' lang='lat' dir='ltr'><strong>PM:</strong></span> <span class='ocrx_word' id='word_1_135' title='bbox 437 2026 490 2080; x_wconf 84' lang='lat' dir='ltr'><strong>nisi</strong></span> <span class='ocrx_word' id='word_1_136' title='bbox 502 2022 588 2099; x_wconf 88' lang='lat' dir='ltr'><strong>quod·</strong></span> 
     </span>
    </p>
   </div>
   <div class='ocr_carea' id='block_1_5' title="bbox 54 2109 582 4102">
    <p class='ocr_par' dir='ltr' id='par_1_6' title="bbox 128 2109 576 2450">
     <span class='ocr_line' id='line_1_18' title="bbox 129 2109 576 2190; baseline 0 -24"><span class='ocrx_word' id='word_1_137' title='bbox 129 2111 159 2166; x_wconf 88' lang='lat' dir='ltr'><strong>in</strong></span> <span class='ocrx_word' id='word_1_138' title='bbox 177 2119 294 2188; x_wconf 86' lang='lat' dir='ltr'><strong>utroque</strong></span> <span class='ocrx_word' id='word_1_139' title='bbox 311 2113 371 2169; x_wconf 87' lang='lat' dir='ltr'><strong>eod.</strong></span> <span class='ocrx_word' id='word_1_140' title='bbox 384 2112 471 2190; x_wconf 88' lang='lat' dir='ltr'><strong>primo</strong></span> <span class='ocrx_word' id='word_1_141' title='bbox 490 2109 576 2167; x_wconf 85' lang='lat' dir='ltr'><strong>fuerat</strong></span> 
     </span>
     <span class='ocr_line' id='line_1_19' title="bbox 128 2197 575 2275; baseline 0.004 -23"><span class='ocrx_word' id='word_1_142' title='bbox 128 2198 308 2266; x_wconf 80' lang='lat' dir='ltr'><strong>‚‚uthibito“.</strong></span> <span class='ocrx_word' id='word_1_143' title='bbox 330 2197 361 2254; x_wconf 94' lang='lat' dir='ltr'><strong>lu</strong></span> <span class='ocrx_word' id='word_1_144' title='bbox 379 2198 575 2275; x_wconf 77' lang='lat' dir='ltr'><strong>antiquioribus</strong></span> 
     </span>
     <span class='ocr_line' id='line_1_20' title="bbox 131 2283 576 2363; baseline 0.004 -22"><span class='ocrx_word' id='word_1_145' title='bbox 131 2284 211 2345; x_wconf 83' lang='lat' dir='ltr'><strong>codd.</strong></span> <span class='ocrx_word' id='word_1_146' title='bbox 228 2283 349 2342; x_wconf 86' lang='lat' dir='ltr'><strong>Livianis</strong></span> <span class='ocrx_word' id='word_1_147' title='bbox 372 2288 502 2363; x_wconf 87' lang='lat' dir='ltr'><strong>scriptum</strong></span> <span class='ocrx_word' id='word_1_148' title='bbox 520 2307 576 2343; x_wconf 90' lang='lat' dir='ltr'><strong>non</strong></span> 
     </span>
     <span class='ocr_line' id='line_1_21' title="bbox 129 2371 565 2450; baseline 0.011 -23"><span class='ocrx_word' id='word_1_149' title='bbox 129 2373 263 2450; x_wconf 88' lang='lat' dir='ltr'><strong>reperitur</strong></span> <span class='ocrx_word' id='word_1_150' title='bbox 280 2371 333 2428; x_wconf 90' lang='lat' dir='ltr'><strong>nisi</strong></span> <span class='ocrx_word' id='word_1_151' title='bbox 352 2371 565 2440; x_wconf 82' lang='lat' dir='ltr'><strong>,‚ndulescens“.</strong></span> 
     </span>
    </p>

    <p class='ocr_par' dir='ltr' id='par_1_7' title="bbox 75 2459 575 2536">
     <span class='ocr_line' id='line_1_22' title="bbox 75 2459 575 2536; baseline 0.004 -22"><span class='ocrx_word' id='word_1_152' title='bbox 75 2459 104 2523; x_wconf 76' lang='lat'><strong>4,</strong></span> <span class='ocrx_word' id='word_1_153' title='bbox 129 2460 214 2516; x_wconf 80' lang='lat' dir='ltr'><strong>cuius</strong></span> <span class='ocrx_word' id='word_1_154' title='bbox 231 2460 368 2516; x_wconf 82' lang='lat' dir='ltr'><strong>leuamen</strong></span> <span class='ocrx_word' id='word_1_155' title='bbox 385 2462 460 2518; x_wconf 85' lang='lat' dir='ltr'><strong>moli</strong></span> <span class='ocrx_word' id='word_1_156' title='bbox 472 2461 575 2536; x_wconf 80' lang='lat' dir='ltr'><strong>plebea</strong></span> 
     </span>
    </p>

    <p class='ocr_par' dir='ltr' id='par_1_8' title="bbox 90 2547 578 2966">
     <span class='ocr_line' id='line_1_23' title="bbox 90 2547 576 2623; baseline 0.002 -21"><span class='ocrx_word' id='word_1_157' title='bbox 90 2568 94 2573; x_wconf 95' lang='lat'>·</span> <span class='ocrx_word' id='word_1_158' title='bbox 130 2547 192 2602; x_wconf 79' lang='lat' dir='ltr'><strong>nisi</strong></span> <span class='ocrx_word' id='word_1_159' title='bbox 207 2547 272 2603; x_wconf 80' lang='lat' dir='ltr'><strong>suis</strong></span> <span class='ocrx_word' id='word_1_160' title='bbox 284 2549 316 2603; x_wconf 83' lang='lat' dir='ltr'><strong>in</strong></span> <span class='ocrx_word' id='word_1_161' title='bbox 327 2567 441 2604; x_wconf 82' lang='lat' dir='ltr'><strong>summo</strong></span> <span class='ocrx_word' id='word_1_162' title='bbox 453 2548 576 2623; x_wconf 83' lang='lat' dir='ltr'><strong>imperio</strong></span> 
     </span>
     <span class='ocr_line' id='line_1_24' title="bbox 133 2633 575 2710; baseline 0.009 -21"><span class='ocrx_word' id='word_1_163' title='bbox 133 2633 240 2690; x_wconf 70' lang='lat' dir='ltr'><strong>luatis</strong></span> <span class='ocrx_word' id='word_1_164' title='bbox 252 2634 367 2690; x_wconf 84' lang='lat' dir='ltr'><strong>nullum</strong></span> <span class='ocrx_word' id='word_1_165' title='bbox 378 2644 526 2710; x_wconf 80' lang='lat' dir='ltr'><strong>speraret:</strong></span> <span class='ocrx_word' id='word_1_166' title='bbox 544 2633 575 2693; x_wconf 87' lang='lat' dir='ltr'><strong>P.</strong></span> 
     </span>
     <span class='ocr_line' id='line_1_25' title="bbox 132 2719 577 2778; baseline -0.002 -2"><span class='ocrx_word' id='word_1_167' title='bbox 132 2749 168 2761; x_wconf 91' lang='lat'>-</span> <span class='ocrx_word' id='word_1_168' title='bbox 195 2719 237 2776; x_wconf 78' lang='lat' dir='ltr'><strong>Mr</strong></span> <span class='ocrx_word' id='word_1_169' title='bbox 252 2722 341 2776; x_wconf 80' lang='lat' dir='ltr'><strong>¹errius</strong></span> <span class='ocrx_word' id='word_1_170' title='bbox 366 2720 488 2778; x_wconf 87' lang='lat' dir='ltr'><strong>leuamen</strong></span> <span class='ocrx_word' id='word_1_171' title='bbox 513 2719 577 2777; x_wconf 88' lang='lat' dir='ltr'><strong>mali</strong></span> 
     </span>
     <span class='ocr_line' id='line_1_26' title="bbox 132 2803 578 2881; baseline 0 -19"><span class='ocrx_word' id='word_1_172' title='bbox 132 2803 225 2881; x_wconf 82' lang='lat' dir='ltr'><strong>plebis</strong></span> <span class='ocrx_word' id='word_1_173' title='bbox 243 2805 296 2876; x_wconf 80' lang='lat' dir='ltr'><strong>(ei.</strong></span> <span class='ocrx_word' id='word_1_174' title='bbox 314 2809 345 2874; x_wconf 82' lang='lat'><strong>3,</strong></span> <span class='ocrx_word' id='word_1_175' title='bbox 363 2810 424 2878; x_wconf 81' lang='lat'><strong>55.)</strong></span> <span class='ocrx_word' id='word_1_176' title='bbox 445 2808 500 2863; x_wconf 89' lang='lat' dir='ltr'><strong>nisi</strong></span> <span class='ocrx_word' id='word_1_177' title='bbox 520 2808 578 2863; x_wconf 76' lang='lat' dir='ltr'><strong>tuis</strong></span> 
     </span>
     <span class='ocr_line' id='line_1_27' title="bbox 134 2892 578 2966; baseline 0.005 -18"><span class='ocrx_word' id='word_1_178' title='bbox 134 2892 165 2950; x_wconf 87' lang='lat' dir='ltr'><strong>in</strong></span> <span class='ocrx_word' id='word_1_179' title='bbox 190 2912 295 2949; x_wconf 90' lang='lat' dir='ltr'><strong>summo</strong></span> <span class='ocrx_word' id='word_1_180' title='bbox 321 2913 386 2966; x_wconf 87' lang='lat' dir='ltr'><strong>prae</strong></span> <span class='ocrx_word' id='word_1_181' title='bbox 401 2897 407 2965; x_wconf 91' lang='grc' dir='ltr'>Ι</span> <span class='ocrx_word' id='word_1_182' title='bbox 421 2893 458 2949; x_wconf 85' lang='lat' dir='ltr'><strong>lio</strong></span> <span class='ocrx_word' id='word_1_183' title='bbox 482 2892 578 2950; x_wconf 85' lang='lat' dir='ltr'><strong>locatis</strong></span> 
     </span>
    </p>

    <p class='ocr_par' dir='ltr' id='par_1_9' title="bbox 54 2970 380 3056">
     <span class='ocr_line' id='line_1_28' title="bbox 54 2970 380 3056; baseline 0.009 -22"><span class='ocrx_word' id='word_1_184' title='bbox 54 2970 57 2977; x_wconf 68' lang='grc'>’</span> <span class='ocrx_word' id='word_1_185' title='bbox 118 2977 235 3035; x_wconf 68' lang='grc' dir='ltr'><strong>4ιιιιΙΙιιιιι</strong></span> <span class='ocrx_word' id='word_1_186' title='bbox 252 2989 380 3056; x_wconf 83' lang='lat' dir='ltr'><strong>speraret.</strong></span> 
     </span>
    </p>

    <p class='ocr_par' dir='ltr' id='par_1_10' title="bbox 80 3064 580 3489">
     <span class='ocr_line' id='line_1_29' title="bbox 80 3064 578 3148; baseline 0.008 -28"><span class='ocrx_word' id='word_1_187' title='bbox 80 3064 108 3125; x_wconf 82' lang='lat'><strong>5.</strong></span> <span class='ocrx_word' id='word_1_188' title='bbox 137 3068 350 3144; x_wconf 80' lang='lat' dir='ltr'><strong>accingendum</strong></span> <span class='ocrx_word' id='word_1_189' title='bbox 367 3069 411 3125; x_wconf 79' lang='lat' dir='ltr'><strong>ud</strong></span> <span class='ocrx_word' id='word_1_190' title='bbox 422 3070 578 3148; x_wconf 67' lang='lat' dir='ltr'><strong>cumregi-</strong></span> 
     </span>
     <span class='ocr_line' id='line_1_30' title="bbox 133 3155 580 3227; baseline 0.004 -18"><span class='ocrx_word' id='word_1_191' title='bbox 133 3155 274 3211; x_wconf 78' lang='lat' dir='ltr'><strong>tutionem</strong></span> <span class='ocrx_word' id='word_1_192' title='bbox 296 3176 379 3214; x_wconf 77' lang='lat' dir='ltr'><strong>cese:</strong></span> <span class='ocrx_word' id='word_1_193' title='bbox 397 3155 455 3217; x_wconf 94' lang='grc' dir='ltr'><strong>ΡΜ.</strong></span> <span class='ocrx_word' id='word_1_194' title='bbox 484 3155 580 3227; x_wconf 76' lang='lat' dir='ltr'><strong>..terat</strong></span> 
     </span>
     <span class='ocr_line' id='line_1_31' title="bbox 133 3243 580 3300; baseline 0.002 -2"><span class='ocrx_word' id='word_1_195' title='bbox 133 3244 224 3298; x_wconf 78' lang='lat' dir='ltr'><strong>rnflsse</strong></span> <span class='ocrx_word' id='word_1_196' title='bbox 233 3263 294 3299; x_wconf 84' lang='lat' dir='ltr'><strong>man</strong></span> <span class='ocrx_word' id='word_1_197' title='bbox 304 3243 386 3300; x_wconf 86' lang='lat' dir='ltr'><strong>dabin</strong></span> <span class='ocrx_word' id='word_1_198' title='bbox 396 3245 514 3300; x_wconf 80' lang='lat' dir='ltr'><strong>arbeiten</strong></span> <span class='ocrx_word' id='word_1_199' title='bbox 524 3244 580 3300; x_wconf 79' lang='lat' dir='ltr'><strong>alie·</strong></span> 
     </span>
     <span class='ocr_line' id='line_1_32' title="bbox 133 3327 580 3389; baseline 0.007 -4"><span class='ocrx_word' id='word_1_200' title='bbox 133 3347 183 3387; x_wconf 79' lang='lat' dir='ltr'><strong>sen</strong></span> <span class='ocrx_word' id='word_1_201' title='bbox 205 3327 350 3387; x_wconf 79' lang='lat' dir='ltr'><strong>Gedanken</strong></span> <span class='ocrx_word' id='word_1_202' title='bbox 377 3351 410 3388; x_wconf 85' lang='lat' dir='ltr'><strong>au</strong></span> <span class='ocrx_word' id='word_1_203' title='bbox 431 3331 580 3389; x_wconf 82' lang='lat' dir='ltr'><strong>rerwirbli·</strong></span> 
     </span>
     <span class='ocr_line' id='line_1_33' title="bbox 136 3414 579 3489; baseline 0.005 -17"><span class='ocrx_word' id='word_1_204' title='bbox 136 3416 236 3476; x_wconf 80' lang='lat' dir='ltr'><strong>obeu“.</strong></span> <span class='ocrx_word' id='word_1_205' title='bbox 272 3414 315 3477; x_wconf 82' lang='lat' dir='ltr'><strong>Cf.</strong></span> <span class='ocrx_word' id='word_1_206' title='bbox 335 3419 361 3485; x_wconf 72' lang='grc'><strong>4,</strong></span> <span class='ocrx_word' id='word_1_207' title='bbox 380 3420 421 3478; x_wconf 61' lang='lat' dir='ltr'><strong>‘La</strong></span> <span class='ocrx_word' id='word_1_208' title='bbox 446 3420 523 3489; x_wconf 87' lang='lat' dir='ltr'><strong>„iam</strong></span> <span class='ocrx_word' id='word_1_209' title='bbox 545 3417 579 3475; x_wconf 80' lang='lat' dir='ltr'><strong>etl</strong></span> 
     </span>
    </p>

    <p class='ocr_par' dir='ltr' id='par_1_11' title="bbox 109 3503 580 3744">
     <span class='ocr_line' id='line_1_34' title="bbox 109 3503 580 3578; baseline 0.006 -19"><span class='ocrx_word' id='word_1_210' title='bbox 109 3503 303 3560; x_wconf 84' lang='lat' dir='ltr'><strong>·eonsulatunr</strong></span> <span class='ocrx_word' id='word_1_211' title='bbox 327 3503 402 3578; x_wconf 83' lang='lat' dir='ltr'><strong>vulgi</strong></span> <span class='ocrx_word' id='word_1_212' title='bbox 428 3506 580 3563; x_wconf 84' lang='lat' dir='ltr'><strong>turbatores</strong></span> 
     </span>
     <span class='ocr_line' id='line_1_35' title="bbox 136 3581 580 3666; baseline 0.014 -21"><span class='ocrx_word' id='word_1_213' title='bbox 136 3581 270 3666; x_wconf 54' lang='lat' dir='ltr'><strong>aecingi‘t</strong></span> <span class='ocrx_word' id='word_1_214' title='bbox 301 3621 336 3632; x_wconf 89' lang='lat'><em>-</em></span> <span class='ocrx_word' id='word_1_215' title='bbox 371 3591 393 3649; x_wconf 88' lang='grc' dir='ltr'><strong>Ι.</strong></span> <span class='ocrx_word' id='word_1_216' title='bbox 422 3592 467 3651; x_wconf 82' lang='lat' dir='ltr'><strong>Fr.</strong></span> <span class='ocrx_word' id='word_1_217' title='bbox 495 3591 580 3652; x_wconf 87' lang='lat' dir='ltr'><strong>Gran.</strong></span> 
     </span>
     <span class='ocr_line' id='line_1_36' title="bbox 136 3675 492 3744; baseline 0.017 -13"><span class='ocrx_word' id='word_1_218' title='bbox 136 3677 221 3733; x_wconf 85' lang='lat' dir='ltr'><strong>scribi</strong></span> <span class='ocrx_word' id='word_1_219' title='bbox 239 3675 325 3733; x_wconf 84' lang='lat' dir='ltr'><strong>voluit</strong></span> <span class='ocrx_word' id='word_1_220' title='bbox 343 3678 410 3744; x_wconf 86' lang='lat' dir='ltr'><strong>„od</strong></span> <span class='ocrx_word' id='word_1_221' title='bbox 426 3683 492 3737; x_wconf 83' lang='lat' dir='ltr'><strong>eo“.</strong></span> 
     </span>
    </p>

    <p class='ocr_par' dir='ltr' id='par_1_12' title="bbox 82 3762 582 4102">
     <span class='ocr_line' id='line_1_37' title="bbox 82 3762 580 3842; baseline 0.008 -24"><span class='ocrx_word' id='word_1_222' title='bbox 82 3762 110 3822; x_wconf 80' lang='lat'><strong>6.</strong></span> <span class='ocrx_word' id='word_1_223' title='bbox 137 3764 196 3819; x_wconf 85' lang='lat' dir='ltr'><strong>ium</strong></span> <span class='ocrx_word' id='word_1_224' title='bbox 205 3784 239 3820; x_wconf 81' lang='lat' dir='ltr'><strong>eo</strong></span> <span class='ocrx_word' id='word_1_225' title='bbox 249 3764 380 3842; x_wconf 82' lang='lat' dir='ltr'><strong>gradum</strong></span> <span class='ocrx_word' id='word_1_226' title='bbox 382 3764 580 3837; x_wconf 78' lang='lat' dir='ltr'><strong>fecisseerl.</strong></span> 
     </span>
     <span class='ocr_line' id='line_1_38' title="bbox 138 3849 582 3911; baseline 0.002 -5"><span class='ocrx_word' id='word_1_227' title='bbox 138 3879 172 3890; x_wconf 89' lang='lat'><strong>-—</strong></span> <span class='ocrx_word' id='word_1_228' title='bbox 194 3849 275 3910; x_wconf 82' lang='lat' dir='ltr'><strong>Reae.</strong></span> <span class='ocrx_word' id='word_1_229' title='bbox 293 3850 387 3910; x_wconf 85' lang='lat' dir='ltr'><strong>codd.:</strong></span> <span class='ocrx_word' id='word_1_230' title='bbox 407 3872 439 3907; x_wconf 91' lang='lat' dir='ltr'><strong>eo</strong></span> <span class='ocrx_word' id='word_1_231' title='bbox 457 3853 518 3911; x_wconf 86' lang='lat' dir='ltr'><strong>iarn.</strong></span> <span class='ocrx_word' id='word_1_232' title='bbox 546 3883 582 3893; x_wconf 91' lang='lat'>-</span> 
     </span>
     <span class='ocr_line' id='line_1_39' title="bbox 137 3936 582 4015; baseline 0.016 -24"><span class='ocrx_word' id='word_1_233' title='bbox 137 3967 172 3977; x_wconf 92' lang='lat'><em>-</em></span> <span class='ocrx_word' id='word_1_234' title='bbox 190 3936 226 3992; x_wconf 76' lang='lat' dir='ltr'><strong>Pr</strong></span> <span class='ocrx_word' id='word_1_235' title='bbox 256 3940 280 3994; x_wconf 87' lang='lat' dir='ltr'><strong>si</strong></span> <span class='ocrx_word' id='word_1_236' title='bbox 302 3959 384 4015; x_wconf 91' lang='lat' dir='ltr'><strong>porro</strong></span> <span class='ocrx_word' id='word_1_237' title='bbox 411 3939 582 3999; x_wconf 85' lang='lat' dir='ltr'><strong>admitantur.</strong></span> 
     </span>
     <span class='ocr_line' id='line_1_40' title="bbox 138 4025 582 4102; baseline 0.011 -23"><span class='ocrx_word' id='word_1_238' title='bbox 138 4055 173 4065; x_wconf 89' lang='lat'>-</span> <span class='ocrx_word' id='word_1_239' title='bbox 201 4025 273 4080; x_wconf 83' lang='lat' dir='ltr'><strong>Tum</strong></span> <span class='ocrx_word' id='word_1_240' title='bbox 289 4028 400 4083; x_wconf 80' lang='lat' dir='ltr'><strong>honore</strong></span> <span class='ocrx_word' id='word_1_241' title='bbox 418 4047 508 4102; x_wconf 83' lang='lat' dir='ltr'><strong>quom</strong></span> <span class='ocrx_word' id='word_1_242' title='bbox 524 4031 582 4084; x_wconf 79' lang='lat' dir='ltr'><strong>vir·</strong></span> 
     </span>
    </p>
   </div>
   <div class='ocr_carea' id='block_1_6' title="bbox 138 4110 653 4192">
    <p class='ocr_par' dir='ltr' id='par_1_13' title="bbox 138 4110 653 4192">
     <span class='ocr_line' id='line_1_41' title="bbox 138 4110 653 4192; baseline 0.014 -28"><span class='ocrx_word' id='word_1_243' title='bbox 138 4119 214 4165; x_wconf 78' lang='lat' dir='ltr'><strong>tute:</strong></span> <span class='ocrx_word' id='word_1_244' title='bbox 245 4110 272 4169; x_wconf 88' lang='lat' dir='ltr'><strong>b.</strong></span> <span class='ocrx_word' id='word_1_245' title='bbox 294 4133 317 4172; x_wconf 89' lang='lat' dir='ltr'><strong>e.</strong></span> <span class='ocrx_word' id='word_1_246' title='bbox 339 4124 369 4171; x_wconf 77' lang='lat' dir='ltr'><strong>ut</strong></span> <span class='ocrx_word' id='word_1_247' title='bbox 390 4134 464 4192; x_wconf 80' lang='lat' dir='ltr'><strong>quos</strong></span> <span class='ocrx_word' id='word_1_248' title='bbox 485 4117 582 4173; x_wconf 80' lang='lat' dir='ltr'><strong>virtute</strong></span> <span class='ocrx_word' id='word_1_249' title='bbox 647 4176 653 4183; x_wconf 61' lang='grc'><strong>,</strong></span> 
     </span>
    </p>
   </div>
   <div class='ocr_carea' id='block_1_7' title="bbox 649 1936 1236 4190">
    <p class='ocr_par' dir='ltr' id='par_1_14' title="bbox 717 1936 1164 2102">
     <span class='ocr_line' id='line_1_42' title="bbox 717 1936 1164 2016; baseline -0.007 -21"><span class='ocrx_word' id='word_1_250' title='bbox 717 1947 874 2016; x_wconf 82' lang='lat' dir='ltr'><strong>aequarent,</strong></span> <span class='ocrx_word' id='word_1_251' title='bbox 897 1939 937 1994; x_wconf 86' lang='lat' dir='ltr'><strong>eis</strong></span> <span class='ocrx_word' id='word_1_252' title='bbox 961 1939 1043 1994; x_wconf 85' lang='lat' dir='ltr'><strong>etiam</strong></span> <span class='ocrx_word' id='word_1_253' title='bbox 1060 1936 1164 1993; x_wconf 83' lang='lat' dir='ltr'><strong>honore</strong></span> 
     </span>
     <span class='ocr_line' id='line_1_43' title="bbox 718 2025 1074 2102; baseline 0.003 -20"><span class='ocrx_word' id='word_1_254' title='bbox 718 2035 903 2102; x_wconf 83' lang='lat' dir='ltr'><strong>aequarentur.</strong></span> <span class='ocrx_word' id='word_1_255' title='bbox 923 2025 967 2083; x_wconf 83' lang='lat' dir='ltr'><strong>cf.</strong></span> <span class='ocrx_word' id='word_1_256' title='bbox 985 2028 1012 2085; x_wconf 86' lang='grc'><strong>6.</strong></span> <span class='ocrx_word' id='word_1_257' title='bbox 1030 2027 1074 2083; x_wconf 71' lang='lat'><strong>26.</strong></span> 
     </span>
    </p>

    <p class='ocr_par' dir='ltr' id='par_1_15' title="bbox 663 2110 1236 2449">
     <span class='ocr_line' id='line_1_44' title="bbox 663 2110 1166 2188; baseline -0.008 -20"><span class='ocrx_word' id='word_1_258' title='bbox 663 2114 689 2173; x_wconf 81' lang='lat'><strong>9.</strong></span> <span class='ocrx_word' id='word_1_259' title='bbox 718 2115 749 2169; x_wconf 78' lang='lat' dir='ltr'><strong>in</strong></span> <span class='ocrx_word' id='word_1_260' title='bbox 773 2112 945 2188; x_wconf 82' lang='lat' dir='ltr'><strong>praesentia</strong></span> <span class='ocrx_word' id='word_1_261' title='bbox 966 2119 1004 2170; x_wconf 66' lang='lat' dir='ltr'><strong>tr.</strong></span> <span class='ocrx_word' id='word_1_262' title='bbox 1030 2112 1074 2188; x_wconf 79' lang='lat' dir='ltr'><strong>pl.</strong></span> <span class='ocrx_word' id='word_1_263' title='bbox 1088 2110 1166 2186; x_wconf 76' lang='lat' dir='ltr'><strong>fleri</strong></span> 
     </span>
     <span class='ocr_line' id='line_1_45' title="bbox 716 2197 1236 2277; baseline -0.008 -20"><span class='ocrx_word' id='word_1_264' title='bbox 716 2200 847 2277; x_wconf 82' lang='lat' dir='ltr'><strong>placuit:</strong></span> <span class='ocrx_word' id='word_1_265' title='bbox 865 2197 921 2258; x_wconf 91' lang='grc' dir='ltr'><strong>ΡΜ.</strong></span> <span class='ocrx_word' id='word_1_266' title='bbox 939 2228 975 2240; x_wconf 94' lang='grc'><strong>-</strong></span> <span class='ocrx_word' id='word_1_267' title='bbox 1001 2197 1037 2255; x_wconf 78' lang='lat' dir='ltr'><strong>P:</strong></span> <span class='ocrx_word' id='word_1_268' title='bbox 1056 2218 1115 2275; x_wconf 82' lang='lat' dir='ltr'><strong>quo</strong></span> <span class='ocrx_word' id='word_1_269' title='bbox 1132 2198 1163 2253; x_wconf 89' lang='lat' dir='ltr'><strong>in</strong></span> <span class='ocrx_word' id='word_1_270' title='bbox 1233 2197 1236 2204; x_wconf 82' lang='lat'>&#39;</span> 
     </span>
     <span class='ocr_line' id='line_1_46' title="bbox 716 2283 1165 2362; baseline -0.002 -20"><span class='ocrx_word' id='word_1_271' title='bbox 716 2287 882 2362; x_wconf 78' lang='lat' dir='ltr'><strong>magistratu</strong></span> <span class='ocrx_word' id='word_1_272' title='bbox 900 2283 927 2342; x_wconf 93' lang='grc' dir='ltr'><strong>Μ</strong></span> <span class='ocrx_word' id='word_1_273' title='bbox 943 2284 1017 2344; x_wconf 83' lang='lat' dir='ltr'><strong>Harl.</strong></span> <span class='ocrx_word' id='word_1_274' title='bbox 1036 2304 1073 2345; x_wconf 71' lang='grc' dir='ltr'><strong>ι’.</strong></span> <span class='ocrx_word' id='word_1_275' title='bbox 1086 2283 1165 2361; x_wconf 82' lang='lat' dir='ltr'><strong>quod</strong></span> 
     </span>
     <span class='ocr_line' id='line_1_47' title="bbox 716 2372 1162 2449; baseline -0.007 -19"><span class='ocrx_word' id='word_1_276' title='bbox 716 2377 746 2430; x_wconf 91' lang='lat' dir='ltr'><strong>in</strong></span> <span class='ocrx_word' id='word_1_277' title='bbox 768 2375 932 2449; x_wconf 83' lang='lat' dir='ltr'><strong>magistratu.</strong></span> <span class='ocrx_word' id='word_1_278' title='bbox 954 2405 989 2416; x_wconf 92' lang='lat'><em>-</em></span> <span class='ocrx_word' id='word_1_279' title='bbox 1015 2372 1037 2430; x_wconf 87' lang='lat' dir='ltr'><strong>P</strong></span> <span class='ocrx_word' id='word_1_280' title='bbox 1063 2394 1100 2433; x_wconf 86' lang='lat' dir='ltr'><strong>m.</strong></span> <span class='ocrx_word' id='word_1_281' title='bbox 1125 2373 1162 2430; x_wconf 81' lang='lat'><strong>1.=</strong></span> 
     </span>
    </p>

    <p class='ocr_par' dir='ltr' id='par_1_16' title="bbox 656 2461 1163 2694">
     <span class='ocr_line' id='line_1_48' title="bbox 656 2461 1163 2539; baseline 0.002 -24"><span class='ocrx_word' id='word_1_282' title='bbox 656 2510 659 2515; x_wconf 92' lang='lat'><strong>.</strong></span> <span class='ocrx_word' id='word_1_283' title='bbox 717 2461 836 2518; x_wconf 80' lang='lat' dir='ltr'><strong>bonores</strong></span> <span class='ocrx_word' id='word_1_284' title='bbox 862 2461 1023 2539; x_wconf 86' lang='lat' dir='ltr'><strong>apperirent.</strong></span> <span class='ocrx_word' id='word_1_285' title='bbox 1059 2480 1095 2520; x_wconf 86' lang='lat' dir='ltr'><strong>m.</strong></span> <span class='ocrx_word' id='word_1_286' title='bbox 1118 2461 1163 2519; x_wconf 55' lang='grc' dir='ltr'><strong>Ἅι</strong></span> 
     </span>
     <span class='ocr_line' id='line_1_49' title="bbox 719 2547 1162 2626; baseline 0 -22"><span class='ocrx_word' id='word_1_287' title='bbox 719 2550 860 2624; x_wconf 84' lang='lat' dir='ltr'><strong>aperirent.</strong></span> <span class='ocrx_word' id='word_1_288' title='bbox 889 2548 932 2606; x_wconf 75' lang='lat' dir='ltr'><strong>M:</strong></span> <span class='ocrx_word' id='word_1_289' title='bbox 953 2547 1071 2606; x_wconf 75' lang='lat' dir='ltr'><strong>bonores</strong></span> <span class='ocrx_word' id='word_1_290' title='bbox 1091 2547 1162 2626; x_wconf 81' lang='lat' dir='ltr'><strong>peri·</strong></span> 
     </span>
     <span class='ocr_line' id='line_1_50' title="bbox 717 2644 786 2694; baseline 0.043 -3"><span class='ocrx_word' id='word_1_291' title='bbox 717 2644 786 2694; x_wconf 82' lang='lat' dir='ltr'><strong>rent.</strong></span> 
     </span>
    </p>

    <p class='ocr_par' dir='ltr' id='par_1_17' title="bbox 649 2722 1164 2971">
     <span class='ocr_line' id='line_1_51' title="bbox 649 2722 1163 2800; baseline -0.002 -23"><span class='ocrx_word' id='word_1_292' title='bbox 649 2723 693 2781; x_wconf 88' lang='lat'><strong>11.</strong></span> <span class='ocrx_word' id='word_1_293' title='bbox 720 2725 873 2800; x_wconf 80' lang='lat' dir='ltr'><strong>creatique</strong></span> <span class='ocrx_word' id='word_1_294' title='bbox 901 2724 1013 2781; x_wconf 84' lang='lat' dir='ltr'><strong>tribuni</strong></span> <span class='ocrx_word' id='word_1_295' title='bbox 1035 2724 1068 2782; x_wconf 79' lang='lat' dir='ltr'><strong>C.</strong></span> <span class='ocrx_word' id='word_1_296' title='bbox 1088 2722 1163 2778; x_wconf 89' lang='lat' dir='ltr'><strong>Lici-</strong></span> 
     </span>
     <span class='ocr_line' id='line_1_52' title="bbox 719 2806 1164 2868; baseline -0.004 -4"><span class='ocrx_word' id='word_1_297' title='bbox 719 2811 789 2866; x_wconf 80' lang='lat' dir='ltr'><strong>nius</strong></span> <span class='ocrx_word' id='word_1_298' title='bbox 816 2818 846 2866; x_wconf 79' lang='lat' dir='ltr'><strong>ct</strong></span> <span class='ocrx_word' id='word_1_299' title='bbox 872 2810 907 2868; x_wconf 93' lang='lat' dir='ltr'><strong>L.</strong></span> <span class='ocrx_word' id='word_1_300' title='bbox 930 2808 1072 2867; x_wconf 73' lang='lat' dir='ltr'><strong>Sextius.-</strong></span> <span class='ocrx_word' id='word_1_301' title='bbox 1102 2806 1164 2864; x_wconf 77' lang='lat' dir='ltr'><strong>Pul:</strong></span> 
     </span>
     <span class='ocr_line' id='line_1_53' title="bbox 720 2893 1095 2971; baseline 0.008 -21"><span class='ocrx_word' id='word_1_302' title='bbox 720 2896 775 2950; x_wconf 88' lang='lat' dir='ltr'><strong>nisi</strong></span> <span class='ocrx_word' id='word_1_303' title='bbox 792 2894 867 2971; x_wconf 84' lang='lat' dir='ltr'><strong>quod</strong></span> <span class='ocrx_word' id='word_1_304' title='bbox 884 2893 906 2950; x_wconf 93' lang='lat' dir='ltr'>P</span> <span class='ocrx_word' id='word_1_305' title='bbox 923 2894 1095 2964; x_wconf 78' lang='lat' dir='ltr'><strong>‚,lueinius“.</strong></span> 
     </span>
    </p>

    <p class='ocr_par' dir='ltr' id='par_1_18' title="bbox 650 2981 1168 3495">
     <span class='ocr_line' id='line_1_54' title="bbox 650 2981 1166 3056; baseline 0.002 -19"><span class='ocrx_word' id='word_1_306' title='bbox 650 2982 694 3043; x_wconf 83' lang='lat'><strong>13.</strong></span> <span class='ocrx_word' id='word_1_307' title='bbox 721 2991 755 3038; x_wconf 79' lang='lat' dir='ltr'><strong>ut</strong></span> <span class='ocrx_word' id='word_1_308' title='bbox 783 2982 909 3040; x_wconf 82' lang='lat' dir='ltr'><strong>deducto</strong></span> <span class='ocrx_word' id='word_1_309' title='bbox 940 3003 975 3040; x_wconf 78' lang='lat' dir='ltr'><strong>eo</strong></span> <span class='ocrx_word' id='word_1_310' title='bbox 1006 2981 1045 3040; x_wconf 80' lang='lat' dir='ltr'><strong>de</strong></span> <span class='ocrx_word' id='word_1_311' title='bbox 1069 2981 1166 3056; x_wconf 80' lang='lat' dir='ltr'><strong>cupite</strong></span> 
     </span>
     <span class='ocr_line' id='line_1_55' title="bbox 721 3070 1168 3148; baseline -0.002 -22"><span class='ocrx_word' id='word_1_312' title='bbox 721 3070 805 3148; x_wconf 79' lang='lat' dir='ltr'><strong>quod</strong></span> <span class='ocrx_word' id='word_1_313' title='bbox 821 3073 920 3128; x_wconf 81' lang='lat' dir='ltr'><strong>usuris</strong></span> <span class='ocrx_word' id='word_1_314' title='bbox 926 3077 1168 3148; x_wconf 80' lang='lat' dir='ltr'><strong>pernumeratum</strong></span> 
     </span>
     <span class='ocr_line' id='line_1_56' title="bbox 721 3157 1165 3239; baseline -0.007 -24"><span class='ocrx_word' id='word_1_315' title='bbox 721 3167 818 3216; x_wconf 75' lang='lat' dir='ltr'><strong>esset:</strong></span> <span class='ocrx_word' id='word_1_316' title='bbox 835 3157 870 3220; x_wconf 92' lang='grc' dir='ltr'><strong>Μ.</strong></span> <span class='ocrx_word' id='word_1_317' title='bbox 888 3190 923 3202; x_wconf 85' lang='lat'><strong>—·</strong></span> <span class='ocrx_word' id='word_1_318' title='bbox 938 3159 976 3219; x_wconf 74' lang='lat' dir='ltr'><strong>P:</strong></span> <span class='ocrx_word' id='word_1_319' title='bbox 994 3176 1165 3239; x_wconf 79' lang='lat' dir='ltr'><strong>pernumera-</strong></span> 
     </span>
     <span class='ocr_line' id='line_1_57' title="bbox 721 3242 1166 3314; baseline -0.004 -14"><span class='ocrx_word' id='word_1_320' title='bbox 721 3252 779 3301; x_wconf 85' lang='lat' dir='ltr'><strong>tum</strong></span> <span class='ocrx_word' id='word_1_321' title='bbox 797 3251 829 3302; x_wconf 75' lang='lat' dir='ltr'><strong>et</strong></span> <span class='ocrx_word' id='word_1_322' title='bbox 844 3244 875 3302; x_wconf 81' lang='lat' dir='ltr'><strong>id</strong></span> <span class='ocrx_word' id='word_1_323' title='bbox 892 3257 944 3306; x_wconf 82' lang='lat' dir='ltr'><strong>oet.</strong></span> <span class='ocrx_word' id='word_1_324' title='bbox 962 3245 1113 3314; x_wconf 76' lang='lat' dir='ltr'><strong>cr6‚15.=</strong></span> <span class='ocrx_word' id='word_1_325' title='bbox 1132 3242 1166 3298; x_wconf 86' lang='lat' dir='ltr'><strong>de</strong></span> 
     </span>
     <span class='ocr_line' id='line_1_58' title="bbox 722 3330 1167 3410; baseline -0.011 -21"><span class='ocrx_word' id='word_1_326' title='bbox 722 3334 811 3410; x_wconf 85' lang='lat' dir='ltr'><strong>eapite</strong></span> <span class='ocrx_word' id='word_1_327' title='bbox 832 3330 957 3389; x_wconf 83' lang='lat' dir='ltr'><strong>deducite</strong></span> <span class='ocrx_word' id='word_1_328' title='bbox 980 3331 1054 3408; x_wconf 88' lang='lat' dir='ltr'><strong>quod</strong></span> <span class='ocrx_word' id='word_1_329' title='bbox 1077 3331 1167 3386; x_wconf 82' lang='lat' dir='ltr'><strong>usuris</strong></span> 
     </span>
     <span class='ocr_line' id='line_1_59' title="bbox 721 3427 1006 3495; baseline 0.007 -21"><span class='ocrx_word' id='word_1_330' title='bbox 721 3427 939 3495; x_wconf 84' lang='lat' dir='ltr'><strong>pernumeratum</strong></span> <span class='ocrx_word' id='word_1_331' title='bbox 957 3427 1006 3476; x_wconf 83' lang='lat' dir='ltr'><strong>est.</strong></span> 
     </span>
    </p>

    <p class='ocr_par' dir='ltr' id='par_1_19' title="bbox 652 3503 1216 4021">
     <span class='ocr_line' id='line_1_60' title="bbox 652 3503 1167 3581; baseline -0.006 -20"><span class='ocrx_word' id='word_1_332' title='bbox 652 3505 695 3566; x_wconf 74' lang='lat'><strong>1⁴.</strong></span> <span class='ocrx_word' id='word_1_333' title='bbox 712 3507 849 3562; x_wconf 70' lang='lat' dir='ltr'><strong>triennio</strong></span> <span class='ocrx_word' id='word_1_334' title='bbox 856 3505 962 3581; x_wconf 82' lang='lat' dir='ltr'><strong>aequis</strong></span> <span class='ocrx_word' id='word_1_335' title='bbox 966 3503 1167 3579; x_wconf 78' lang='lat' dir='ltr'><strong>portionibuar</strong></span> 
     </span>
     <span class='ocr_line' id='line_1_61' title="bbox 721 3589 1166 3665; baseline -0.007 -16"><span class='ocrx_word' id='word_1_336' title='bbox 721 3591 772 3649; x_wconf 87' lang='grc' dir='ltr'><strong>ΡΜ</strong></span> <span class='ocrx_word' id='word_1_337' title='bbox 789 3591 862 3650; x_wconf 85' lang='lat' dir='ltr'><strong>Harl.</strong></span> <span class='ocrx_word' id='word_1_338' title='bbox 876 3611 895 3652; x_wconf 83' lang='lat' dir='ltr'><strong>r.</strong></span> <span class='ocrx_word' id='word_1_339' title='bbox 913 3589 989 3652; x_wconf 75' lang='lat' dir='ltr'><strong>Leia.</strong></span> <span class='ocrx_word' id='word_1_340' title='bbox 1001 3593 1031 3665; x_wconf 89' lang='lat' dir='ltr'><strong>r.]</strong></span> <span class='ocrx_word' id='word_1_341' title='bbox 1049 3593 1166 3649; x_wconf 86' lang='lat' dir='ltr'><strong>triennio</strong></span> 
     </span>
     <span class='ocr_line' id='line_1_62' title="bbox 723 3679 1167 3756; baseline 0.002 -20"><span class='ocrx_word' id='word_1_342' title='bbox 723 3681 815 3755; x_wconf 85' lang='lat' dir='ltr'><strong>aequis</strong></span> <span class='ocrx_word' id='word_1_343' title='bbox 832 3679 1008 3756; x_wconf 82' lang='lat' dir='ltr'><strong>pensionibus</strong></span> <span class='ocrx_word' id='word_1_344' title='bbox 1029 3684 1079 3750; x_wconf 85' lang='lat' dir='ltr'><strong>(ex</strong></span> <span class='ocrx_word' id='word_1_345' title='bbox 1096 3679 1167 3737; x_wconf 80' lang='lat' dir='ltr'><strong>coni.</strong></span> 
     </span>
     <span class='ocr_line' id='line_1_63' title="bbox 724 3764 1167 3845; baseline 0 -24"><span class='ocrx_word' id='word_1_346' title='bbox 724 3764 855 3836; x_wconf 83' lang='lat' dir='ltr'><strong>Cuiacii).</strong></span> <span class='ocrx_word' id='word_1_347' title='bbox 868 3797 901 3808; x_wconf 88' lang='lat'><em>-</em></span> <span class='ocrx_word' id='word_1_348' title='bbox 915 3767 1084 3845; x_wconf 77' lang='lat' dir='ltr'><strong>Quamrprnm</strong></span> <span class='ocrx_word' id='word_1_349' title='bbox 1101 3787 1167 3837; x_wconf 86' lang='lat' dir='ltr'><strong>„ae-</strong></span> 
     </span>
     <span class='ocr_line' id='line_1_64' title="bbox 723 3855 1167 3930; baseline -0.002 -22"><span class='ocrx_word' id='word_1_350' title='bbox 723 3856 784 3930; x_wconf 88' lang='lat' dir='ltr'><strong>quis</strong></span> <span class='ocrx_word' id='word_1_351' title='bbox 801 3855 1000 3929; x_wconf 82' lang='lat' dir='ltr'><strong>peusionibus“</strong></span> <span class='ocrx_word' id='word_1_352' title='bbox 1017 3859 1044 3925; x_wconf 87' lang='lat'><strong>7,</strong></span> <span class='ocrx_word' id='word_1_353' title='bbox 1062 3857 1105 3913; x_wconf 68' lang='lat'><strong>27.</strong></span> <span class='ocrx_word' id='word_1_354' title='bbox 1122 3856 1167 3920; x_wconf 80' lang='lat'><strong>30,</strong></span> 
     </span>
     <span class='ocr_line' id='line_1_65' title="bbox 723 3938 1216 4021; baseline -0.002 -27"><span class='ocrx_word' id='word_1_355' title='bbox 723 3943 767 3998; x_wconf 86' lang='lat'><strong>37.</strong></span> <span class='ocrx_word' id='word_1_356' title='bbox 794 3941 1074 4021; x_wconf 73' lang='lat' dir='ltr'><strong>similibusqua‘locis</strong></span> <span class='ocrx_word' id='word_1_357' title='bbox 1102 3938 1166 4014; x_wconf 81' lang='lat' dir='ltr'><strong>legi·</strong></span> <span class='ocrx_word' id='word_1_358' title='bbox 1213 3982 1216 3987; x_wconf 61' lang='grc'>,</span> 
     </span>
    </p>

    <p class='ocr_par' dir='ltr' id='par_1_20' title="bbox 672 4029 1169 4190">
     <span class='ocr_line' id='line_1_66' title="bbox 672 4029 1168 4094; baseline -0.002 -11"><span class='ocrx_word' id='word_1_359' title='bbox 672 4062 678 4069; x_wconf 87' lang='grc'>-</span> <span class='ocrx_word' id='word_1_360' title='bbox 722 4045 796 4094; x_wconf 87' lang='lat' dir='ltr'><strong>mus,</strong></span> <span class='ocrx_word' id='word_1_361' title='bbox 819 4039 907 4085; x_wconf 85' lang='lat' dir='ltr'><strong>tamen</strong></span> <span class='ocrx_word' id='word_1_362' title='bbox 930 4048 985 4084; x_wconf 90' lang='lat' dir='ltr'><strong>non</strong></span> <span class='ocrx_word' id='word_1_363' title='bbox 1006 4029 1067 4083; x_wconf 82' lang='lat' dir='ltr'><strong>sine</strong></span> <span class='ocrx_word' id='word_1_364' title='bbox 1088 4046 1168 4084; x_wconf 76' lang='lat' dir='ltr'><strong>eausa</strong></span> 
     </span>
     <span class='ocr_line' id='line_1_67' title="bbox 723 4112 1169 4190; baseline -0.002 -19"><span class='ocrx_word' id='word_1_365' title='bbox 723 4114 755 4174; x_wconf 88' lang='lat' dir='ltr'><strong>L.</strong></span> <span class='ocrx_word' id='word_1_366' title='bbox 773 4117 800 4174; x_wconf 87' lang='lat' dir='ltr'><strong>b.</strong></span> <span class='ocrx_word' id='word_1_367' title='bbox 817 4113 836 4170; x_wconf 89' lang='lat' dir='ltr'><strong>l.</strong></span> <span class='ocrx_word' id='word_1_368' title='bbox 854 4117 1041 4190; x_wconf 68' lang='lat' dir='ltr'><strong>portionibus</strong></span> <span class='ocrx_word' id='word_1_369' title='bbox 1061 4112 1169 4173; x_wconf 79' lang='lat' dir='ltr'><strong>ridetur</strong></span> 
     </span>
    </p>
   </div>
   <div class='ocr_carea' id='block_1_8' title="bbox 0 0 1324 4590">
    <p class='ocr_par' dir='ltr' id='par_1_21' title="bbox 0 0 1324 4590">
     <span class='ocr_line' id='line_1_68' title="bbox 0 0 1324 4590; baseline 0 0"><span class='ocrx_word' id='word_1_370' title='bbox 0 0 1324 4590; x_wconf 95' lang='lat' dir='ltr'><strong> </strong></span> 
     </span>
    </p>
   </div>
  </div>
 </body>
</html>
