2818 4728
536 355 645 418 tisun
664 359 699 419 X.
1107 345 1170 415 641

48 535 137 593 rant
158 519 297 607 bellum,
323 533 463 592 traxerat
490 521 639 613 contagio
661 521 825 613 proximos
847 500 998 590 Umbriae
1023 505 1171 616 populos,

49 641 92 699 ct
120 627 243 698 Gallica
265 626 383 696 auxilia
404 627 554 696 mercede
581 625 844 695 sollicitabantur:
882 627 986 696 omnis
1008 650 1047 696 ea
1068 629 1172 696 multi·
1276 669 1278 680 ·

48 733 144 803 tudo
168 735 209 801 ad
231 744 335 801 castra
351 730 778 824 Samnitiumtconveniebat.
817 732 872 826 qui
884 733 1041 802 tumultus
1054 755 1172 824 repens

47 851 240 931 postquam
262 849 311 907 est
325 838 464 906 Romam
485 835 637 928 perlatus,
658 859 734 902 cum
755 835 819 904 iam
833 835 870 906 L.
887 837 1080 907 Volumnius
1097 861 1171 906 con·

49 932 113 1013 sul
140 966 216 1012 eum
229 943 362 1034 'legione
379 941 517 1010 secunda
534 964 572 1008 ae
586 939 679 1008 tertia
695 940 922 1034 sociorumque
938 939 1066 1010 milibus
1082 941 1171 1034 quin·
1188 957 1206 1014 5

49 1050 170 1118 decim
198 1049 362 1140 proiectus
390 1047 424 1114 in
451 1045 618 1113 Samnium
646 1055 745 1128 esset,
772 1044 840 1138 Ap.
866 1045 1038 1115 Claudium
1066 1046 1170 1139 primo

48 1179 197 1248 quoque
219 1165 366 1244 tempore
386 1151 421 1218 in
436 1148 598 1218 Etrnriam
618 1151 664 1218 ire
685 1150 823 1241 placuit:
845 1150 927 1234 duae
944 1151 1109 1220 Romanae
1127 1151 1172 1219 le·

48 1261 176 1353 giones
199 1269 328 1328 secutae
351 1255 453 1354 prima
476 1265 510 1322 et
531 1262 643 1346 quarta
671 1265 703 1323 et
732 1255 894 1326 sociorum
924 1255 1094 1326 duodecim
1115 1255 1171 1323 mi-

48 1365 118 1431 lia:
145 1374 248 1437 cestra
270 1361 357 1430 haud
379 1359 493 1452 procul
515 1360 555 1427 ab
578 1360 673 1428 hoste
687 1358 802 1451 posita.
825 1363 984 1432 'ceterum
1007 1385 1047 1440 eo
1069 1361 1171 1452 magis

49 1467 245 1558 proiectum
267 1478 317 1536 est
339 1466 428 1558 quod
450 1475 575 1534 mature
597 1475 730 1534 ventum
753 1477 838 1550 erat,
861 1478 899 1534 ut
921 1467 1079 1558 quosdam
1100 1480 1219 1556 spe-10

49 1581 188 1640 ctantes
209 1572 274 1639 iam
297 1595 385 1644 arma
406 1569 551 1638 Etruriae
578 1569 719 1662 populos
747 1579 854 1638 metus
875 1571 1013 1639 Romani
1035 1569 1172 1640 nominis

49 1676 291 1766 conprimeret,
321 1699 418 1767 quam
442 1675 530 1768 quod
554 1674 651 1743 ductu
671 1673 815 1743 considis
836 1676 1008 1768 quicquam
1029 1674 1074 1742 ibi
1095 1673 1171 1742 satis

48 1780 139 1848 scite
164 1792 219 1849 aut
241 1781 402 1848 fortunate
424 1789 550 1872 gestum
572 1778 627 1846 sit:
656 1779 759 1851 multa
787 1781 909 1871 proelia
936 1780 1016 1849 locis
1039 1791 1072 1848 et
1093 1789 1171 1847 tem·

50 1883 196 1978 poribus
217 1881 332 1975 iniquis
356 1883 528 1953 commissa
550 1907 691 1976 spesque
706 1885 740 1952 in
760 1884 829 1954 dies
849 1881 1027 1978 graviorem
1042 1882 1171 1952 bostem
1254 1886 1260 1904 “

50 1986 208 2071 iaciebat,
232 1998 265 2060 et
285 1987 350 2055 iam
368 2012 470 2079 prope
494 2000 562 2057 eret
583 2000 620 2058 ut
640 2013 701 2058 nec
717 1988 790 2057 duci
805 1989 922 2059 milites
942 2013 1005 2057 nec
1018 1968 1170 2056 militibus
1183 2003 1219 2062 15

50 2096 123 2162 dux
148 2090 371 2162 satis-fideret.
405 2092 526 2162 litteras
549 2096 590 2162 ad
613 2094 772 2186 collegam
794 2095 1023 2164 accersendum
1050 2117 1093 2162 ex
1115 2092 1171 2174 Se.

65 2308 93 2365 3.
125 2304 187 2383 qui
201 2303 348 2362 tumultus
371 2323 479 2382 repens
499 2316 581 2382 post·

122 2389 222 2469 quiam
235 2399 281 2450 eet
291 2392 419 2450 Romam
428 2393 581 2468 perlatos:

726 2315 811 2366 eatae.
822 2307 843 2366 l.
856 2315 883 2364 et
894 2323 933 2362 nn
951 2317 972 2362 t:
988 2304 1120 2363 sudorum
1132 2321 1171 2361 ιιι

724 2396 782 2453 mil.

122 2481 154 2538 Μ
184 2496 222 2540 m.
244 2479 286 2550 2]
310 2480 358 2557 qui
380 2479 512 2538 tumultus
538 2501 581 2538 re·
669 2485 696 2542 o.
724 2490 854 2540 cauum
883 2500 918 2538 eo
946 2481 1044 2561 magis
1068 2476 1172 2554 profc-

123 2585 197 2644 pens
223 2575 368 2645 postquam
394 2566 509 2627 Romam
538 2577 582 2626 est

126 2653 258 2730 perlatus.
283 2684 318 2696 -
340 2653 364 2712 P
384 2652 464 2715 Laid.
485 2675 504 2716 r.
531 2655 579 2716 el.:

127 2738 580 2819 quitumultmrepeuspostquam

126 2843 234 2884 romam
261 2822 390 2901 perlatus.
425 2826 448 2881 P
473 2847 511 2887 m.
538 2829 580 2888 Ἅι

126 2956 144 2984 ,‚
148 2911 241 2991 platus
259 2915 313 2967 5⁶⁴:
331 2913 350 2969 i.
363 2931 386 2970 e.
398 2911 518 2991 perlatus
530 2924 580 2975 est.

127 3033 162 3045 -
174 2999 203 3058 Μ
215 3018 250 3055 m.
264 3000 302 3058 1.=
313 2997 371 3068 „ed
380 3010 468 3058 eastra
481 3005 580 3084 samni-

125 3092 197 3147 tium
225 3087 403 3144 conueniebat
429 3088 465 3146 ad
491 3099 580 3148 eastra

127 3177 176 3252 qui
187 3173 317 3232 tumultus
326 3193 424 3250 repens
434 3186 579 3255 postquem

128 3271 171 3318 est
190 3260 275 3318 sormi
295 3260 387 3340 platus
409 3282 470 3321 eum
488 3267 543 3322 iam
559 3263 578 3325 l.

127 3347 283 3404 uolumnius
301 3352 380 3408 coi“.
404 3349 497 3407 Altero
515 3352 578 3408 loco

129 3433 174 3490 od
184 3439 286 3488 eastra
297 3451 333 3488 m.
343 3437 369 3491 ci.
379 3436 519 3497 inductum
528 3448 578 3498 est.

74 3509 105 3582 5.
129 3539 197 3578 eum
215 3519 333 3598 legione
350 3535 388 3578 11
407 3541 443 3577 ae
460 3539 516 3582 111
531 3546 578 3582 so·

130 3611 303 3685 clerumque
315 3608 435 3666 milibus
449 3625 515 3667 xv:
529 3607 580 3668 ΡΜ

130 3694 256 3768 (beidi.
276 3693 354 3753 Voss.
366 3713 394 3754 u.
412 3694 503 3768 rell.)]
518 3717 580 3756 eum

128 3785 281 3860 legionibus
304 3781 422 3841 secunda
445 3803 477 3840 ac
500 3788 579 3842 tertia

131 3882 181 3932 eet.
208 3869 266 3941 (ed.
293 3868 375 3930 Frob.
404 3874 511 3944 1535.).
543 3905 580 3918 -·

128 3957 165 4014 P:
187 3961 216 4016 iu
234 3959 338 4016 etruria
356 3960 396 4016 ire
413 3958 525 4036 placuit.
543 3991 578 4002 -

131 4043 167 4101 P:
185 4045 252 4103 duae
264 4065 390 4104 romanae
401 4046 523 4124 legiones
535 4067 578 4104 se·

133 4140 201 4203 tute.
219 4151 228 4188 ι
247 4143 282 4192 et.
299 4151 347 4191 nu.
366 4141 393 4190 et
415 4136 525 4192 socioria
542 4153 579 4191 ιιι

134 4211 190 4268 mil.
205 4217 232 4274 tt
248 4217 341 4288 (neit.
354 4239 372 4281 1.
389 4219 523 4293 Lor.l.):
536 4240 579 4280 se·

90 4311 183 4394 nnn
197 4329 247 4375 μη
259 4313 291 4360 ιι.

722 2579 802 2628 ctum
811 2578 872 2628 est:
884 2565 973 2642 Mal]
987 2577 1103 2625 ceterum
1117 2584 1172 2622 ma·

722 2658 763 2733 gis
782 2676 814 2712 eo
832 2655 983 2733 proiectum
1001 2663 1051 2711 est.
1069 2637 1173 2722 „iibri-

705 2763 708 2768 ·
722 2762 788 2818 gens
801 2744 896 2799 wurde
906 2741 1028 2800 dadurcb
1040 2739 1117 2795 mebr
1128 2756 1171 2811 ge·

722 2848 850 2896 wounen,
868 2826 931 2885 dass
949 2847 1011 2885 man
1027 2845 1082 2882 von
1101 2823 1172 2882 Rom

723 2935 772 2973 aus
807 2913 884 2972 nicht
919 2922 1040 2990 gestum:
1075 2913 1171 2969 bette“

723 3023 750 3064 u.
762 3022 785 3064 s.
796 3023 833 3062 w.
845 3034 879 3046 -
898 2999 933 3061 P:
952 3011 1069 3060 ceterum
1087 3000 1172 3078 magis

724 3111 757 3148 eo
775 3090 912 3170 prosectu:
936 3087 1070 3168 estquod
1087 3098 1173 3146 matu·

722 3185 851 3238 raeuentir
869 3187 935 3239 erat.
960 3177 999 3236 lll:
1028 3174 1103 3255 q'uod
1118 3194 1174 3233 ma·

721 3269 893 3324 :uriaeuentu
910 3275 975 3325 erat.
987 3295 1023 3308 ·-
1040 3261 1082 3320 lll:
1101 3273 1173 3320 etru-

722 3357 780 3412 riae
801 3353 917 3431 populos
944 3359 1031 3416 metus
1046 3354 1053 3420 Ι
1068 3349 1173 3406 romani

723 3442 906 3518 conprimeret
928 3456 1007 3514 quam
1031 3434 1106 3512 quod
1122 3435 1172 3494 du·

723 3537 770 3586 ctu
793 3533 850 3586 cos.
878 3525 1022 3602 quicquam
1045 3523 1084 3580 ibi
1104 3523 1171 3580 satis

721 3617 775 3672 site
793 3624 839 3673 aut
857 3621 908 3672 cet.
940 3612 974 3669 P:
999 3629 1079 3690 quam
1098 3610 1172 3688 quod

722 3701 798 3760 dictu
822 3707 878 3759 coi.
901 3699 1044 3776 quicquam
1067 3706 1118 3758 eet.
1136 3729 1171 3741 -

722 3789 749 3846 Μ
773 3810 809 3848 m.
833 3791 872 3848 1.:
896 3805 931 3843 ne
952 3785 1084 3845 militibus
1107 3785 1171 3846 dux.

721 3897 758 3934 m.
776 3879 819 3934 3.:
837 3893 888 3932 nec
906 3872 1047 3934 militibus.

652 3963 695 4022 16.
724 3964 769 4020 od
784 3963 932 4042 collegam
943 3961 1172 4020 accersendum.-

721 4047 1030 4110 peltensium.
1059 4048 1109 4118 al]
1135 4045 1170 4104 ad

722 4136 852 4213 collegam
870 4136 1068 4194 arcessendum.
1086 4132 1131 4194 Ol.
1144 4137 1171 4204 7,

720 4224 779 4282 32:
802 4220 838 4279 ad
858 4219 1020 4279 :coemenda
1041 4221 1171 4280 adversus

928 4311 969 4380 :1
