2618 4590
178 265 221 332 78
648 277 755 337 uuus
773 277 817 337 vl.

287 441 406 510 XXIV.
450 441 553 509 Simul
575 440 679 532 primo
695 464 852 508 concursu
866 464 1081 532 concrepuere
1105 463 1201 521 arnna,
1223 439 1280 506 ho

178 545 243 612 stis'
257 546 333 612 dolo
360 570 425 613 non
453 558 541 612 nretn
568 547 685 637 pedem
712 545 842 613 rettulit.
883 546 961 612 lenis
990 546 1030 611 ab
1059 555 1149 634 tergo
1179 543 1280 611 clivus

181 662 248 717 erat
269 651 349 718 inter
371 651 472 717 aciem
494 663 528 719 ct
549 662 666 718 castra:
689 662 723 719 ct
744 651 832 741 quod
853 651 1023 717 multitudo
1046 649 1280 740 suppeditabat,

61 799 65 807 ι
182 755 302 845 aliquot
323 756 443 823 validas
466 757 614 825 cohortes
637 756 669 820 in
692 755 800 822 castris
823 767 959 822 armatus
978 756 1212 844 instructasque
1235 779 1280 820 re·

152 859 352 949 aliquorum,
381 885 464 950 quae
487 861 569 928 inter
590 862 797 926 commissum
824 861 889 927 iarn
911 871 1086 941 certarnen,
1113 859 1168 924 nbi
1195 860 1280 926 vallo

183 965 471 1055 adpropinquasset
484 965 594 1047 hostis,
616 977 828 1055 erumperent.
864 966 1027 1035 Romanus
1042 963 1211 1030 cedentem
1224 964 1280 1030 ho

179 1081 263 1136 stem
286 1071 385 1136 effuse
408 1070 572 1159 sequendo
595 1070 628 1135 in
655 1070 764 1136 locum
790 1070 935 1160 iniquum
961 1079 1138 1158 pertractus
1166 1091 1281 1158 oppor-

178 1184 275 1240 tunus
298 1174 373 1241 huie
397 1175 553 1264 eruptioni
575 1174 648 1240 fuit:
685 1199 796 1242 versus
819 1175 925 1263 itaque
948 1174 980 1238 in
1003 1172 1158 1243 victorem
1180 1182 1281 1238 terror

182 1289 215 1344 et
236 1302 322 1344 novo
354 1277 448 1345 hoste
476 1290 508 1346 et
534 1278 648 1368 supina
675 1280 758 1346 valle
781 1278 960 1346 Romanam
988 1274 1149 1343 inelinavit
1168 1276 1281 1343 aciem.

133 1388 168 1442 10
178 1381 298 1449 instant
319 1382 429 1450 Vulsci
451 1395 595 1450 recentes
619 1385 674 1473 qui
697 1409 715 1451 e
738 1383 847 1450 castris
869 1383 1025 1471 impeturn
1047 1381 1204 1448 fecerant:
1238 1381 1281 1446 in·

179 1496 302 1576 tegrant
324 1498 357 1553 et
376 1487 422 1552 illi
443 1512 584 1578 pugnam
599 1489 654 1578 qui
675 1489 822 1555 simulata
837 1496 998 1553 cesserant
1012 1485 1097 1576 fuga.
1134 1484 1200 1552 iarn
1215 1509 1280 1552 non

249 1679 292 1727 tos
310 1670 438 1746 neglectis
457 1671 555 1747 vigiliis
572 1674 694 1729 stationi-

188 1771 192 1783 ·
250 1762 351 1835 busque
365 1769 405 1814 est
417 1760 550 1815 adortus“
563 1770 615 1818 eet.
638 1760 695 1816 Lit-

248 1854 333 1901 tcrum
351 1867 381 1901 m
398 1866 463 1901 vero
482 1850 509 1902 in
528 1847 583 1902 line
600 1847 695 1904 verbo-

836 1667 1044 1736 annumerare,
1058 1668 1106 1726 aul
1115 1668 1169 1726 den
1181 1669 1281 1746 Sieger‚

836 1756 892 1813 und
897 1755 1007 1812 brachte
1017 1755 1061 1812 die
1068 1763 1137 1816 rom.
1144 1756 1281 1813 schlucht-

836 1842 912 1900 reihe
930 1864 990 1900 zurn
1009 1841 1177 1905 Weiehen“.

248 1952 309 1988 rum
327 1935 440 1990 maxima
460 1936 562 1990 incuria
582 1956 596 1989 a
614 1933 695 1990 libra·
768 1931 810 1989 ll.
829 1931 1281 2010 quiaimulutacceserantsuga:

247 2021 296 2075 riis
314 2041 369 2077 non
388 2021 518 2079 adiectam
542 2022 623 2078 modo
646 2021 695 2078 sed
718 2012 725 2020 ⁸

249 2109 330 2164 etiam
355 2112 480 2166 omissam
508 2130 568 2166 esse
586 2111 695 2166 notissi-

248 2214 322 2250 mum
350 2205 398 2255 cst.
427 2227 461 2237 ·—
493 2195 533 2252 ul:
558 2200 607 2252 cr'rs
629 2198 695 2255 titis.

197 2281 223 2336 2.
250 2281 327 2337 lenis
346 2284 383 2337 ab
401 2293 484 2360 tergo
500 2283 596 2338 cliuus
615 2293 695 2339 erat:

248 2364 306 2424 Pul.
338 2397 368 2407 -
397 2367 478 2426 Reec.
502 2368 579 2425 multi
602 2369 695 2429 codd:

248 2450 328 2510 leuis.
354 2453 399 2513 Cf.
417 2458 443 2522 2,
462 2458 520 2513 uua
540 2455 695 2524 „duxitvia

249 2540 280 2593 in
311 2539 412 2596 editum
441 2541 537 2597 leniter
569 2542 695 2603 eollem“.

216 2652 219 2661 ¹
250 2627 300 2693 29,
318 2628 376 2685 33.:
404 2628 481 2697 „leni
500 2629 570 2687 clivo
593 2631 695 2688 serente

249 2713 283 2768 ad
307 2713 442 2771 hostcm“.
466 2716 499 2774 al.
523 2747 556 2759 -
582 2717 654 2776 Harl.
677 2738 694 2776 1.

248 2799 326 2861 Leid.
345 2823 378 2861 n:
399 2803 513 2881 aliquod
529 2803 632 2861 ualidas
651 2826 695 2862 eo·

248 2888 349 2948 hortes.
376 2919 411 2935 -·
435 2891 471 2948 P:
503 2892 694 2970 relinquerant.

249 2975 292 3034 Cf.
310 2980 336 3043 2,
356 2981 398 3037 10.

195 3062 222 3116 7.
248 3072 446 3134 opportunus:
466 3065 500 3124 lli.
516 3096 548 3106 -
563 3066 598 3121 P:
613 3087 692 3141 opor·

249 3155 338 3205 tunus.
364 3179 398 3188 -
418 3149 494 3216 „Die
517 3149 617 3207 Rdmer
641 3152 693 3208 den

247 3233 424 3291 weichenden
434 3236 455 3292 F
456 3236 518 3292 eind
528 3239 577 3293 mit
585 3242 692 3294 stfirnri·

247 3320 327 3377 soher
345 3322 451 3379 Gerralt
468 3323 633 3399 verlolgend‚
655 3325 694 3381 als

247 3410 287 3464 sie
305 3409 363 3466 sich
382 3431 416 3466 an
434 3413 495 3484 jene
514 3411 694 3485 gellthrliehen

249 3495 351 3553 Stellen
373 3497 466 3554 hatten
484 3497 625 3556 verloelren
643 3498 694 3554 las·

246 3600 309 3649 sen,
333 3585 445 3642 standen
463 3605 547 3660 gegcn
568 3585 619 3641 den
637 3606 694 3642 nun

246 3668 515 3729 hervorbrechenden
544 3672 630 3729 Feind
663 3676 692 3728 in

246 3775 366 3829 grossum
374 3757 541 3817 Nachtheile.
553 3760 591 3816 So
599 3760 691 3815 wand-

247 3851 274 3898 te
297 3842 355 3897 sich
379 3844 450 3900 deun
474 3846 522 3903 dcr
539 3846 691 3903 Schreclren

245 3929 290 3985 bei
310 3929 369 3988 dem
387 3932 517 3990 Anbliclre
538 3935 586 3993 des
603 3953 691 3990 neuen

245 4015 362 4073 Feindes
384 4019 441 4075 und
468 4019 516 4076 der
539 4023 690 4079 absclriissi·

231 4123 297 4197 ‘gen
318 4105 424 4176 Ebene,
451 4107 538 4164 durch
562 4108 606 4167 die
622 4127 689 4168 ,tuan

835 2017 863 2074 Μ
882 2038 917 2076 ιιι.
934 2019 1006 2076 9.-
1024 2016 1053 2074 lll
1070 2039 1106 2077 ιιι.
1127 2023 1164 2076 1.:
1184 2019 1295 2095 lugam„

836 2103 858 2159 P
876 2108 964 2163 m.1.:
982 2125 1039 2182 qua
1050 2105 1177 2165 simulata.
1195 2127 1231 2165 ιιι.
1243 2109 1280 2162 2:

835 2190 967 2250 simulata.

784 2308 819 2319 -
837 2279 898 2334 ium
919 2299 979 2334 non
1002 2279 1160 2353 recipiebat
1184 2299 1218 2336 se
1236 2299 1280 2335 ro·

836 2384 944 2420 munus
966 2367 1069 2422 miles:
1097 2365 1155 2425 Pul.
1183 2365 1282 2423 Viden·

837 2451 902 2508 dum
919 2461 960 2508 cst
977 2472 1012 2507 ne
1034 2454 1095 2528 quis
1119 2445 1187 2509 uurn⁴
1199 2451 1282 2511 Conr.

834 2538 1002 2614 Heusingcro
1015 2539 1086 2595 hunc
1099 2539 1187 2597 locum
1198 2542 1281 2596 iuter·

836 2636 957 2704 pretetur
968 2627 1075 2694 „sehon
1087 2627 1160 2683 wich
1174 2625 1223 2682 der
1237 2633 1280 2682 rd-

835 2713 938 2770 mische
946 2712 1043 2770 Soldat
1052 2713 1127 2770 nieht
1136 2711 1196 2770 blus
1205 2712 1281 2769 eliel·

834 2806 947 2868 wirts“‚
964 2799 1116 2869 sed„nicht
1126 2799 1281 2857 rermoelrte

836 2887 885 2944 der
912 2887 1013 2944 Rtmer
1041 2888 1101 2944 sich
1135 2906 1191 2944 rou
1219 2886 1280 2942 dem

835 2974 998 3052 pltttzlichen
1011 2973 1166 3030 Schreelren
1175 2972 1282 3046 yrieder

835 3082 868 3116 zu
891 3061 1000 3117 erholen
1022 3061 1080 3118 und
1103 3081 1157 3120 von
1178 3060 1280 3118 Nauem

833 3148 920 3204 festen
932 3149 954 3204 F
955 3169 1000 3205 uss
1019 3169 1052 3204 zu
1070 3148 1191 3208 fassen“.
1217 3147 1279 3204 Pur·

803 3232 808 3243 '
834 3234 915 3291 tienla
934 3238 1002 3304 iam,
1021 3256 1072 3313 qua
1084 3233 1178 3292 Livius
1196 3233 1280 3303 adid,

835 3323 909 3398 quod
926 3332 988 3380 tum
1000 3323 1108 3379 deinde
1119 3321 1280 3398 significant,

795 3434 802 3461 ι
834 3412 936 3465 maiore
955 3411 1069 3486 quedam
1082 3413 1111 3467 vi
1129 3411 1280 3487 exprimen-

834 3497 899 3552 dum
917 3498 957 3552 uti
976 3496 1067 3565 solet(
1072 3498 1106 3555 ei.
1124 3498 1233 3566 6‚18.)‚
1251 3497 1281 3552 in

834 3603 954 3651 errorem
966 3583 1109 3641 induxerit.
1129 3582 1172 3640 Cf.
1184 3585 1210 3652 2,
1222 3587 1281 3641 50.:

835 3691 922 3740 „mox
939 3681 970 3728 ut
986 3671 1139 3748 respirandi
1155 3671 1282 3747 superior

832 3758 908 3816 locus
926 3761 1041 3838 spatium
1060 3758 1135 3815 dedit
1148 3759 1281 3834 reeipien-

832 3846 914 3924 dique
926 3869 940 3902 a
954 3866 1054 3925 pavore
1062 3856 1138 3902 tanto
1151 3848 1279 3914 animum,

831 3935 958 4012 pepulere
994 3937 1074 3991 etiam
1109 3933 1278 3990 subeuntes“

832 4025 896 4091 (ιι,
912 4007 964 4095 5.).
996 4025 1039 4089 10,
1057 4023 1115 4080 us:
1137 4030 1189 4091 „a
1206 4023 1279 4077 nse-

832 4119 892 4166 cuta
910 4141 944 4153 -
963 4109 1064 4175 Gallica
1083 4111 1156 4167 acies
1172 4106 1279 4166 nullum
