<?xml version="1.0" encoding="UTF-8"?>
<!DOCTYPE html PUBLIC "-//W3C//DTD XHTML 1.0 Transitional//EN"
    "http://www.w3.org/TR/xhtml1/DTD/xhtml1-transitional.dtd">
<html xmlns="http://www.w3.org/1999/xhtml" xml:lang="en" lang="en">
 <head>
  <title>
</title>
<meta http-equiv="Content-Type" content="text/html;charset=utf-8" />
  <meta name='ocr-system' content='tesseract 3.04.00' />
  <meta name='ocr-capabilities' content='ocr_page ocr_carea ocr_par ocr_line ocrx_word'/>
</head>
<body>
  <div class='ocr_page' id='page_1' title='image "./titilivirerumro01alscgoog_0125.png"; bbox 0 0 2618 4590; ppageno 0'>
   <div class='ocr_carea' id='block_1_1' title="bbox 173 217 814 314">
    <p class='ocr_par' dir='ltr' id='par_1_1' title="bbox 173 217 814 314">
     <span class='ocr_line' id='line_1_1' title="bbox 173 217 814 314; baseline 0.008 -5"><span class='ocrx_word' id='word_1_1' title='bbox 173 241 238 309; x_wconf 81' lang='lat'><strong>108</strong></span> <span class='ocrx_word' id='word_1_2' title='bbox 515 217 549 235; x_wconf 69' lang='lat'><strong>&#39;&#39;</strong></span> <span class='ocrx_word' id='word_1_3' title='bbox 628 248 751 313; x_wconf 77' lang='lat' dir='ltr'><strong>&#39;uinus</strong></span> <span class='ocrx_word' id='word_1_4' title='bbox 768 254 814 314; x_wconf 85' lang='lat' dir='ltr'><strong>u.</strong></span> 
     </span>
    </p>
   </div>
   <div class='ocr_carea' id='block_1_2' title="bbox 78 417 1274 1239">
    <p class='ocr_par' dir='ltr' id='par_1_2' title="bbox 149 417 1274 812">
     <span class='ocr_line' id='line_1_2' title="bbox 149 417 1273 508; baseline -0.001 -24"><span class='ocrx_word' id='word_1_5' title='bbox 149 423 285 485; x_wconf 76' lang='lat' dir='ltr'><strong>‘morsu</strong></span> <span class='ocrx_word' id='word_1_6' title='bbox 310 418 407 486; x_wconf 81' lang='lat' dir='ltr'><strong>animi</strong></span> <span class='ocrx_word' id='word_1_7' title='bbox 434 442 509 486; x_wconf 91' lang='lat' dir='ltr'><strong>cum</strong></span> <span class='ocrx_word' id='word_1_8' title='bbox 535 430 626 508; x_wconf 85' lang='lat' dir='ltr'><strong>pater</strong></span> <span class='ocrx_word' id='word_1_9' title='bbox 653 417 734 485; x_wconf 84' lang='lat' dir='ltr'><strong>forte</strong></span> <span class='ocrx_word' id='word_1_10' title='bbox 755 417 901 500; x_wconf 80' lang='lat' dir='ltr'><strong>vidisset,</strong></span> <span class='ocrx_word' id='word_1_11' title='bbox 929 427 1133 508; x_wconf 79' lang='lat' dir='ltr'><strong>percontatus</strong></span> <span class='ocrx_word' id='word_1_12' title='bbox 1159 417 1273 498; x_wconf 82' lang='lat' dir='ltr'><strong>„satin&#39;</strong></span> 
     </span>
     <span class='ocr_line' id='line_1_3' title="bbox 174 520 1274 612; baseline -0.001 -24"><span class='ocrx_word' id='word_1_13' title='bbox 174 523 286 590; x_wconf 81' lang='lat' dir='ltr'><strong>salvc“</strong></span> <span class='ocrx_word' id='word_1_14' title='bbox 307 534 503 592; x_wconf 79' lang='lat' dir='ltr'><strong>evertentem</strong></span> <span class='ocrx_word' id='word_1_15' title='bbox 525 546 654 591; x_wconf 79' lang='lat' dir='ltr'><strong>causam</strong></span> <span class='ocrx_word' id='word_1_16' title='bbox 668 521 787 590; x_wconf 85' lang='lat' dir='ltr'><strong>doloris</strong></span> <span class='ocrx_word' id='word_1_17' title='bbox 809 560 853 577; x_wconf 53' lang='grc' dir='ltr'><strong>κ-</strong></span> <span class='ocrx_word' id='word_1_18' title='bbox 868 522 988 612; x_wconf 81' lang='lat' dir='ltr'><strong>quippe</strong></span> <span class='ocrx_word' id='word_1_19' title='bbox 1008 545 1069 589; x_wconf 86' lang='lat' dir='ltr'><strong>nec</strong></span> <span class='ocrx_word' id='word_1_20' title='bbox 1091 520 1168 587; x_wconf 83' lang='lat' dir='ltr'><strong>satis</strong></span> <span class='ocrx_word' id='word_1_21' title='bbox 1187 521 1274 610; x_wconf 82' lang='lat' dir='ltr'><strong>piam</strong></span> 
     </span>
     <span class='ocr_line' id='line_1_4' title="bbox 175 626 1273 719; baseline -0.002 -27"><span class='ocrx_word' id='word_1_22' title='bbox 175 626 325 719; x_wconf 78' lang='lat' dir='ltr'><strong>adversus</strong></span> <span class='ocrx_word' id='word_1_23' title='bbox 352 652 497 696; x_wconf 89' lang='lat' dir='ltr'><strong>sororem</strong></span> <span class='ocrx_word' id='word_1_24' title='bbox 523 651 585 694; x_wconf 88' lang='lat' dir='ltr'><strong>nec</strong></span> <span class='ocrx_word' id='word_1_25' title='bbox 608 627 782 693; x_wconf 83' lang='lat' dir='ltr'><strong>admodum</strong></span> <span class='ocrx_word' id='word_1_26' title='bbox 809 627 843 692; x_wconf 90' lang='lat' dir='ltr'><strong>in</strong></span> <span class='ocrx_word' id='word_1_27' title='bbox 868 627 973 695; x_wconf 85' lang='lat' dir='ltr'><strong>virum</strong></span> <span class='ocrx_word' id='word_1_28' title='bbox 999 626 1208 693; x_wconf 82' lang='lat' dir='ltr'><strong>honorificam</strong></span> <span class='ocrx_word' id='word_1_29' title='bbox 1230 665 1273 675; x_wconf 95' lang='lat'><strong>—</strong></span> 
     </span>
     <span class='ocr_line' id='line_1_5' title="bbox 175 728 1273 812; baseline -0.002 -14"><span class='ocrx_word' id='word_1_30' title='bbox 175 728 282 799; x_wconf 86' lang='lat' dir='ltr'><strong>elicuit</strong></span> <span class='ocrx_word' id='word_1_31' title='bbox 303 732 437 800; x_wconf 89' lang='lat' dir='ltr'><strong>comiter</strong></span> <span class='ocrx_word' id='word_1_32' title='bbox 464 732 652 799; x_wconf 79' lang='lat' dir='ltr'><strong>sciscitando</strong></span> <span class='ocrx_word' id='word_1_33' title='bbox 681 742 718 797; x_wconf 88' lang='lat' dir='ltr'><strong>ut</strong></span> <span class='ocrx_word' id='word_1_34' title='bbox 745 730 911 812; x_wconf 83' lang='lat' dir='ltr'><strong>fateretur,</strong></span> <span class='ocrx_word' id='word_1_35' title='bbox 944 755 1016 797; x_wconf 83' lang='lat' dir='ltr'><strong>eum</strong></span> <span class='ocrx_word' id='word_1_36' title='bbox 1044 755 1114 797; x_wconf 86' lang='lat' dir='ltr'><strong>esse</strong></span> <span class='ocrx_word' id='word_1_37' title='bbox 1143 754 1273 797; x_wconf 82' lang='lat' dir='ltr'><strong>causum</strong></span> 
     </span>
    </p>

    <p class='ocr_par' dir='ltr' id='par_1_3' title="bbox 142 834 1273 1031">
     <span class='ocr_line' id='line_1_6' title="bbox 142 834 1273 926; baseline 0.004 -28"><span class='ocrx_word' id='word_1_38' title='bbox 142 836 291 905; x_wconf 80' lang='lat' dir='ltr'><strong>5dolon&#39;s</strong></span> <span class='ocrx_word' id='word_1_39' title='bbox 314 837 402 926; x_wconf 93' lang='lat' dir='ltr'><strong>quod</strong></span> <span class='ocrx_word' id='word_1_40' title='bbox 423 837 529 903; x_wconf 82' lang='lat' dir='ltr'><strong>iuncta</strong></span> <span class='ocrx_word' id='word_1_41' title='bbox 551 836 652 925; x_wconf 83' lang='lat' dir='ltr'><strong>inpari</strong></span> <span class='ocrx_word' id='word_1_42' title='bbox 674 847 760 903; x_wconf 89' lang='lat' dir='ltr'><strong>esset</strong></span> <span class='ocrx_word' id='word_1_43' title='bbox 780 846 879 926; x_wconf 84' lang='lat' dir='ltr'><strong>nupto</strong></span> <span class='ocrx_word' id='word_1_44' title='bbox 900 834 934 900; x_wconf 90' lang='lat' dir='ltr'><strong>in</strong></span> <span class='ocrx_word' id='word_1_45' title='bbox 956 837 1069 919; x_wconf 86' lang='lat' dir='ltr'><strong>domo,</strong></span> <span class='ocrx_word' id='word_1_46' title='bbox 1092 860 1191 926; x_wconf 81' lang='lat' dir='ltr'><strong>quam</strong></span> <span class='ocrx_word' id='word_1_47' title='bbox 1213 860 1273 903; x_wconf 88' lang='lat' dir='ltr'><strong>nec</strong></span> 
     </span>
     <span class='ocr_line' id='line_1_7' title="bbox 170 939 1271 1031; baseline 0 -26"><span class='ocrx_word' id='word_1_48' title='bbox 170 940 275 1008; x_wconf 85' lang='lat' dir='ltr'><strong>honos</strong></span> <span class='ocrx_word' id='word_1_49' title='bbox 296 966 358 1009; x_wconf 86' lang='lat' dir='ltr'><strong>nec</strong></span> <span class='ocrx_word' id='word_1_50' title='bbox 380 941 477 1031; x_wconf 80' lang='lat' dir='ltr'><strong>gratia</strong></span> <span class='ocrx_word' id='word_1_51' title='bbox 499 940 614 1007; x_wconf 77' lang='lat' dir='ltr'><strong>intrare</strong></span> <span class='ocrx_word' id='word_1_52' title='bbox 637 949 759 1029; x_wconf 87' lang='lat' dir='ltr'><strong>posset.</strong></span> <span class='ocrx_word' id='word_1_53' title='bbox 795 939 966 1007; x_wconf 83' lang='lat' dir='ltr'><strong>consolans</strong></span> <span class='ocrx_word' id='word_1_54' title='bbox 987 940 1061 1006; x_wconf 89' lang='lat' dir='ltr'><strong>inde</strong></span> <span class='ocrx_word' id='word_1_55' title='bbox 1082 940 1182 1007; x_wconf 85' lang='lat' dir='ltr'><strong>filiam</strong></span> <span class='ocrx_word' id='word_1_56' title='bbox 1198 940 1271 1006; x_wconf 81' lang='lat' dir='ltr'><strong>Am-</strong></span> 
     </span>
    </p>

    <p class='ocr_par' dir='ltr' id='par_1_4' title="bbox 78 1042 1272 1133">
     <span class='ocr_line' id='line_1_8' title="bbox 78 1042 1272 1133; baseline 0 -23"><span class='ocrx_word' id='word_1_57' title='bbox 78 1078 83 1091; x_wconf 86' lang='lat'><strong>·</strong></span> <span class='ocrx_word' id='word_1_58' title='bbox 169 1044 282 1112; x_wconf 86' lang='lat' dir='ltr'><strong>bustus</strong></span> <span class='ocrx_word' id='word_1_59' title='bbox 303 1047 426 1113; x_wconf 90' lang='lat' dir='ltr'><strong>bonum</strong></span> <span class='ocrx_word' id='word_1_60' title='bbox 449 1045 591 1111; x_wconf 84' lang='lat' dir='ltr'><strong>animum</strong></span> <span class='ocrx_word' id='word_1_61' title='bbox 618 1042 736 1110; x_wconf 78' lang='lat' dir='ltr'><strong>habere</strong></span> <span class='ocrx_word' id='word_1_62' title='bbox 754 1042 869 1126; x_wconf 83' lang='lat' dir='ltr'><strong>iussit,</strong></span> <span class='ocrx_word' id='word_1_63' title='bbox 903 1044 1037 1111; x_wconf 87' lang='lat' dir='ltr'><strong>eosdem</strong></span> <span class='ocrx_word' id='word_1_64' title='bbox 1064 1066 1165 1133; x_wconf 88' lang='lat' dir='ltr'><strong>prope</strong></span> <span class='ocrx_word' id='word_1_65' title='bbox 1188 1045 1272 1110; x_wconf 89' lang='lat' dir='ltr'><strong>diem</strong></span> 
     </span>
    </p>

    <p class='ocr_par' dir='ltr' id='par_1_5' title="bbox 171 1147 1272 1239">
     <span class='ocr_line' id='line_1_9' title="bbox 171 1147 1272 1239; baseline 0.001 -23"><span class='ocrx_word' id='word_1_66' title='bbox 171 1151 258 1218; x_wconf 89' lang='lat' dir='ltr'><strong>domi</strong></span> <span class='ocrx_word' id='word_1_67' title='bbox 274 1149 417 1219; x_wconf 79' lang='lat' dir='ltr'><strong>visuram</strong></span> <span class='ocrx_word' id='word_1_68' title='bbox 438 1148 577 1217; x_wconf 84' lang='lat' dir='ltr'><strong>honores</strong></span> <span class='ocrx_word' id='word_1_69' title='bbox 600 1171 684 1239; x_wconf 89' lang='lat' dir='ltr'><strong>quos</strong></span> <span class='ocrx_word' id='word_1_70' title='bbox 699 1149 784 1239; x_wconf 83' lang='lat' dir='ltr'><strong>opud</strong></span> <span class='ocrx_word' id='word_1_71' title='bbox 799 1170 942 1215; x_wconf 86' lang='lat' dir='ltr'><strong>sororem</strong></span> <span class='ocrx_word' id='word_1_72' title='bbox 957 1147 1072 1216; x_wconf 79' lang='lat' dir='ltr'><strong>videat.</strong></span> <span class='ocrx_word' id='word_1_73' title='bbox 1111 1148 1184 1216; x_wconf 88' lang='lat' dir='ltr'><strong>inde</strong></span> <span class='ocrx_word' id='word_1_74' title='bbox 1200 1172 1272 1216; x_wconf 93' lang='lat' dir='ltr'><strong>con·</strong></span> 
     </span>
    </p>
   </div>
   <div class='ocr_carea' id='block_1_3' title="bbox 239 1368 687 1601">
    <p class='ocr_par' dir='ltr' id='par_1_6' title="bbox 239 1368 687 1601">
     <span class='ocr_line' id='line_1_10' title="bbox 241 1368 687 1427; baseline -0.004 -1"><span class='ocrx_word' id='word_1_75' title='bbox 241 1369 376 1427; x_wconf 82' lang='lat' dir='ltr'><strong>Gemiithe</strong></span> <span class='ocrx_word' id='word_1_76' title='bbox 408 1390 442 1426; x_wconf 85' lang='lat' dir='ltr'><strong>so</strong></span> <span class='ocrx_word' id='word_1_77' title='bbox 476 1368 687 1427; x_wconf 79' lang='lat' dir='ltr'><strong>schmerrlichen</strong></span> 
     </span>
     <span class='ocr_line' id='line_1_11' title="bbox 239 1455 687 1601; baseline 0.002 -87"><span class='ocrx_word' id='word_1_78' title='bbox 239 1456 384 1601; x_wconf 48' lang='lat' dir='ltr'><strong>{pipiong</strong></span> <span class='ocrx_word' id='word_1_79' title='bbox 408 1477 462 1514; x_wconf 84' lang='lat' dir='ltr'><strong>ron</strong></span> <span class='ocrx_word' id='word_1_80' title='bbox 485 1455 568 1515; x_wconf 79' lang='lat' dir='ltr'><strong>Gram</strong></span> <span class='ocrx_word' id='word_1_81' title='bbox 594 1455 687 1515; x_wconf 80' lang='lat' dir='ltr'><strong>eritillt</strong></span> 
     </span>
    </p>
   </div>
   <div class='ocr_carea' id='block_1_4' title="bbox 130 1631 686 1704">
    <p class='ocr_par' dir='ltr' id='par_1_7' title="bbox 130 1631 686 1704">
     <span class='ocr_line' id='line_1_12' title="bbox 130 1631 686 1704; baseline -0.002 -17"><span class='ocrx_word' id='word_1_82' title='bbox 130 1635 144 1697; x_wconf 73' lang='lat'><strong>¹.</strong></span> <span class='ocrx_word' id='word_1_83' title='bbox 190 1631 214 1691; x_wconf 87' lang='lat'><strong>1.</strong></span> <span class='ocrx_word' id='word_1_84' title='bbox 238 1641 430 1704; x_wconf 80' lang='lat' dir='ltr'><strong>percontatur</strong></span> <span class='ocrx_word' id='word_1_85' title='bbox 468 1633 548 1689; x_wconf 79' lang='lat' dir='ltr'><strong>satin</strong></span> <span class='ocrx_word' id='word_1_86' title='bbox 582 1632 686 1689; x_wconf 74' lang='lat' dir='ltr'><strong>salue:</strong></span> 
     </span>
    </p>
   </div>
   <div class='ocr_carea' id='block_1_5' title="bbox 225 1716 685 2127">
    <p class='ocr_par' dir='ltr' id='par_1_8' title="bbox 225 1716 685 2127">
     <span class='ocr_line' id='line_1_13' title="bbox 241 1716 685 1796; baseline -0.005 -21"><span class='ocrx_word' id='word_1_87' title='bbox 241 1716 302 1791; x_wconf 79' lang='lat' dir='ltr'><strong>PM]</strong></span> <span class='ocrx_word' id='word_1_88' title='bbox 320 1728 509 1796; x_wconf 78' lang='lat' dir='ltr'><strong>percunctatus</strong></span> <span class='ocrx_word' id='word_1_89' title='bbox 527 1720 619 1788; x_wconf 82' lang='lat' dir='ltr'><strong>‚‚satin</strong></span> <span class='ocrx_word' id='word_1_90' title='bbox 633 1717 685 1774; x_wconf 80' lang='lat' dir='ltr'><strong>sal·</strong></span> 
     </span>
     <span class='ocr_line' id='line_1_14' title="bbox 238 1804 683 1883; baseline -0.002 -22"><span class='ocrx_word' id='word_1_91' title='bbox 238 1810 321 1865; x_wconf 80' lang='lat' dir='ltr'><strong>vae“.</strong></span> <span class='ocrx_word' id='word_1_92' title='bbox 338 1804 384 1866; x_wconf 83' lang='lat' dir='ltr'><strong>Ci.</strong></span> <span class='ocrx_word' id='word_1_93' title='bbox 402 1808 430 1875; x_wconf 81' lang='lat'><strong>6,</strong></span> <span class='ocrx_word' id='word_1_94' title='bbox 446 1810 503 1870; x_wconf 49' lang='lat'><strong>255</strong></span> <span class='ocrx_word' id='word_1_95' title='bbox 521 1815 683 1883; x_wconf 81' lang='lat' dir='ltr'><strong>percontan-</strong></span> 
     </span>
     <span class='ocr_line' id='line_1_15' title="bbox 237 1891 683 1970; baseline 0.002 -23"><span class='ocrx_word' id='word_1_96' title='bbox 237 1891 372 1969; x_wconf 82' lang='lat' dir='ltr'><strong>tibusque.</strong></span> <span class='ocrx_word' id='word_1_97' title='bbox 383 1895 416 1961; x_wconf 51' lang='grc' dir='ltr'><strong>Χ3,</strong></span> <span class='ocrx_word' id='word_1_98' title='bbox 434 1895 493 1952; x_wconf 69' lang='lat' dir='ltr'><strong>uo:</strong></span> <span class='ocrx_word' id='word_1_99' title='bbox 512 1895 683 1970; x_wconf 76' lang='lat' dir='ltr'><strong>rogitansque</strong></span> 
     </span>
     <span class='ocr_line' id='line_1_16' title="bbox 225 1976 683 2049; baseline 0.002 -14"><span class='ocrx_word' id='word_1_100' title='bbox 225 1976 324 2035; x_wconf 61' lang='lat' dir='ltr'><strong>‘satin&#39;</strong></span> <span class='ocrx_word' id='word_1_101' title='bbox 347 1982 440 2040; x_wconf 79' lang='lat' dir='ltr'><strong>salve.</strong></span> <span class='ocrx_word' id='word_1_102' title='bbox 469 1982 498 2049; x_wconf 92' lang='lat'><strong>1,</strong></span> <span class='ocrx_word' id='word_1_103' title='bbox 520 1983 565 2041; x_wconf 75' lang='lat'><strong>58.</strong></span> <span class='ocrx_word' id='word_1_104' title='bbox 587 1979 620 2040; x_wconf 80' lang='lat' dir='ltr'><strong>rl.</strong></span> <span class='ocrx_word' id='word_1_105' title='bbox 647 2011 683 2022; x_wconf 92' lang='lat'><em>-</em></span> 
     </span>
     <span class='ocr_line' id='line_1_17' title="bbox 236 2064 577 2127; baseline 0.018 -7"><span class='ocrx_word' id='word_1_106' title='bbox 236 2064 310 2124; x_wconf 78' lang='lat' dir='ltr'><strong>fleri.</strong></span> <span class='ocrx_word' id='word_1_107' title='bbox 329 2085 360 2124; x_wconf 87' lang='lat'><strong>1.:</strong></span> <span class='ocrx_word' id='word_1_108' title='bbox 379 2066 577 2127; x_wconf 79' lang='lat' dir='ltr'><strong>aduertentem.</strong></span> 
     </span>
    </p>
   </div>
   <div class='ocr_carea' id='block_1_6' title="bbox 105 2154 683 2229">
    <p class='ocr_par' dir='ltr' id='par_1_9' title="bbox 105 2154 683 2229">
     <span class='ocr_line' id='line_1_18' title="bbox 105 2154 683 2229; baseline 0 -20"><span class='ocrx_word' id='word_1_109' title='bbox 105 2206 108 2218; x_wconf 79' lang='grc'><strong>,</strong></span> <span class='ocrx_word' id='word_1_110' title='bbox 185 2185 209 2211; x_wconf 57' lang='lat' dir='ltr'><strong>a.</strong></span> <span class='ocrx_word' id='word_1_111' title='bbox 238 2155 347 2229; x_wconf 77' lang='lat' dir='ltr'><strong>quippe</strong></span> <span class='ocrx_word' id='word_1_112' title='bbox 363 2175 417 2210; x_wconf 83' lang='lat' dir='ltr'><strong>nec</strong></span> <span class='ocrx_word' id='word_1_113' title='bbox 434 2155 511 2212; x_wconf 76' lang='lat' dir='ltr'><strong>ratis</strong></span> <span class='ocrx_word' id='word_1_114' title='bbox 530 2155 612 2228; x_wconf 82' lang='lat' dir='ltr'><strong>piam</strong></span> <span class='ocrx_word' id='word_1_115' title='bbox 630 2154 683 2209; x_wconf 85' lang='lat' dir='ltr'><strong>od-</strong></span> 
     </span>
    </p>
   </div>
   <div class='ocr_carea' id='block_1_7' title="bbox 179 2239 683 3532">
    <p class='ocr_par' dir='ltr' id='par_1_10' title="bbox 230 2239 683 3167">
     <span class='ocr_line' id='line_1_19' title="bbox 236 2239 683 2299; baseline 0.011 -5"><span class='ocrx_word' id='word_1_116' title='bbox 236 2258 344 2297; x_wconf 78' lang='lat' dir='ltr'><strong>uersue</strong></span> <span class='ocrx_word' id='word_1_117' title='bbox 361 2261 510 2296; x_wconf 74' lang='lat' dir='ltr'><strong>sororem.-</strong></span> <span class='ocrx_word' id='word_1_118' title='bbox 527 2239 549 2295; x_wconf 90' lang='lat' dir='ltr'>P</span> <span class='ocrx_word' id='word_1_119' title='bbox 561 2261 597 2297; x_wconf 90' lang='lat' dir='ltr'><strong>m.</strong></span> <span class='ocrx_word' id='word_1_120' title='bbox 610 2241 636 2298; x_wconf 61' lang='grc' dir='ltr'><strong>ὓ.</strong></span> <span class='ocrx_word' id='word_1_121' title='bbox 647 2239 683 2299; x_wconf 82' lang='lat' dir='ltr'><strong>tl.</strong></span> 
     </span>
     <span class='ocr_line' id='line_1_20' title="bbox 237 2325 683 2403; baseline 0.004 -22"><span class='ocrx_word' id='word_1_122' title='bbox 237 2325 312 2381; x_wconf 89' lang='lat' dir='ltr'><strong>-P</strong></span> <span class='ocrx_word' id='word_1_123' title='bbox 330 2347 366 2386; x_wconf 91' lang='lat' dir='ltr'><strong>m.</strong></span> <span class='ocrx_word' id='word_1_124' title='bbox 386 2329 424 2385; x_wconf 78' lang='lat'><strong>1.=</strong></span> <span class='ocrx_word' id='word_1_125' title='bbox 455 2328 556 2403; x_wconf 88' lang='lat' dir='ltr'><strong>quippe</strong></span> <span class='ocrx_word' id='word_1_126' title='bbox 573 2346 624 2382; x_wconf 90' lang='lat' dir='ltr'><strong>nec</strong></span> <span class='ocrx_word' id='word_1_127' title='bbox 641 2346 683 2383; x_wconf 79' lang='lat' dir='ltr'><strong>sa-</strong></span> 
     </span>
     <span class='ocr_line' id='line_1_21' title="bbox 236 2413 682 2491; baseline 0.013 -25"><span class='ocrx_word' id='word_1_128' title='bbox 236 2413 272 2467; x_wconf 86' lang='lat' dir='ltr'><strong>tis</strong></span> <span class='ocrx_word' id='word_1_129' title='bbox 292 2414 419 2491; x_wconf 81' lang='lat' dir='ltr'><strong>qnippnm</strong></span> <span class='ocrx_word' id='word_1_130' title='bbox 438 2413 568 2469; x_wconf 80' lang='lat' dir='ltr'><strong>aduersus</strong></span> <span class='ocrx_word' id='word_1_131' title='bbox 586 2421 682 2472; x_wconf 78' lang='lat' dir='ltr'><strong>cet.-</strong></span> 
     </span>
     <span class='ocr_line' id='line_1_22' title="bbox 234 2497 681 2577; baseline 0.004 -23"><span class='ocrx_word' id='word_1_132' title='bbox 234 2498 408 2577; x_wconf 51' lang='lat' dir='ltr'><strong>Avertenvm</strong></span> <span class='ocrx_word' id='word_1_133' title='bbox 426 2499 517 2556; x_wconf 87' lang='lat' dir='ltr'><strong>elicuit</strong></span> <span class='ocrx_word' id='word_1_134' title='bbox 534 2510 565 2556; x_wconf 86' lang='lat' dir='ltr'><strong>ut</strong></span> <span class='ocrx_word' id='word_1_135' title='bbox 586 2497 681 2556; x_wconf 78' lang='lat' dir='ltr'><strong>fatere·</strong></span> 
     </span>
     <span class='ocr_line' id='line_1_23' title="bbox 234 2584 683 2655; baseline 0.002 -14"><span class='ocrx_word' id='word_1_136' title='bbox 234 2593 292 2642; x_wconf 84' lang='lat' dir='ltr'><strong>tur:</strong></span> <span class='ocrx_word' id='word_1_137' title='bbox 316 2625 334 2655; x_wconf 84' lang='lat'><strong>‚‚</strong></span> <span class='ocrx_word' id='word_1_138' title='bbox 344 2605 374 2642; x_wconf 87' lang='lat' dir='ltr'><strong>er</strong></span> <span class='ocrx_word' id='word_1_139' title='bbox 400 2587 510 2644; x_wconf 80' lang='lat' dir='ltr'><strong>brachte</strong></span> <span class='ocrx_word' id='word_1_140' title='bbox 526 2588 568 2643; x_wconf 86' lang='lat' dir='ltr'><strong>sie</strong></span> <span class='ocrx_word' id='word_1_141' title='bbox 584 2584 624 2642; x_wconf 77' lang='lat' dir='ltr'><strong>als</strong></span> <span class='ocrx_word' id='word_1_142' title='bbox 641 2589 683 2642; x_wconf 79' lang='lat' dir='ltr'><strong>cie</strong></span> 
     </span>
     <span class='ocr_line' id='line_1_24' title="bbox 235 2671 681 2732; baseline 0.004 -4"><span class='ocrx_word' id='word_1_143' title='bbox 235 2671 288 2731; x_wconf 87' lang='lat' dir='ltr'><strong>den</strong></span> <span class='ocrx_word' id='word_1_144' title='bbox 316 2673 412 2732; x_wconf 87' lang='lat' dir='ltr'><strong>Grund</strong></span> <span class='ocrx_word' id='word_1_145' title='bbox 437 2675 511 2732; x_wconf 80' lang='lat' dir='ltr'><strong>ihrer</strong></span> <span class='ocrx_word' id='word_1_146' title='bbox 536 2674 681 2731; x_wconf 82' lang='lat' dir='ltr'><strong>Kummers</strong></span> 
     </span>
     <span class='ocr_line' id='line_1_25' title="bbox 234 2760 681 2838; baseline 0.004 -22"><span class='ocrx_word' id='word_1_147' title='bbox 234 2780 268 2817; x_wconf 85' lang='lat' dir='ltr'><strong>zu</strong></span> <span class='ocrx_word' id='word_1_148' title='bbox 294 2763 441 2838; x_wconf 74' lang='lat' dir='ltr'><strong>verborgen</strong></span> <span class='ocrx_word' id='word_1_149' title='bbox 470 2761 566 2819; x_wconf 79' lang='lat' dir='ltr'><strong>suchte</strong></span> <span class='ocrx_word' id='word_1_150' title='bbox 595 2760 681 2819; x_wconf 81' lang='lat' dir='ltr'><strong>durch</strong></span> 
     </span>
     <span class='ocr_line' id='line_1_26' title="bbox 231 2845 679 2926; baseline 0.007 -23"><span class='ocrx_word' id='word_1_151' title='bbox 231 2845 414 2906; x_wconf 78' lang='lat' dir='ltr'><strong>freonddiches</strong></span> <span class='ocrx_word' id='word_1_152' title='bbox 426 2850 565 2926; x_wconf 78' lang='lat' dir='ltr'><strong>Eiugehen</strong></span> <span class='ocrx_word' id='word_1_153' title='bbox 577 2849 625 2907; x_wconf 83' lang='lat' dir='ltr'><strong>aui</strong></span> <span class='ocrx_word' id='word_1_154' title='bbox 638 2849 679 2906; x_wconf 82' lang='lat' dir='ltr'><strong>ih·</strong></span> 
     </span>
     <span class='ocr_line' id='line_1_27' title="bbox 230 2937 679 3011; baseline 0.004 -21"><span class='ocrx_word' id='word_1_155' title='bbox 230 2955 278 2990; x_wconf 85' lang='lat' dir='ltr'><strong>ren</strong></span> <span class='ocrx_word' id='word_1_156' title='bbox 302 2937 423 2994; x_wconf 82' lang='lat' dir='ltr'><strong>Zostand</strong></span> <span class='ocrx_word' id='word_1_157' title='bbox 449 2937 564 3011; x_wconf 76' lang='lat' dir='ltr'><strong>allmtilig</strong></span> <span class='ocrx_word' id='word_1_158' title='bbox 587 2937 679 3005; x_wconf 70' lang='lat' dir='ltr'><strong>dultin,</strong></span> 
     </span>
     <span class='ocr_line' id='line_1_28' title="bbox 233 3022 679 3096; baseline 0.009 -22"><span class='ocrx_word' id='word_1_159' title='bbox 233 3022 296 3076; x_wconf 86' lang='lat' dir='ltr'><strong>dass</strong></span> <span class='ocrx_word' id='word_1_160' title='bbox 314 3026 354 3078; x_wconf 89' lang='lat' dir='ltr'><strong>sie</strong></span> <span class='ocrx_word' id='word_1_161' title='bbox 372 3025 493 3096; x_wconf 76' lang='lat' dir='ltr'><strong>gestand,</strong></span> <span class='ocrx_word' id='word_1_162' title='bbox 511 3025 559 3080; x_wconf 84' lang='lat' dir='ltr'><strong>das</strong></span> <span class='ocrx_word' id='word_1_163' title='bbox 576 3026 617 3079; x_wconf 88' lang='lat' dir='ltr'><strong>sei</strong></span> <span class='ocrx_word' id='word_1_164' title='bbox 635 3023 679 3079; x_wconf 89' lang='lat' dir='ltr'><strong>die</strong></span> 
     </span>
     <span class='ocr_line' id='line_1_29' title="bbox 233 3105 635 3167; baseline 0.015 -7"><span class='ocrx_word' id='word_1_165' title='bbox 233 3105 338 3161; x_wconf 83' lang='lat' dir='ltr'><strong>Urssch</strong></span> <span class='ocrx_word' id='word_1_166' title='bbox 356 3108 428 3164; x_wconf 87' lang='lat' dir='ltr'><strong>ihres</strong></span> <span class='ocrx_word' id='word_1_167' title='bbox 447 3108 635 3167; x_wconf 76' lang='lat' dir='ltr'><strong>Schmemes“.</strong></span> 
     </span>
    </p>

    <p class='ocr_par' dir='ltr' id='par_1_11' title="bbox 179 3194 682 3532">
     <span class='ocr_line' id='line_1_30' title="bbox 179 3194 682 3270; baseline 0.006 -22"><span class='ocrx_word' id='word_1_168' title='bbox 179 3194 206 3249; x_wconf 77' lang='lat' dir='ltr'><strong>d.</strong></span> <span class='ocrx_word' id='word_1_169' title='bbox 236 3203 329 3267; x_wconf 66' lang='lat' dir='ltr'><strong>raupta</strong></span> <span class='ocrx_word' id='word_1_170' title='bbox 351 3194 383 3250; x_wconf 80' lang='lat' dir='ltr'><strong>iu</strong></span> <span class='ocrx_word' id='word_1_171' title='bbox 406 3195 495 3251; x_wconf 84' lang='lat' dir='ltr'><strong>domo</strong></span> <span class='ocrx_word' id='word_1_172' title='bbox 516 3215 605 3270; x_wconf 83' lang='lat' dir='ltr'><strong>quam</strong></span> <span class='ocrx_word' id='word_1_173' title='bbox 626 3215 682 3250; x_wconf 81' lang='lat' dir='ltr'><strong>nco</strong></span> 
     </span>
     <span class='ocr_line' id='line_1_31' title="bbox 233 3279 679 3362; baseline 0.009 -28"><span class='ocrx_word' id='word_1_174' title='bbox 233 3279 330 3338; x_wconf 77' lang='lat' dir='ltr'><strong>honos</strong></span> <span class='ocrx_word' id='word_1_175' title='bbox 359 3302 415 3339; x_wconf 80' lang='lat' dir='ltr'><strong>nec</strong></span> <span class='ocrx_word' id='word_1_176' title='bbox 438 3285 540 3362; x_wconf 80' lang='lat' dir='ltr'><strong>gratia</strong></span> <span class='ocrx_word' id='word_1_177' title='bbox 565 3283 679 3338; x_wconf 76' lang='lat' dir='ltr'><strong>intrare</strong></span> 
     </span>
     <span class='ocr_line' id='line_1_32' title="bbox 227 3367 677 3441; baseline -0.002 -16"><span class='ocrx_word' id='word_1_178' title='bbox 227 3377 345 3441; x_wconf 80' lang='lat' dir='ltr'><strong>posset:</strong></span> <span class='ocrx_word' id='word_1_179' title='bbox 362 3367 421 3429; x_wconf 81' lang='grc' dir='ltr'><strong>ΡΜ.</strong></span> <span class='ocrx_word' id='word_1_180' title='bbox 438 3369 470 3427; x_wconf 86' lang='lat' dir='ltr'><strong>ln</strong></span> <span class='ocrx_word' id='word_1_181' title='bbox 484 3389 554 3427; x_wconf 85' lang='lat' dir='ltr'><strong>rece.</strong></span> <span class='ocrx_word' id='word_1_182' title='bbox 566 3368 677 3439; x_wconf 77' lang='lat' dir='ltr'><strong>unibus·</strong></span> 
     </span>
     <span class='ocr_line' id='line_1_33' title="bbox 229 3455 677 3532; baseline 0.02 -24"><span class='ocrx_word' id='word_1_183' title='bbox 229 3455 291 3511; x_wconf 82' lang='lat' dir='ltr'><strong>dnn</strong></span> <span class='ocrx_word' id='word_1_184' title='bbox 309 3456 388 3518; x_wconf 89' lang='lat' dir='ltr'><strong>codd.</strong></span> <span class='ocrx_word' id='word_1_185' title='bbox 407 3467 449 3515; x_wconf 86' lang='lat' dir='ltr'><strong>est</strong></span> <span class='ocrx_word' id='word_1_186' title='bbox 461 3460 609 3532; x_wconf 69' lang='lat' dir='ltr'><strong>iuquam.-</strong></span> <span class='ocrx_word' id='word_1_187' title='bbox 626 3455 677 3517; x_wconf 81' lang='lat' dir='ltr'><strong>sed</strong></span> 
     </span>
    </p>
   </div>
   <div class='ocr_carea' id='block_1_8' title="bbox 149 3541 674 3612">
    <p class='ocr_par' dir='ltr' id='par_1_12' title="bbox 149 3541 674 3612">
     <span class='ocr_line' id='line_1_34' title="bbox 149 3541 674 3612; baseline 0.01 -17"><span class='ocrx_word' id='word_1_188' title='bbox 149 3560 151 3565; x_wconf 78' lang='grc'><strong>’</strong></span> <span class='ocrx_word' id='word_1_189' title='bbox 229 3541 263 3598; x_wconf 84' lang='lat' dir='ltr'><strong>ci.</strong></span> <span class='ocrx_word' id='word_1_190' title='bbox 275 3543 302 3609; x_wconf 81' lang='lat'><strong>3.</strong></span> <span class='ocrx_word' id='word_1_191' title='bbox 315 3545 358 3601; x_wconf 80' lang='lat'><strong>51.</strong></span> <span class='ocrx_word' id='word_1_192' title='bbox 376 3546 491 3612; x_wconf 83' lang='lat' dir='ltr'><strong>„urbem</strong></span> <span class='ocrx_word' id='word_1_193' title='bbox 504 3547 674 3604; x_wconf 80' lang='lat' dir='ltr'><strong>intravere“:</strong></span> 
     </span>
    </p>
   </div>
   <div class='ocr_carea' id='block_1_9' title="bbox 228 3625 675 3708">
    <p class='ocr_par' dir='ltr' id='par_1_13' title="bbox 228 3625 675 3708">
     <span class='ocr_line' id='line_1_35' title="bbox 228 3625 675 3708; baseline 0.018 -26"><span class='ocrx_word' id='word_1_194' title='bbox 228 3625 264 3686; x_wconf 78' lang='lat' dir='ltr'><strong>nl.</strong></span> <span class='ocrx_word' id='word_1_195' title='bbox 281 3627 340 3685; x_wconf 86' lang='lat' dir='ltr'><strong>Neo</strong></span> <span class='ocrx_word' id='word_1_196' title='bbox 351 3633 440 3689; x_wconf 88' lang='lat' dir='ltr'><strong>miuus</strong></span> <span class='ocrx_word' id='word_1_197' title='bbox 454 3641 527 3690; x_wconf 86' lang='lat' dir='ltr'><strong>recte</strong></span> <span class='ocrx_word' id='word_1_198' title='bbox 544 3635 675 3708; x_wconf 83' lang='lat' dir='ltr'><strong>scriptum</strong></span> 
     </span>
    </p>
   </div>
   <div class='ocr_carea' id='block_1_10' title="bbox 145 3713 733 3883">
    <p class='ocr_par' dir='ltr' id='par_1_14' title="bbox 145 3713 733 3883">
     <span class='ocr_line' id='line_1_36' title="bbox 229 3713 733 3795; baseline 0.018 -26"><span class='ocrx_word' id='word_1_199' title='bbox 229 3723 272 3770; x_wconf 87' lang='lat' dir='ltr'><strong>est</strong></span> <span class='ocrx_word' id='word_1_200' title='bbox 288 3713 342 3773; x_wconf 87' lang='lat' dir='ltr'><strong>hoc</strong></span> <span class='ocrx_word' id='word_1_201' title='bbox 358 3716 420 3775; x_wconf 90' lang='lat' dir='ltr'><strong>loco</strong></span> <span class='ocrx_word' id='word_1_202' title='bbox 438 3730 530 3795; x_wconf 84' lang='lat' dir='ltr'><strong>nupta</strong></span> <span class='ocrx_word' id='word_1_203' title='bbox 542 3723 572 3776; x_wconf 84' lang='lat' dir='ltr'><strong>in</strong></span> <span class='ocrx_word' id='word_1_204' title='bbox 584 3721 674 3778; x_wconf 79' lang='lat' dir='ltr'><strong>domo</strong></span> <span class='ocrx_word' id='word_1_205' title='bbox 730 3782 733 3789; x_wconf 61' lang='grc'>,</span> 
     </span>
     <span class='ocr_line' id='line_1_37' title="bbox 145 3805 673 3883; baseline 0.019 -29"><span class='ocrx_word' id='word_1_206' title='bbox 145 3862 149 3867; x_wconf 52' lang='grc'><strong>,</strong></span> <span class='ocrx_word' id='word_1_207' title='bbox 228 3820 309 3875; x_wconf 83' lang='lat' dir='ltr'><strong>quam</strong></span> <span class='ocrx_word' id='word_1_208' title='bbox 332 3805 365 3870; x_wconf 81' lang='lat'><strong>4,</strong></span> <span class='ocrx_word' id='word_1_209' title='bbox 383 3808 409 3867; x_wconf 77' lang='lat' dir='ltr'><strong>i.</strong></span> <span class='ocrx_word' id='word_1_210' title='bbox 432 3810 487 3875; x_wconf 82' lang='lat' dir='ltr'><strong>„in</strong></span> <span class='ocrx_word' id='word_1_211' title='bbox 510 3828 600 3883; x_wconf 79' lang='lat' dir='ltr'><strong>quom</strong></span> <span class='ocrx_word' id='word_1_212' title='bbox 618 3809 673 3865; x_wconf 62' lang='lat' dir='ltr'><strong>cui&lt;</strong></span> 
     </span>
    </p>
   </div>
   <div class='ocr_carea' id='block_1_11' title="bbox 230 3888 673 3963">
    <p class='ocr_par' dir='ltr' id='par_1_15' title="bbox 230 3888 673 3963">
     <span class='ocr_line' id='line_1_38' title="bbox 230 3888 673 3963; baseline 0.025 -19"><span class='ocrx_word' id='word_1_213' title='bbox 230 3907 283 3963; x_wconf 86' lang='lat' dir='ltr'><strong>qne</strong></span> <span class='ocrx_word' id='word_1_214' title='bbox 300 3888 414 3948; x_wconf 80' lang='lat' dir='ltr'><strong>feminae</strong></span> <span class='ocrx_word' id='word_1_215' title='bbox 434 3896 604 3952; x_wconf 85' lang='lat' dir='ltr'><strong>convenisset</strong></span> <span class='ocrx_word' id='word_1_216' title='bbox 621 3896 673 3954; x_wconf 85' lang='lat' dir='ltr'><strong>do·</strong></span> 
     </span>
    </p>
   </div>
   <div class='ocr_carea' id='block_1_12' title="bbox 816 1366 1272 3957">
    <p class='ocr_par' dir='ltr' id='par_1_16' title="bbox 816 1366 1272 3957">
     <span class='ocr_line' id='line_1_39' title="bbox 825 1366 1272 1445; baseline 0.004 -20"><span class='ocrx_word' id='word_1_217' title='bbox 825 1366 886 1428; x_wconf 74' lang='lat' dir='ltr'><strong>Pit.</strong></span> <span class='ocrx_word' id='word_1_218' title='bbox 909 1399 943 1411; x_wconf 91' lang='lat'><strong>·-</strong></span> <span class='ocrx_word' id='word_1_219' title='bbox 972 1367 1004 1424; x_wconf 90' lang='lat' dir='ltr'><strong>In</strong></span> <span class='ocrx_word' id='word_1_220' title='bbox 1020 1387 1091 1424; x_wconf 82' lang='lat' dir='ltr'><strong>rece.</strong></span> <span class='ocrx_word' id='word_1_221' title='bbox 1111 1368 1272 1445; x_wconf 80' lang='lat' dir='ltr'><strong>quibusdum</strong></span> 
     </span>
     <span class='ocr_line' id='line_1_40' title="bbox 827 1455 1271 1535; baseline 0 -22"><span class='ocrx_word' id='word_1_222' title='bbox 827 1455 907 1514; x_wconf 92' lang='lat' dir='ltr'><strong>codd.</strong></span> <span class='ocrx_word' id='word_1_223' title='bbox 925 1458 1056 1535; x_wconf 84' lang='lat' dir='ltr'><strong>scriptum</strong></span> <span class='ocrx_word' id='word_1_224' title='bbox 1079 1467 1122 1513; x_wconf 89' lang='lat' dir='ltr'><strong>est</strong></span> <span class='ocrx_word' id='word_1_225' title='bbox 1145 1458 1271 1526; x_wconf 81' lang='lat' dir='ltr'><strong>uiderat,</strong></span> 
     </span>
     <span class='ocr_line' id='line_1_41' title="bbox 826 1543 1271 1624; baseline -0.002 -23"><span class='ocrx_word' id='word_1_226' title='bbox 826 1553 857 1601; x_wconf 85' lang='lat' dir='ltr'><strong>ut</strong></span> <span class='ocrx_word' id='word_1_227' title='bbox 885 1543 997 1600; x_wconf 85' lang='lat' dir='ltr'><strong>dubium</strong></span> <span class='ocrx_word' id='word_1_228' title='bbox 1026 1565 1086 1601; x_wconf 82' lang='lat' dir='ltr'><strong>esse</strong></span> <span class='ocrx_word' id='word_1_229' title='bbox 1114 1546 1204 1624; x_wconf 81' lang='lat' dir='ltr'><strong>possit</strong></span> <span class='ocrx_word' id='word_1_230' title='bbox 1238 1565 1271 1600; x_wconf 78' lang='lat' dir='ltr'><strong>nn</strong></span> 
     </span>
     <span class='ocr_line' id='line_1_42' title="bbox 827 1629 1271 1708; baseline 0 -22"><span class='ocrx_word' id='word_1_231' title='bbox 827 1631 916 1708; x_wconf 89' lang='lat' dir='ltr'><strong>primo</strong></span> <span class='ocrx_word' id='word_1_232' title='bbox 935 1631 1052 1687; x_wconf 80' lang='lat' dir='ltr'><strong>uideret</strong></span> <span class='ocrx_word' id='word_1_233' title='bbox 1068 1632 1198 1708; x_wconf 89' lang='lat' dir='ltr'><strong>scriptum</strong></span> <span class='ocrx_word' id='word_1_234' title='bbox 1216 1629 1271 1687; x_wconf 81' lang='lat' dir='ltr'><strong>iue-</strong></span> 
     </span>
     <span class='ocr_line' id='line_1_43' title="bbox 826 1717 1272 1795; baseline 0.004 -22"><span class='ocrx_word' id='word_1_235' title='bbox 826 1719 871 1776; x_wconf 88' lang='lat' dir='ltr'><strong>rit.</strong></span> <span class='ocrx_word' id='word_1_236' title='bbox 907 1718 956 1774; x_wconf 86' lang='lat' dir='ltr'><strong>sed</strong></span> <span class='ocrx_word' id='word_1_237' title='bbox 976 1718 1048 1774; x_wconf 85' lang='lat' dir='ltr'><strong>haud</strong></span> <span class='ocrx_word' id='word_1_238' title='bbox 1066 1739 1127 1774; x_wconf 82' lang='lat' dir='ltr'><strong>raro</strong></span> <span class='ocrx_word' id='word_1_239' title='bbox 1145 1721 1181 1774; x_wconf 79' lang='lat' dir='ltr'><strong>ita</strong></span> <span class='ocrx_word' id='word_1_240' title='bbox 1200 1717 1272 1795; x_wconf 80' lang='lat' dir='ltr'><strong>apud</strong></span> 
     </span>
     <span class='ocr_line' id='line_1_44' title="bbox 825 1803 1271 1882; baseline 0.004 -21"><span class='ocrx_word' id='word_1_241' title='bbox 825 1803 932 1863; x_wconf 82' lang='lat' dir='ltr'><strong>Livium</strong></span> <span class='ocrx_word' id='word_1_242' title='bbox 950 1807 1080 1882; x_wconf 86' lang='lat' dir='ltr'><strong>seriptum</strong></span> <span class='ocrx_word' id='word_1_243' title='bbox 1097 1804 1224 1880; x_wconf 81' lang='lat' dir='ltr'><strong>legimns,</strong></span> <span class='ocrx_word' id='word_1_244' title='bbox 1242 1807 1271 1863; x_wconf 79' lang='lat' dir='ltr'><strong>ut&#39;</strong></span> 
     </span>
     <span class='ocr_line' id='line_1_45' title="bbox 826 1893 1270 1970; baseline 0.005 -22"><span class='ocrx_word' id='word_1_245' title='bbox 826 1895 1013 1950; x_wconf 80' lang='lat' dir='ltr'><strong>coniunctime</strong></span> <span class='ocrx_word' id='word_1_246' title='bbox 1023 1893 1195 1950; x_wconf 82' lang='lat' dir='ltr'><strong>cxinfiuitivo</strong></span> <span class='ocrx_word' id='word_1_247' title='bbox 1205 1915 1270 1970; x_wconf 88' lang='lat' dir='ltr'><strong>quo-</strong></span> 
     </span>
     <span class='ocr_line' id='line_1_46' title="bbox 825 1980 1270 2057; baseline 0.004 -22"><span class='ocrx_word' id='word_1_248' title='bbox 825 1980 887 2037; x_wconf 81' lang='lat' dir='ltr'><strong>dam</strong></span> <span class='ocrx_word' id='word_1_249' title='bbox 906 1980 987 2037; x_wconf 80' lang='lat' dir='ltr'><strong>futuri</strong></span> <span class='ocrx_word' id='word_1_250' title='bbox 1005 1983 1134 2057; x_wconf 85' lang='lat' dir='ltr'><strong>temporis</strong></span> <span class='ocrx_word' id='word_1_251' title='bbox 1151 1981 1270 2055; x_wconf 81' lang='lat' dir='ltr'><strong>pendens</strong></span> 
     </span>
     <span class='ocr_line' id='line_1_47' title="bbox 825 2067 1270 2144; baseline -0.002 -21"><span class='ocrx_word' id='word_1_252' title='bbox 825 2067 898 2124; x_wconf 83' lang='lat' dir='ltr'><strong>nullo</strong></span> <span class='ocrx_word' id='word_1_253' title='bbox 921 2067 1107 2144; x_wconf 82' lang='lat' dir='ltr'><strong>praecedentis</strong></span> <span class='ocrx_word' id='word_1_254' title='bbox 1132 2069 1270 2142; x_wconf 78' lang='lat' dir='ltr'><strong>praeteriti</strong></span> 
     </span>
     <span class='ocr_line' id='line_1_48' title="bbox 824 2153 1270 2230; baseline 0.002 -20"><span class='ocrx_word' id='word_1_255' title='bbox 824 2157 929 2210; x_wconf 80' lang='lat' dir='ltr'><strong>ratione</strong></span> <span class='ocrx_word' id='word_1_256' title='bbox 958 2153 1048 2210; x_wconf 74' lang='lat' dir='ltr'><strong>habita</strong></span> <span class='ocrx_word' id='word_1_257' title='bbox 1077 2155 1107 2208; x_wconf 80' lang='lat' dir='ltr'><strong>iu</strong></span> <span class='ocrx_word' id='word_1_258' title='bbox 1136 2156 1270 2230; x_wconf 76' lang='lat' dir='ltr'><strong>priescuti</strong></span> 
     </span>
     <span class='ocr_line' id='line_1_49' title="bbox 823 2241 1270 2319; baseline -0.002 -22"><span class='ocrx_word' id='word_1_259' title='bbox 823 2244 930 2319; x_wconf 77' lang='lat' dir='ltr'><strong>positus</strong></span> <span class='ocrx_word' id='word_1_260' title='bbox 959 2242 1007 2297; x_wconf 82' lang='lat' dir='ltr'><strong>sit:</strong></span> <span class='ocrx_word' id='word_1_261' title='bbox 1036 2260 1105 2317; x_wconf 81' lang='lat' dir='ltr'><strong>qnae</strong></span> <span class='ocrx_word' id='word_1_262' title='bbox 1133 2241 1270 2296; x_wconf 80' lang='lat' dir='ltr'><strong>scribendi</strong></span> 
     </span>
     <span class='ocr_line' id='line_1_50' title="bbox 823 2328 1268 2385; baseline 0 -1"><span class='ocrx_word' id='word_1_263' title='bbox 823 2329 893 2384; x_wconf 73' lang='lat' dir='ltr'><strong>ratio</strong></span> <span class='ocrx_word' id='word_1_264' title='bbox 916 2330 970 2385; x_wconf 77' lang='lat' dir='ltr'><strong>uiri</strong></span> <span class='ocrx_word' id='word_1_265' title='bbox 994 2347 1028 2385; x_wconf 79' lang='lat' dir='ltr'><strong>ex</strong></span> <span class='ocrx_word' id='word_1_266' title='bbox 1051 2328 1192 2384; x_wconf 74' lang='lat' dir='ltr'><strong>custodio</strong></span> <span class='ocrx_word' id='word_1_267' title='bbox 1212 2338 1268 2385; x_wconf 80' lang='lat' dir='ltr'><strong>orte</strong></span> 
     </span>
     <span class='ocr_line' id='line_1_51' title="bbox 823 2417 1268 2494; baseline 0 -23"><span class='ocrx_word' id='word_1_268' title='bbox 823 2417 1268 2494; x_wconf 81' lang='lat' dir='ltr'><strong>nonpotest‚utresquamvisper·</strong></span> 
     </span>
     <span class='ocr_line' id='line_1_52' title="bbox 824 2500 1269 2580; baseline 0.004 -22"><span class='ocrx_word' id='word_1_269' title='bbox 824 2500 899 2558; x_wconf 73' lang='lat' dir='ltr'><strong>a&#39;eue</strong></span> <span class='ocrx_word' id='word_1_270' title='bbox 911 2500 984 2560; x_wconf 83' lang='lat' dir='ltr'><strong>velut</strong></span> <span class='ocrx_word' id='word_1_271' title='bbox 1002 2500 1090 2558; x_wconf 85' lang='lat' dir='ltr'><strong>denno</strong></span> <span class='ocrx_word' id='word_1_272' title='bbox 1103 2502 1269 2580; x_wconf 74' lang='lat' dir='ltr'><strong>peragendae</strong></span> 
     </span>
     <span class='ocr_line' id='line_1_53' title="bbox 822 2589 1268 2665; baseline 0 -18"><span class='ocrx_word' id='word_1_273' title='bbox 822 2589 986 2656; x_wconf 83' lang='lat' dir='ltr'><strong>viderentur,</strong></span> <span class='ocrx_word' id='word_1_274' title='bbox 1004 2608 1065 2646; x_wconf 87' lang='lat' dir='ltr'><strong>cum</strong></span> <span class='ocrx_word' id='word_1_275' title='bbox 1077 2608 1121 2645; x_wconf 77' lang='lat' dir='ltr'><strong>ees</strong></span> <span class='ocrx_word' id='word_1_276' title='bbox 1133 2599 1268 2665; x_wconf 79' lang='lat' dir='ltr'><strong>tamquam</strong></span> 
     </span>
     <span class='ocr_line' id='line_1_54' title="bbox 821 2677 1266 2751; baseline 0.002 -19"><span class='ocrx_word' id='word_1_277' title='bbox 821 2677 1021 2733; x_wconf 75' lang='lat' dir='ltr'><strong>recentissimos</strong></span> <span class='ocrx_word' id='word_1_278' title='bbox 1032 2677 1150 2751; x_wconf 84' lang='lat' dir='ltr'><strong>scriptor</strong></span> <span class='ocrx_word' id='word_1_279' title='bbox 1161 2677 1214 2732; x_wconf 86' lang='lat' dir='ltr'><strong>sibi</strong></span> <span class='ocrx_word' id='word_1_280' title='bbox 1227 2679 1266 2733; x_wconf 81' lang='lat' dir='ltr'><strong>ri·</strong></span> 
     </span>
     <span class='ocr_line' id='line_1_55' title="bbox 822 2762 1267 2822; baseline 0.004 -3"><span class='ocrx_word' id='word_1_281' title='bbox 822 2763 931 2820; x_wconf 86' lang='lat' dir='ltr'><strong>deretur</strong></span> <span class='ocrx_word' id='word_1_282' title='bbox 956 2772 1019 2819; x_wconf 81' lang='lat' dir='ltr'><strong>ente</strong></span> <span class='ocrx_word' id='word_1_283' title='bbox 1041 2762 1134 2821; x_wconf 82' lang='lat' dir='ltr'><strong>oculos</strong></span> <span class='ocrx_word' id='word_1_284' title='bbox 1160 2762 1267 2822; x_wconf 83' lang='lat' dir='ltr'><strong>habere.</strong></span> 
     </span>
     <span class='ocr_line' id='line_1_56' title="bbox 823 2849 1266 2928; baseline -0.005 -19"><span class='ocrx_word' id='word_1_285' title='bbox 823 2849 868 2910; x_wconf 77' lang='lat' dir='ltr'><strong>cf.</strong></span> <span class='ocrx_word' id='word_1_286' title='bbox 887 2872 928 2911; x_wconf 88' lang='lat' dir='ltr'><strong>ex.</strong></span> <span class='ocrx_word' id='word_1_287' title='bbox 940 2871 964 2911; x_wconf 88' lang='lat' dir='ltr'><strong>c.</strong></span> <span class='ocrx_word' id='word_1_288' title='bbox 981 2853 1007 2920; x_wconf 76' lang='lat'><strong>2,</strong></span> <span class='ocrx_word' id='word_1_289' title='bbox 1020 2853 1077 2909; x_wconf 80' lang='lat'><strong>36.:</strong></span> <span class='ocrx_word' id='word_1_290' title='bbox 1096 2853 1194 2919; x_wconf 77' lang='lat' dir='ltr'><strong>„viem</strong></span> <span class='ocrx_word' id='word_1_291' title='bbox 1204 2851 1266 2928; x_wconf 90' lang='lat' dir='ltr'><strong>Iup·</strong></span> 
     </span>
     <span class='ocr_line' id='line_1_57' title="bbox 819 2935 1266 3014; baseline -0.002 -20"><span class='ocrx_word' id='word_1_292' title='bbox 819 2940 892 3013; x_wconf 85' lang='lat' dir='ltr'><strong>piter</strong></span> <span class='ocrx_word' id='word_1_293' title='bbox 910 2938 1001 2994; x_wconf 84' lang='lat' dir='ltr'><strong>dicere</strong></span> <span class='ocrx_word' id='word_1_294' title='bbox 1022 2937 1075 2994; x_wconf 84' lang='lat' dir='ltr'><strong>sibi</strong></span> <span class='ocrx_word' id='word_1_295' title='bbox 1097 2935 1169 2994; x_wconf 84' lang='lat' dir='ltr'><strong>ludis</strong></span> <span class='ocrx_word' id='word_1_296' title='bbox 1189 2958 1266 3014; x_wconf 83' lang='lat' dir='ltr'><strong>prae·</strong></span> 
     </span>
     <span class='ocr_line' id='line_1_58' title="bbox 819 3023 1267 3102; baseline 0.002 -22"><span class='ocrx_word' id='word_1_297' title='bbox 819 3024 977 3084; x_wconf 75' lang='lat' dir='ltr'><strong>suitatorern</strong></span> <span class='ocrx_word' id='word_1_298' title='bbox 998 3023 1182 3102; x_wconf 79' lang='lat' dir='ltr'><strong>displicuisse:</strong></span> <span class='ocrx_word' id='word_1_299' title='bbox 1212 3027 1267 3081; x_wconf 74' lang='lat' dir='ltr'><strong>nisi</strong></span> 
     </span>
     <span class='ocr_line' id='line_1_59' title="bbox 818 3111 1266 3186; baseline -0.002 -18"><span class='ocrx_word' id='word_1_300' title='bbox 818 3111 960 3186; x_wconf 81' lang='lat' dir='ltr'><strong>magnifice</strong></span> <span class='ocrx_word' id='word_1_301' title='bbox 971 3113 1152 3169; x_wconf 74' lang='lat' dir='ltr'><strong>instaurentur</strong></span> <span class='ocrx_word' id='word_1_302' title='bbox 1166 3114 1186 3169; x_wconf 93' lang='lat' dir='ltr'><strong>ii</strong></span> <span class='ocrx_word' id='word_1_303' title='bbox 1197 3111 1266 3178; x_wconf 86' lang='lat' dir='ltr'><strong>ludi,</strong></span> 
     </span>
     <span class='ocr_line' id='line_1_60' title="bbox 819 3197 1265 3279; baseline 0.004 -27"><span class='ocrx_word' id='word_1_304' title='bbox 819 3197 969 3279; x_wconf 87' lang='lat' dir='ltr'><strong>periculum</strong></span> <span class='ocrx_word' id='word_1_305' title='bbox 987 3199 1048 3257; x_wconf 86' lang='lat' dir='ltr'><strong>urbi</strong></span> <span class='ocrx_word' id='word_1_306' title='bbox 1061 3199 1151 3261; x_wconf 81' lang='lat' dir='ltr'><strong>sore“.</strong></span> <span class='ocrx_word' id='word_1_307' title='bbox 1169 3202 1194 3268; x_wconf 68' lang='lat'><strong>2,</strong></span> <span class='ocrx_word' id='word_1_308' title='bbox 1207 3201 1265 3257; x_wconf 75' lang='lat'><strong>39.:</strong></span> 
     </span>
     <span class='ocr_line' id='line_1_61' title="bbox 820 3295 1267 3363; baseline 0.004 -23"><span class='ocrx_word' id='word_1_309' title='bbox 820 3295 964 3353; x_wconf 79' lang='lat' dir='ltr'><strong>„oratores</strong></span> <span class='ocrx_word' id='word_1_310' title='bbox 993 3295 1071 3347; x_wconf 77' lang='lat' dir='ltr'><strong>atrox</strong></span> <span class='ocrx_word' id='word_1_311' title='bbox 1106 3307 1267 3363; x_wconf 88' lang='lat' dir='ltr'><strong>responsum</strong></span> 
     </span>
     <span class='ocr_line' id='line_1_62' title="bbox 819 3370 1266 3449; baseline 0 -21"><span class='ocrx_word' id='word_1_312' title='bbox 819 3371 992 3429; x_wconf 84' lang='lat' dir='ltr'><strong>rettulerunt:</strong></span> <span class='ocrx_word' id='word_1_313' title='bbox 1022 3375 1048 3429; x_wconf 83' lang='lat' dir='ltr'><strong>si</strong></span> <span class='ocrx_word' id='word_1_314' title='bbox 1071 3373 1178 3431; x_wconf 82' lang='lat' dir='ltr'><strong>Vulscis</strong></span> <span class='ocrx_word' id='word_1_315' title='bbox 1203 3370 1266 3449; x_wconf 71' lang='lat' dir='ltr'><strong>eger</strong></span> 
     </span>
     <span class='ocr_line' id='line_1_63' title="bbox 818 3458 1264 3537; baseline 0.004 -23"><span class='ocrx_word' id='word_1_316' title='bbox 818 3458 987 3529; x_wconf 85' lang='lat' dir='ltr'><strong>redderetur,</strong></span> <span class='ocrx_word' id='word_1_317' title='bbox 998 3481 1079 3537; x_wconf 86' lang='lat' dir='ltr'><strong>posse</strong></span> <span class='ocrx_word' id='word_1_318' title='bbox 1088 3461 1130 3536; x_wconf 69' lang='lat' dir='ltr'><strong>egi</strong></span> <span class='ocrx_word' id='word_1_319' title='bbox 1140 3460 1174 3516; x_wconf 88' lang='lat' dir='ltr'><strong>dc</strong></span> <span class='ocrx_word' id='word_1_320' title='bbox 1184 3481 1264 3537; x_wconf 84' lang='lat' dir='ltr'><strong>pace:</strong></span> 
     </span>
     <span class='ocr_line' id='line_1_64' title="bbox 816 3547 1265 3624; baseline 0.004 -22"><span class='ocrx_word' id='word_1_321' title='bbox 816 3549 843 3603; x_wconf 87' lang='lat' dir='ltr'><strong>si</strong></span> <span class='ocrx_word' id='word_1_322' title='bbox 860 3547 960 3622; x_wconf 73' lang='lat' dir='ltr'><strong>praeda</strong></span> <span class='ocrx_word' id='word_1_323' title='bbox 977 3547 1041 3604; x_wconf 81' lang='lat' dir='ltr'><strong>belli</strong></span> <span class='ocrx_word' id='word_1_324' title='bbox 1052 3570 1103 3624; x_wconf 89' lang='lat' dir='ltr'><strong>per</strong></span> <span class='ocrx_word' id='word_1_325' title='bbox 1115 3550 1199 3604; x_wconf 88' lang='lat' dir='ltr'><strong>otium</strong></span> <span class='ocrx_word' id='word_1_326' title='bbox 1212 3547 1265 3604; x_wconf 85' lang='lat' dir='ltr'><strong>frui</strong></span> 
     </span>
     <span class='ocr_line' id='line_1_65' title="bbox 817 3634 1264 3703; baseline 0 -13"><span class='ocrx_word' id='word_1_327' title='bbox 817 3634 911 3703; x_wconf 86' lang='lat' dir='ltr'><strong>velint,</strong></span> <span class='ocrx_word' id='word_1_328' title='bbox 924 3655 1070 3695; x_wconf 89' lang='lat' dir='ltr'><strong>memorem</strong></span> <span class='ocrx_word' id='word_1_329' title='bbox 1082 3657 1112 3692; x_wconf 87' lang='lat' dir='ltr'><strong>se</strong></span> <span class='ocrx_word' id='word_1_330' title='bbox 1125 3644 1151 3691; x_wconf 88' lang='lat' dir='ltr'><strong>et</strong></span> <span class='ocrx_word' id='word_1_331' title='bbox 1163 3637 1264 3693; x_wconf 87' lang='lat' dir='ltr'><strong>civium</strong></span> 
     </span>
     <span class='ocr_line' id='line_1_66' title="bbox 817 3721 1263 3801; baseline -0.011 -20"><span class='ocrx_word' id='word_1_332' title='bbox 817 3722 931 3781; x_wconf 76' lang='lat' dir='ltr'><strong>iniuriae</strong></span> <span class='ocrx_word' id='word_1_333' title='bbox 955 3734 983 3780; x_wconf 90' lang='lat' dir='ltr'><strong>et</strong></span> <span class='ocrx_word' id='word_1_334' title='bbox 1003 3722 1141 3801; x_wconf 79' lang='lat' dir='ltr'><strong>hospitum</strong></span> <span class='ocrx_word' id='word_1_335' title='bbox 1164 3721 1263 3778; x_wconf 88' lang='lat' dir='ltr'><strong>benefi-</strong></span> 
     </span>
     <span class='ocr_line' id='line_1_67' title="bbox 817 3810 1262 3888; baseline -0.002 -23"><span class='ocrx_word' id='word_1_336' title='bbox 817 3811 853 3866; x_wconf 90' lang='lat' dir='ltr'><strong>cii</strong></span> <span class='ocrx_word' id='word_1_337' title='bbox 880 3810 1037 3871; x_wconf 77' lang='lat' dir='ltr'><strong>adnisurum</strong></span> <span class='ocrx_word' id='word_1_338' title='bbox 1060 3820 1090 3868; x_wconf 88' lang='lat' dir='ltr'><strong>nt</strong></span> <span class='ocrx_word' id='word_1_339' title='bbox 1113 3813 1262 3888; x_wconf 76' lang='lat' dir='ltr'><strong>appareat‘·</strong></span> 
     </span>
     <span class='ocr_line' id='line_1_68' title="bbox 816 3897 919 3957; baseline 0.019 -2"><span class='ocrx_word' id='word_1_340' title='bbox 816 3905 867 3956; x_wconf 82' lang='lat' dir='ltr'><strong>cet.</strong></span> <span class='ocrx_word' id='word_1_341' title='bbox 885 3897 919 3957; x_wconf 79' lang='lat' dir='ltr'><strong>al.</strong></span> 
     </span>
    </p>
   </div>
   <div class='ocr_carea' id='block_1_13' title="bbox 173 3977 672 4156">
    <p class='ocr_par' dir='ltr' id='par_1_17' title="bbox 173 3977 672 4156">
     <span class='ocr_line' id='line_1_69' title="bbox 226 3977 468 4047; baseline 0.025 -14"><span class='ocrx_word' id='word_1_342' title='bbox 226 3992 306 4033; x_wconf 86' lang='lat' dir='ltr'><strong>mum</strong></span> <span class='ocrx_word' id='word_1_343' title='bbox 323 3977 468 4047; x_wconf 73' lang='lat' dir='ltr'><strong>nuberet“.</strong></span> 
     </span>
     <span class='ocr_line' id='line_1_70' title="bbox 173 4077 672 4156; baseline 0.018 -21"><span class='ocrx_word' id='word_1_344' title='bbox 173 4077 201 4136; x_wconf 79' lang='grc'><strong>8.</strong></span> <span class='ocrx_word' id='word_1_345' title='bbox 229 4098 306 4153; x_wconf 80' lang='lat' dir='ltr'><strong>quos</strong></span> <span class='ocrx_word' id='word_1_346' title='bbox 317 4083 402 4156; x_wconf 76' lang='lat' dir='ltr'><strong>opud</strong></span> <span class='ocrx_word' id='word_1_347' title='bbox 411 4104 546 4145; x_wconf 72' lang='lat' dir='ltr'><strong>sororem</strong></span> <span class='ocrx_word' id='word_1_348' title='bbox 556 4086 672 4145; x_wconf 71' lang='lat' dir='ltr'><strong>uideat:</strong></span> 
     </span>
    </p>
   </div>
   <div class='ocr_carea' id='block_1_14' title="bbox 761 3997 1260 4060">
    <p class='ocr_par' dir='ltr' id='par_1_18' title="bbox 761 3997 1260 4060">
     <span class='ocr_line' id='line_1_71' title="bbox 761 3997 1260 4060; baseline -0.006 -2"><span class='ocrx_word' id='word_1_349' title='bbox 761 4003 788 4060; x_wconf 87' lang='lat'><strong>8.</strong></span> <span class='ocrx_word' id='word_1_350' title='bbox 815 4001 885 4060; x_wconf 78' lang='lat' dir='ltr'><strong>inde</strong></span> <span class='ocrx_word' id='word_1_351' title='bbox 907 4002 1034 4058; x_wconf 84' lang='lat' dir='ltr'><strong>consilia</strong></span> <span class='ocrx_word' id='word_1_352' title='bbox 1056 4001 1147 4058; x_wconf 72' lang='lat' dir='ltr'><strong>inire:</strong></span> <span class='ocrx_word' id='word_1_353' title='bbox 1172 3997 1207 4058; x_wconf 80' lang='lat' dir='ltr'><strong>tl.</strong></span> <span class='ocrx_word' id='word_1_354' title='bbox 1227 4031 1260 4041; x_wconf 88' lang='lat'>-</span> 
     </span>
    </p>
   </div>
   <div class='ocr_carea' id='block_1_15' title="bbox 812 4087 991 4148">
    <p class='ocr_par' dir='ltr' id='par_1_19' title="bbox 812 4087 991 4148">
     <span class='ocr_line' id='line_1_72' title="bbox 812 4087 991 4148; baseline 0.017 -3"><span class='ocrx_word' id='word_1_355' title='bbox 812 4087 849 4145; x_wconf 78' lang='lat' dir='ltr'><strong>Pr</strong></span> <span class='ocrx_word' id='word_1_356' title='bbox 867 4087 991 4148; x_wconf 81' lang='lat' dir='ltr'><strong>concilia.</strong></span> 
     </span>
    </p>
   </div>
   <div class='ocr_carea' id='block_1_16' title="bbox 0 0 1314 4590">
    <p class='ocr_par' dir='ltr' id='par_1_20' title="bbox 0 0 1314 4590">
     <span class='ocr_line' id='line_1_73' title="bbox 0 0 1314 4590; baseline 0 4"><span class='ocrx_word' id='word_1_357' title='bbox 0 0 1314 4590; x_wconf 95' lang='lat' dir='ltr'><strong> </strong></span> 
     </span>
    </p>
   </div>
  </div>
 </body>
</html>
