2618 4590
18 1175 21 1191 ⁵
62 1130 201 1259 Pauca
225 1191 363 1258 tantum
388 1179 502 1255 habeo
519 1205 611 1281 quae
632 1177 715 1254 huic
734 1178 833 1255 alteri
857 1177 1000 1256 decadis
1023 1181 1159 1282 primae

62 1304 230 1382 volumini
253 1304 493 1406 praemittam:
516 1328 600 1377 nam
623 1301 757 1376 eisdem
774 1301 933 1377 codicum
951 1329 1058 1378 manu
1072 1306 1159 1380 scri·

43 1437 205 1533 ‚ptorum
230 1424 342 1527 copiis
368 1425 509 1501 adiutus
528 1422 726 1526 eodemque
742 1423 816 1500 sere
836 1452 909 1527 quo
925 1425 962 1501 iu
980 1425 1159 1526 prioribus

61 1548 160 1624 libris
192 1548 418 1625 institueram
448 1526 597 1622 consilio
628 1571 716 1622 usus
748 1545 815 1623 hos
847 1572 991 1648 quoque
1027 1548 1158 1624 alteros

63 1669 222 1770 quinque
246 1670 357 1744 libros
381 1668 552 1760 Livianus
577 1667 765 1760 emendare
790 1668 920 1745 studui.
961 1694 1030 1744 nec
1052 1669 1090 1742 in
1114 1670 1159 1747 iis
1194 1669 1203 1681 ’

62 1788 184 1864 solum·
203 1789 302 1897 locis,
327 1789 456 1889 quibus
475 1816 545 1864 uua
560 1790 790 1891 integriorum
809 1789 970 1866 codicum
988 1791 1058 1866 lide
1076 1817 1173 1865 con-·

62 1911 131 1986 suli
161 1935 272 2012 posse
290 1910 488 1985 ,videbatur
525 1910 587 2006 (cf.
616 1914 680 1999 10,
704 1913 780 1984 47.:
817 1921 1001 2001 „trecenta
1034 1912 1161 2014 viginti

62 2033 248 2131 mamb),
278 2016 433 2134 optimos
456 2031 568 2108 libros
591 2029 796 2107 Mediceum
822 2041 860 2107 et
880 2030 1090 2107 Parisiuum'
1105 2059 1162 2108 se-

62 2156 135 2230 cuti
160 2153 385 2243 sumustsed
402 2155 508 2229 etiam
524 2153 562 2228 in
579 2153 632 2228 eis
652 2152 752 2243 locis,
776 2153 815 2226 in
839 2154 967 2254 quibus
986 2153 1053 2229 hos
1072 2156 1160 2232 anti·

62 2278 205 2376 quiores
218 2275 360 2352 codices
374 2303 455 2350 cum
469 2274 579 2351 nullis
593 2272 695 2350 libris
715 2275 786 2350 nisi
802 2300 883 2350 cum
902 2277 1160 2354 recentioribus

61 2396 273 2498 quibusdam
298 2382 502 2474 consentire
533 2395 703 2487 vidimus,
736 2397 898 2498 quamvis
930 2395 968 2470 id
1000 2398 1098 2498 quod
1122 2401 1161 2475 iu

59 2517 208 2619 reliquis
231 2519 336 2596 bonis
361 2529 399 2595 et
421 2518 594 2594 Palatinis
619 2529 656 2593 et
679 2516 1029 2593 Drakenborchianis
1060 2519 1169 2600 libris.

59 2641 242 2717 inventum
267 2652 340 2732 est,
370 2663 439 2742 per
460 2663 502 2714 se
532 2664 605 2713 non
629 2639 736 2714 modo
767 2666 841 2714 uon
865 2639 967 2742 peius
999 2639 1064 2715 scd
1089 2667 1162 2716 non

58 2787 253 2863 numquam
279 2762 385 2837 etiam
410 2759 608 2861 elegantius
632 2758 759 2835 haberi
773 2768 908 2861 posset.
937 2760 1048 2834 multa
1067 2763 1162 2839 enim

27 2893 156 2995 aiunl
180 2910 272 2983 quae
296 2882 366 2958 alio
391 2893 501 2983 atque
516 2881 586 2957 alio
599 2879 746 2962 ‚dicendi
762 2906 893 2985 genere
912 2881 1163 2981 exprimantur,
1278 2924 1281 2933 =

60 3029 141 3076 cum
165 3005 204 3078 in
227 3004 336 3080 rebus
361 3002 451 3105 ipsis
476 3003 564 3079 nihil
588 3000 793 3078 admodum
809 3013 982 3077 mutetur:
1008 3030 1075 3077 uec
1099 3009 1163 3080 rni-

59 3148 129 3200 nus
154 3124 270 3200 multa·
288 3127 533 3227 inveniuntur,
557 3116 650 3226 quae
674 3125 730 3202 vel
755 3127 799 3198 ab
825 3123 901 3197 aliis
928 3118 1161 3225 scriptoribus
1274 3119 1288 3155 ²

58 3245 118 3324 vel
143 3247 190 3345 atr
200 3245 337 3323 eisdem
357 3247 463 3320 etiam
478 3246 685 3349 diligentius
702 3256 810 3344 atque
828 3243 974 3344 politius
993 3270 1163 3345 expressa

58 3367 262 3444 videantur:
286 3349 355 3442 nec
379 3377 501 3442 tamen
525 3366 588 3443 ulli
604 3365 844 3444 sanohomini
860 3357 1066 3466 persuaderi
1085 3362 1163 3468 pot-

60 3489 145 3580 erit,
176 3489 256 3564 istis
282 3488 475 3564 alienarum
499 3499 537 3563 et
558 3489 777 3589 scriptorum
803 3497 841 3560 et
871 3487 1028 3562 locorum
1053 3492 1164 3567 virtu-

58 3608 137 3685 tum
162 3609 451 3688 cumulandarum
471 3611 617 3717 studiis
631 3609 799 3708 antiquos
824 3607 904 3684 illos
924 3636 1029 3686 verae
1054 3639 1163 3689 venu-

44 3733 165 3834 statis
189 3731 500 3832 simplicitatisque
524 3729 754 3834 pleuissimos
787 3732 982 3833 scriptores
1011 3734 1050 3806 in
1074 3735 1164 3810 inte-

60 3875 161 3950 grum
184 3852 327 3929 restitui
359 3876 478 3953 posse
518 3851 585 3929 sed
617 3852 657 3927 in
685 3850 743 3927 his
776 3853 885 3929 rebus
918 3852 1164 3959 diiudicandis,
1254 3834 1257 3841 Ι

60 3974 259 4052 cnm-inter
283 3999 414 4052 omnes.
428 3984 587 4069 constet,
602 3970 745 4076 ¹quauta
761 3974 926 4058 libertate
943 3978 1164 4054 recentiores
1236 3981 1239 3985 ’

47 4103 101 4119 ..
272 4092 274 4097 -
910 4099 962 4168 *2
