2618 4590
75 342 79 347 Ι
164 238 233 309 966
626 248 735 308 LIBIIII
752 247 810 308 vu

88 502 93 515 ι
165 416 255 508 gravi
277 414 384 484 edicto
404 412 534 480 monitis
554 424 592 480 nt
613 410 717 480 donec
738 411 807 502 ipse
828 409 1011 480 revertisset
1037 412 1157 501 praeda
1180 413 1270 482 obsti

166 531 295 604 nerent,
319 517 484 611 proiectus
505 518 632 610 agmine
653 516 825 602 instructo,
858 541 933 583 cum
953 517 1148 608 praemissus
1171 541 1269 610 eques

163 626 254 694 velut
274 623 422 715 indagine
444 621 611 714 dissipatos
630 622 791 691 Samnites
814 633 930 714 ageret,
952 622 1084 688 caedem
1106 621 1266 714 ingentem

163 729 250 799 iecit.
286 753 363 799 nam
384 753 491 821 neque
514 751 581 820 quo
603 727 694 818 signo
716 727 839 795 coirent
864 728 947 793 inter
968 748 1004 793 se
1032 750 1139 818 neque
1161 739 1266 795 utrum

131 842 265 902 tcastm
285 845 434 926 peterent
454 859 495 902 an
510 833 687 924 longiorem
700 833 902 901 intenderent
923 831 1040 922 lugam,
1062 832 1179 900 territis
1195 856 1264 900 con

161 950 246 1008 stare
268 951 410 1033 poterat:
432 951 622 1029 tantumque
644 936 738 1028 iugae
756 961 794 1005 ac
810 936 985 1006 formidinis
1000 937 1060 1005 iuit
1073 949 1111 1005 ut
1128 939 1171 1005 ad
1193 963 1264 1029 qua·

161 1045 305 1137 magiam
326 1044 413 1112 milia
435 1055 600 1112 scutorum
620 1080 666 1092 —
687 1067 893 1135 neqrmquam
915 1054 965 1112 tot
982 1044 1083 1111 caesis
1106 1081 1151 1094 —
1174 1056 1208 1112 et
1229 1045 1263 1110 si·

161 1149 392 1240 gnamiliraria
418 1173 493 1217 cum
520 1149 571 1216 his
599 1148 737 1239 quaein
764 1149 874 1217 castris
904 1159 996 1240 capta
1019 1159 1109 1216 erant
1131 1147 1175 1214 ad
1197 1160 1264 1215 cen

160 1263 231 1321 tum
258 1254 458 1346 septuaginta
486 1255 527 1322 ad
555 1253 722 1322 consulem
757 1254 964 1322 deferrentur.
1000 1265 1071 1321 tum
1100 1252 1134 1319 in
1163 1264 1262 1321 castra

83 1396 86 1403 ·
112 1365 148 1422 1⁰
160 1356 303 1427 hostium
323 1359 461 1427 reditum
481 1358 590 1449 ibique
612 1359 716 1426 omnis
736 1361 855 1451 praeda
877 1358 967 1426 militi
989 1359 1074 1425 data.

248 1462 429 1533 XXXVIII.
472 1464 575 1532 Huius
599 1464 779 1532 certaminis
800 1465 928 1532 fortuna
950 1473 984 1530 et
1004 1459 1164 1545 Faliscos,
1192 1485 1265 1528 cum

158 1565 192 1634 in
213 1567 341 1637 indutiis
363 1580 486 1655 essent,
512 1569 628 1637 foedus
649 1579 760 1662 petere
783 1569 823 1636 ab
846 1579 961 1636 senatu
983 1568 1102 1658 coegit,
1127 1577 1162 1635 et
1183 1565 1264 1635 Lali·

228 1733 343 1793 ulntem
359 1745 454 1814 petere
469 1734 578 1797 vellent.
593 1766 631 1781 -
652 1735 678 1795 Ρ

228 1843 265 1882 m.
285 1825 324 1883 1.:
343 1824 498 1884 abstineret

176 1911 203 1970 2.
228 1911 677 1991 comproemisanaequesuelnt

227 2000 371 2079 indagine
383 2001 549 2075 dissipatos
558 1997 675 2058 Samni·

226 2094 274 2145 tes
290 2097 411 2168 egenis
432 2087 491 2149 PII.
518 2085 674 2157 „Valerins,

226 2172 312 2231 derin
324 2174 531 2251 geschlossenen
544 2172 674 2231 Gliedern

214 2261 377 2329 -vorrticlte,
398 2262 512 2319 richtete
529 2263 573 2317 ein
591 2280 673 2335 unge·

224 2347 323 2404 heures
334 2348 451 2404 Blutbad
464 2367 506 2416 an,
524 2347 615 2405 indem
628 2348 673 2404 die

223 2435 493 2509 vorausgcschiclrten
510 2433 604 2492 liciter
628 2434 673 2491 die

224 2531 391 2579 zerstreuten
408 2522 548 2578 Samniten
572 2520 672 2597 gleich-

223 2611 279 2666 wie
295 2609 341 2666 bei
358 2611 433 2666 einer
446 2609 514 2684 Iagd
532 2608 581 2666 das
593 2607 672 2666 Wild
751 2602 754 2611 '

223 2699 515 2759 zusammenuiebem.
549 2716 611 2753 nam
641 2705 671 2753 ut

223 2784 307 2845 silvas
324 2786 448 2864 ferasque
460 2784 586 2862 indagine
599 2783 670 2842 clan-

223 2871 289 2930 dere
305 2873 437 2942 solebant,
454 2875 495 2930 sie
514 2875 594 2930 etiam
612 2882 671 2930 tum

221 2963 364 3037 praemissi
401 2964 504 3039 equites
535 2961 670 3017 Samnites

221 3047 367 3125 dissipatos
393 3048 428 3102 ad
450 3046 587 3102 Valerium
611 3067 670 3122 ege·

222 3143 286 3189 nunt
299 3142 327 3188 et
337 3131 543 3209 prohibuerunt,
561 3153 595 3189 ne
609 3137 670 3208 quis

221 3221 359 3295 effugeret.
394 3218 438 3277 CI.
465 3219 552 3276 Taciti
578 3219 670 3295 Agris.

220 3328 245 3368 e.
261 3311 306 3367 37.

168 3397 195 3456 l.
223 3417 283 3473 quo
302 3397 390 3476 signo
402 3397 514 3452 coirent
527 3397 604 3450 inter
621 3415 670 3451 se.-

220 3503 292 3540 recc.
317 3483 398 3542 codd.
428 3515 463 3524 -
493 3481 542 3538 PM
560 3480 633 3540 Harl
651 3502 668 3539 1.

219 3568 297 3628 Leid.
311 3591 329 3630 1.
342 3571 392 3630 al:
413 3590 490 3647 „qno
503 3573 580 3644 signo
593 3572 670 3626 coire

222 3657 297 3711 inter
313 3663 375 3716 se“.
400 3659 488 3732 Quem
506 3657 670 3715 admodum

111 3790 113 3795 .
218 3742 273 3799 hoc
295 3742 355 3798 loco
379 3744 484 3800 litterae
507 3753 542 3800 nt
556 3753 669 3821 propter

211 3832 390 3909 sequentinm
406 3830 555 3888 litterarum
574 3830 667 3888 simili-

219 3918 342 3976 tudinem
359 3919 393 3976 ab
410 3920 528 3996 antiquis
549 3918 668 3974 librariis

219 4008 423 4079 praetermissae
440 4015 516 4072 sunt,
538 4008 579 4063 sic
603 4025 666 4062 con-

215 4093 299 4149 trario
317 4092 416 4151 mendo
432 4095 477 4164 22,
494 4096 539 4153 32.
556 4095 586 4152 in
598 4091 662 4152 Puta

818 1754 955 1813 „aequom
975 1735 1150 1791 censuissent
1165 1752 1265 1811 neapo·

817 1823 941 1881 lilanos“
958 1841 1009 1899 pro
1027 1823 1182 1879 censuisse
1198 1823 1265 1878 scri-

816 1921 894 1989 ptam
911 1910 1042 1969 videmus.
1067 1941 1103 1952 -
1133 1907 1173 1966 P:
1200 1930 1265 1966 con·

816 2008 888 2056 stare
904 2006 1038 2077 poterant.

763 2089 790 2148 5.
817 2088 862 2144 ad
878 2086 1084 2166 quadraginta
1101 2084 1156 2140 mil
1167 2092 1266 2140 acuto·

814 2195 896 2232 rum:
920 2174 951 2233 P.
976 2205 1011 2216 -
1037 2170 1078 2230 II:
1104 2170 1139 2228 ad
1161 2174 1267 2229 amul

812 2272 960 2321 scutorum.

759 2353 787 2413 7.
811 2360 841 2409 ct
858 2351 948 2430 signa
964 2346 1108 2404 militaria
1128 2365 1198 2403 cnm
1214 2346 1266 2404 laia

816 2458 895 2518 quae
913 2438 943 2493 in
956 2437 1065 2492 castris
1076 2443 1165 2509 capta
1177 2444 1267 2491 erant

813 2527 990 2582 adrentum
1011 2523 1211 2601 septuaginta.
1221 2521 1267 2579 ad

813 2614 966 2672 consulem
989 2609 1184 2682 deferrentur
1207 2607 1265 2677 (1³2

812 2698 999 2769 delerentnrl:
1025 2697 1089 2754 Pila
1115 2696 1171 2752 nisi
1188 2694 1266 2772 quod

811 2788 842 2844 in
853 2786 881 2844 tl
898 2787 1036 2856 „cnm†is
1055 2792 1082 2863 q.
1099 2785 1129 2839 in
1141 2784 1265 2839 castris“

812 2875 901 2933 media
919 2896 972 2931 ana
989 2873 1079 2929 littera
1099 2890 1177 2927 erasa
1195 2872 1265 2928 scri·

812 2973 889 3044 ptum
907 2973 957 3021 est.
976 2995 1006 3006 -
1028 2959 1102 3018 Harl
1118 2980 1137 3017 ι.
1151 2956 1265 3019 Leidn

810 3050 891 3110 Voss.
910 3071 937 3109 11.
956 3049 1004 3109 al:
1025 3059 1052 3106 et
1069 3051 1144 3123 elgna
1162 3047 1264 3103 milita-

813 3138 854 3193 ria
866 3141 978 3194 cundia
989 3137 1094 3214 quaein
1104 3137 1202 3191 eastris
1212 3145 1265 3192 eet.

741 3225 788 3282 II.
813 3223 904 3280 huius
934 3226 1103 3282 certaminis
1127 3222 1265 3294 fortuna

812 3311 985 3369 eIFaliseos
1003 3332 1069 3368 cum
1086 3312 1117 3366 in
1135 3310 1264 3366 indutiis

812 3408 913 3455 essent
929 3399 1048 3471 foedus
1068 3406 1171 3472 petere
1195 3406 1263 3457 cet:

811 3485 843 3544 P.
853 3517 888 3526 -
901 3484 942 3541 td:
954 3489 1046 3563 ibique
1059 3486 1146 3541 omnis
1159 3484 1264 3562 praeda

792 3570 892 3631 ‘militi
919 3572 966 3628 dat
987 3572 1079 3628 adhui’
1106 3574 1265 3629 certaminis

811 3661 918 3717 fortuna
941 3670 968 3716 et
991 3660 1126 3716 faciliscos
1149 3679 1213 3715 cum
1234 3663 1265 3715 in

811 3748 929 3804 induciis
947 3757 1038 3804 essent
1052 3757 1102 3805 cet.
1120 3747 1148 3803 tl
1166 3767 1204 3804 m.
1222 3751 1264 3807 3.z

810 3835 925 3893 fortuni.
944 3867 978 3877 -
997 3834 1028 3890 ln
1040 3833 1114 3894 Harl.
1128 3835 1226 3893 1.Pall.
1240 3838 1264 3892 1.

809 3925 836 3981 3.
865 3922 944 3980 Voss.
967 3942 994 3980 u.
1024 3923 1170 4000 multisque
1202 3922 1264 3978 aliis

808 4011 939 4086 scriptum
961 4019 1002 4065 est
1029 4031 1113 4078 „eum
1140 4011 1261 4065 indutiis

807 4102 927 4156 essent“.
961 4095 1070 4154 Illarum
1088 4097 1257 4154 indutiarum
