2618 4590
124 173 191 243 376
581 184 689 253 nutu
707 185 775 246 vul.

127 373 182 419 aes
204 348 342 433 alienum
362 361 531 441 paternum
558 373 679 418 nexum
708 350 862 432 dedisset,
896 370 978 439 quas
1001 357 1090 415 aetas
1112 344 1226 414 lomus·

128 478 193 546 que
214 454 247 522 in
268 455 515 522 misericordiam
538 455 653 523 elicere
675 467 814 545 poterat,
842 455 883 522 ad
910 452 1073 520 libidinem
1100 462 1135 519 et
1159 476 1226 520 con-

47 574 51 582 ·
129 559 292 626 tumeliam
313 558 454 625 animum
477 561 706 628 accenderunts
738 571 775 627 ut
802 561 914 628 florem
943 556 1052 624 aetatis
1077 557 1149 625 eius
1172 559 1227 625 lru·

130 673 218 730 emm
241 663 453 731 adventicium
482 663 591 733 'crediti
620 675 706 730 ratus
734 665 837 756 primo
866 664 1020 756 perlicere
1047 662 1227 731 adulescen

31 846 35 861 .
101 777 196 838 ttem
218 789 367 836 sermone
389 769 512 837 incesto
534 781 584 837 est
605 780 754 852 conatus,
777 769 867 853 dein,
888 779 1062 861 postquam
1085 767 1226 858 asperna-

129 870 244 943 bantur
264 872 416 964 flagitium
438 898 547 958 antec,
575 873 669 941 minis
695 873 836 943 territare
859 883 955 964 atquo
983 871 1160 940 identidem
1180 872 1227 943 sd·

87 1142 89 1146 .
159 1063 400 1141 ‘dpubliusob
413 1084 458 1120 aes
470 1063 645 1141 slisnumpa·
733 1062 1229 1141 3.rstfloremcetotiseiusfrstctum

199 1160 306 1210 ternum
315 1169 412 1209 nexum
422 1150 578 1208 dedisset“:
592 1153 646 1210 nisi

199 1237 274 1318 quod
300 1240 330 1297 iu
351 1236 419 1300 [ιον.
442 1241 468 1300 d.
488 1247 646 1317 paternum

199 1326 418 1401 praetermissum
431 1335 480 1386 est.
498 1325 646 1384 Salmasius

75 1439 82 1449 =
201 1413 232 1469 in
254 1433 366 1471 nexum
385 1411 558 1473 scribendum
585 1436 646 1472 cen-

199 1500 270 1569 suit,
298 1501 348 1558 sed
378 1503 505 1579 supinum
534 1523 647 1562 nexum

201 1605 256 1645 nou
274 1589 364 1648 minus
381 1587 464 1647 letius
481 1598 530 1648 est.

56 1744 60 1761 ·
149 1726 174 1787 1.
198 1691 277 1802 duce
306 1737 392 1789 oetas
406 1758 408 1765 =
415 1730 583 1807 formaque
616 1731 648 1788 in

199 1815 437 1878 misericordium
460 1820 566 1878 elicere
584 1826 648 1893 pot-

200 1910 283 1958 erat.-
301 1901 396 1963 lscvel.
412 1907 457 1977 ιι]
481 1925 550 1984 quse
575 1913 650 1961 aetas

201 1984 341 2068 lormsqus
363 1993 575 2051 misericordiam
602 1991 648 2048 eli-

202 2090 264 2132 cere
288 2087 404 2156 poterat,
430 2111 465 2129 -ι-
491 2080 552 2139 ΡΜι
581 2100 649 2157 quse

119 2168 127 2195 ‘
201 2172 275 2220 aetas
293 2164 458 2245 lormaqnem
476 2168 532 2238 tlt:
551 2167 651 2226 forms*

200 2256 270 2324 quel
305 2256 519 2312 misericordiam
552 2255 651 2319 elicere

188 2329 316 2411 'poterat
346 2341 415 2402 ch.
433 2346 473 2402 d:
491 2343 527 2399 ad
544 2343 650 2398 miseri«

203 2422 324 2486 cordiam
341 2426 439 2488 elicere
457 2437 589 2505 poterant.
613 2460 647 2471 -

203 2506 273 2568 Cum
292 2514 323 2568 irs
341 2523 368 2571 et
386 2536 415 2573 m
432 2535 561 2592 persaepe
578 2517 651 2572 inter

201 2613 233 2652 sc
261 2600 372 2665 contusa
398 2623 413 2658 a
440 2602 558 2663 librariis
583 2604 649 2670 sint,

68 2751 77 2758 ·
128 2722 133 2735 f
202 2682 271 2741 nihil
299 2687 418 2747 dubitavi
443 2709 501 2749 eam
529 2709 597 2770 quse
619 2691 649 2748 iu

158 2850 160 2856 k
202 2766 333 2833 caveto.
352 2785 456 2833 servate
475 2785 516 2833 est
532 2778 650 2856 scriptu«

197 2870 258 2918 'cam
282 2862 414 2921 veriorem
437 2863 549 2934 habere,
571 2885 648 2943 pree·

140 2996 145 3012 ,
200 2947 294 3003 sertim
312 2953 517 3008 cumunimum
530 2973 650 3010 nonma-

201 3032 242 3104 gis
261 3033 294 3089 ad
307 3037 506 3098 accenderunt
518 3059 597 3115 qoam
614 3040 648 3097 ad

186 3119 311 3185 ,elicere
337 3124 473 3199 pertinere
504 3124 651 3188 uideretur.

199 3214 320 3281 poterut
354 3218 441 3269 autem
482 3213 650 3291 scripsimus,

203 3296 325 3374 quamvis
344 3304 372 3354 et
390 3295 518 3360 Gelenius
541 3302 570 3358 in
591 3302 649 3357 suis

201 3377 279 3439 libris
285 3390 425 3456 poterant
436 3387 572 3445 invenisse
582 3386 650 3456 vult,

203 3486 264 3525 cum
292 3479 378 3530 actas
395 3472 563 3550 formaque
587 3465 649 3553 peri

201 3554 266 3611 inde
289 3577 351 3618 cum
377 3560 506 3636 singulari
529 3583 572 3619 act
587 3581 649 3620 cum

201 3640 300 3712 plurali
323 3649 449 3724 coniungi
472 3652 578 3728 possint
598 3669 650 3706 nec

202 3744 318 3806 sequens
341 3737 537 3795 accenderunt
563 3739 648 3814 impe·

203 3815 322 3874 dimento
342 3821 390 3890 sit,
413 3824 512 3902 qnippe
530 3845 580 3901 qm
600 3845 647 3880 nn·

203 3923 339 3964 merorum
370 3913 516 3967 mutatione
552 3914 649 3989 optimi

131 4012 139 4038 ι
203 3993 302 4071 quique
320 3997 466 4076 scriptores
488 4000 530 4056 usi
548 4001 611 4058 sint.

786 1153 986 1211 aduenticium
1012 1152 1121 1211 crediti
1149 1160 1229 1210 ratus

785 1243 881 1316 primo
897 1241 1042 1320 perlicere
1059 1239 1229 1299 adolescere

787 1337 846 1386 tem
855 1347 991 1385 sumone
1006 1328 1118 1384 incesto
1131 1336 1178 1385 est
1189 1346 1230 1383 co

787 1424 892 1472 nasus:
909 1412 959 1471 ΡΜ
971 1412 1044 1472 llarl.
1054 1414 1089 1485 t}
1104 1405 1230 1471 etllorem

787 1505 881 1560 estatis
899 1503 957 1557 eius
975 1501 1092 1558 lructmn
1115 1499 1230 1558 adventi·

788 1593 860 1648 cium
882 1598 969 1658 retus,
994 1589 1082 1665 primo
1107 1586 1232 1665 perlicere

788 1677 986 1737 adolescentem
1005 1685 1055 1735 cet.
1074 1707 1108 1719 -
1132 1675 1232 1749 ¹lltnmr

791 1775 822 1824 st
844 1784 930 1844 prope
952 1766 982 1819 in
1000 1763 1127 1820 omnibus
1140 1762 1234 1820 'suscri-

789 1855 846 1930 ptis
864 1854 1003 1909 inventum
1021 1859 1071 1910 est.
1089 1849 1121 1906 ln
1134 1848 1200 1909 Pell
1213 1852 1235 1907 1.

790 1943 817 2000 3.
840 1939 919 1998 Voss.
941 1958 969 1998 ιι.
995 1937 1142 2014 multisque
1168 1957 1235 1995 rece.

792 2026 872 2086 codd.
895 2046 950 2082 non
976 2025 1083 2083 credr'ti
1103 2023 1154 2081 ssd
1177 2045 1235 2082 crs·

792 2115 874 2172 ditor
904 2121 990 2170 ratus
1026 2113 1157 2191 scriptum
1190 2122 1237 2172 est.

791 2200 955 2270 „Nachdem
980 2219 1010 2256 er
1037 2199 1090 2256 den
1112 2199 1237 2274 ltogliog

791 2298 881 2346 suerst
900 2287 985 2345 durch
1008 2287 1169 2362 suadentigs
1185 2287 1237 2343 lie·

791 2376 846 2433 den
863 2375 907 2433 lire
918 2377 978 2432 sein
989 2374 1134 2433 Vorlrsbsn
1148 2397 1181 2432 ιιι
1195 2397 1238 2450 ge·

790 2465 901 2519 winnen
920 2464 1047 2521 versucht
1063 2464 1138 2520 hatte
1155 2493 1191 2508 ·-
1210 2467 1238 2520 in

791 2550 841 2607 der
859 2550 985 2627 licionng
1008 2551 1052 2608 die
1068 2549 1167 2608 Bliatlrs
1184 2554 1239 2608 sei·

791 2636 840 2696 nes
866 2638 1052 2715 iugandliolren
1078 2636 1168 2694 Altsrs
1195 2637 1240 2695 tur

791 2727 1061 2802 cinanelssoertrag
1080 2725 1129 2783 des
1147 2745 1240 2802 ausges

769 2826 772 2832 ’
791 2813 915 2882 lichenes
933 2812 1055 2896 Capitals
1073 2815 1191 2873 esschen
1207 2832 1240 2872 ιιι

791 2901 887 2958 durren
906 2933 956 2970 -‚
978 2921 1010 2958 sc
1031 2901 1088 2978 ling
1111 2921 1141 2959 er
1167 2901 1239 2961 dsnu

792 3009 827 3044 sn
845 3010 876 3045 zo
890 2990 994 3046 drohen
1006 2989 1068 3046 sls“
1082 3010 1109 3048 ιι.
1121 3010 1145 3048 s.
1154 3010 1191 3050 ιι.
1204 3021 1239 3032 -

736 3090 742 3097 ’
792 3074 1240 3155 Loutmultiquereccadsinde

791 3172 943 3240 postquem.
971 3167 1006 3224 cl.
1024 3168 1056 3235 6,
1077 3168 1119 3224 13.
1143 3165 1178 3226 al.
1204 3169 1253 3208 -'

790 3248 826 3305 1¹:
845 3259 988 3328 postquam
1000 3252 1240 3333 adspemalrantur.

790 3335 831 3395 ll:
856 3349 997 3415 postquam
1021 3343 1241 3417 aspernebantur.

791 3453 826 3467 -
838 3422 878 3481 M:
897 3447 981 3493 „cum
999 3430 1172 3503 ingenuitatis
1184 3450 1239 3485 ms·

790 3519 840 3591 gui
864 3517 968 3592 pisentis
991 3517 1156 3573 conditionis
1184 3536 1238 3572 rne-

790 3619 893 3658 morem
904 3602 1048 3660 uideret“:
1065 3606 1092 3660 in
1105 3625 1160 3680 qno
1177 3625 1239 3660 cum

791 3706 862 3768 mag
877 3710 928 3767 pro
949 3693 1048 3770 treugis
1065 3693 1238 3767 scriberetur,

790 3775 844 3832 hoc
856 3797 938 3835 unum
948 3779 1074 3836 mendum
1083 3779 1182 3836 lactum
1195 3789 1238 3835 est

736 3890 742 3903 ⁴
790 3873 821 3920 ut
840 3876 931 3941 qpost
945 3887 967 3944 g
986 3866 1129 3924 excideret.
1155 3863 1236 3923 Mm.

790 3955 831 4010 dn
851 3962 946 4028 magua
964 3956 1068 4033 psentis
1086 3963 1138 4012 cet.
1153 3984 1191 4019 ¹-
1212 3950 1236 4006 P

790 4058 826 4098 m.
847 4043 883 4099 l.=
903 4043 1074 4101 conditionis.
