2618 4590
152 261 218 332 ιιι
354 231 356 235 ’
609 276 717 339 neus
735 275 806 338 nu.

73 480 82 505 a
157 463 366 511 communem
376 446 451 510 v'ere
462 438 599 507 Martem
615 439 691 507 belli
707 450 873 530 utramque
887 439 988 506 aciem
998 438 1065 529 pari
1078 434 1176 504 caede
1190 462 1260 527 pro-

102 540 109 547 *
158 544 539 635 stravisse-victoriaeque
556 568 675 611 nomen
687 542 811 611 tantum
823 567 923 634 penes
933 543 1095 610 Romanos
1109 565 1191 626 esse,
1214 566 1261 609 ce-

158 665 260 727 teram
272 674 331 741 pro
354 649 444 717 victis
467 649 627 717 fortunam
649 662 682 716 et
696 649 767 717 illos
788 674 907 739 gerere,
929 648 1053 715 funesta
1069 649 1133 714 duo
1150 672 1262 716 consu·

158 756 227 823 lum
237 753 394 844 praetoria
405 776 450 804 ¹-
461 754 596 822 alterum
606 754 771 845 parricidio
783 755 838 820 filii
854 755 988 822 alterum
1000 752 1140 820 consulis
1155 752 1263 820 devoti

11 939 13 947 p
126 873 144 929 5
161 859 260 927 caede
275 899 335 943 -‚
351 858 552 927 trucidatum
565 850 739 927 exercitum
758 883 896 951 omnem,
919 882 1029 925 caesos
1051 858 1259 947 hastatosque

148 962 396 1058 principesque,
424 975 564 1056 stragem
586 976 619 1032 et
645 976 717 1032 ante
747 964 834 1054 signa
866 975 996 1054 etpost
1024 963 1110 1053 signa
1137 962 1264 1042 factam,

50 1083 54 1090 '
95 1133 98 1140 ,
160 1067 284 1139 triarios
306 1080 470 1158 postremo
492 1094 563 1139 rem
577 1068 769 1138 restituisse:
798 1068 984 1136 Latinorum
1006 1070 1064 1136 etsi
1078 1067 1199 1158 pariter
1213 1089 1261 1132 ac·

163 1172 247 1243 bisce
271 1165 383 1262 copiae
413 1173 489 1258 sint,
519 1185 626 1241 tamen
654 1175 880 1265 supplemento
908 1174 961 1241 vel
983 1173 1108 1240 Latium
1135 1170 1266 1291 propius

164 1299 237 1345 esse
260 1277 312 1344 vei
335 1275 476 1345 Vulscos
500 1303 598 1368 quarn
620 1278 773 1346 Ronrnm·
802 1279 918 1370 itaque,
940 1279 968 1345 si
989 1277 1184 1345 videatur
1155 1299 1212 1358 ers,
1233 1297 1267 1341 se

118 1394 153 1451 10
164 1405 207 1451 ex
228 1379 348 1449 Latinis
377 1392 410 1448 et
437 1405 479 1449 ex
501 1382 629 1455 Vulscis
657 1384 785 1474 populis
813 1385 977 1452 iuventute
1005 1405 1142 1473 propere
1165 1379 1267 1447 excita

163 1485 338 1556 rediturum
359 1485 476 1553 infesto
500 1486 642 1554 exercitu
665 1487 809 1578 Capuam
836 1512 907 1556 esse
929 1488 1157 1575 Romanosque
1192 1481 1269 1550 nihil

164 1600 235 1659 tum
256 1590 362 1657 minus
386 1615 484 1681 quam
506 1592 665 1680 proelium
687 1604 892 1685 expectantes
915 1592 1104 1681 necopinato
1131 1589 1269 1656 adventu

105 1769 116 1797 κ
166 1695 399 1787 perculsurum.
437 1695 603 1763 fallacibus
618 1696 737 1766 'litteris
755 1699 837 1766 circa
851 1697 978 1764 [atium
994 1718 1179 1785 nomenque
1193 1692 1269 1759 Vul-

239 1841 336 1901 luisaet
372 1875 431 1912 ,,-
456 1841 624 1900 adfirmando
653 1877 686 1889 -

23 1973 27 1985 .
147 1970 153 1977 »
240 1932 360 1987 omnium
379 1931 484 1986 animos
497 1932 534 1986 ita
547 1935 686 2002 recreavit,

239 2025 270 2073 ut
287 2019 431 2074 exercitum
450 2017 561 2075 reficere
576 2021 686 2079 iterum·

240 2123 294 2182 que
323 2124 382 2160 cum
407 2103 536 2162 Romanis
560 2105 687 2183 congredi

239 2197 418 2248 statuerent“.
436 2190 485 2247 sed
504 2212 572 2269 quae
590 2190 688 2250 deinde

239 2275 364 2352 leguntur
387 2280 500 2354 „itaque
523 2281 548 2334 si
566 2279 688 2335 videatur

243 2365 305 2418 eie“
316 2372 367 2421 cet.
387 2383 446 2418 oum
459 2363 512 2418 hoe
524 2367 615 2442 priore
626 2364 687 2422 loco

240 2447 358 2525 quodam
376 2450 457 2504 modo
483 2446 608 2528 coniungi
626 2474 688 2530 pos-

241 2545 313 2604 sunt,
327 2544 357 2591 ut
368 2535 488 2612 neglecta
500 2539 628 2613 epodosis
640 2545 689 2598 mi·

241 2641 292 2683 nus
310 2620 407 2679 lrabeat
426 2623 593 2687 offensionis.

190 2709 216 2766 1.
243 2727 424 2795 communem
461 2730 531 2770 uere
561 2715 689 2774 Martem

178 2840 181 2845 .
242 2795 429 2856 0001).-
454 2798 496 2856 M:
522 2821 689 2860 communem

243 2903 307 2940 uere
326 2895 439 2942 mortem
457 2887 530 2949 belli
547 2887 592 2949 cf.
607 2895 633 2960 5,
647 2892 689 2950 10

242 2973 271 3038 7,
288 2972 315 3028 8.
333 2973 378 3038 00,
396 2977 439 3032 41.
458 2978 502 3042 30,
523 2978 567 3036 30.
586 2978 619 3036 al.

191 3055 218 3113 0.
245 3065 373 3113 ceteram
398 3079 454 3131 pro
483 3063 569 3119 uictis
588 3063 691 3135 fortu-

238 3158 320 3196 nam
337 3149 400 3197 etr
394 3145 460 3200 llos
475 3165 601 3224 gerere:
629 3150 690 3208 PM.

247 3246 323 3297 „nur
342 3226 403 3284 dem
414 3229 518 3288 Nemeo
536 3234 605 3290 nach
617 3238 691 3292 scien

247 3312 293 3371 die
311 3310 412 3371 Romen
430 3315 537 3394 Siagu,
561 3324 590 3378 in
612 3323 691 3381 aliem
750 3360 753 3366 ,

245 3386 366 3477 Ubrigcn
392 3408 493 3463 mirsste
516 3409 585 3466 auch
608 3412 690 3468 iirneu

246 3487 306 3543 ihre
330 3489 400 3565 Lege
422 3495 477 3549 wie
499 3493 543 3552 die
564 3517 619 3554 von
641 3499 692 3558 Be-

247 3575 350 3650 siegtcn
369 3577 548 3637 erscheincu“
548 3625 556 3641 .
574 3583 635 3642 Pro
650 3588 692 3642 oi·

246 3662 302 3716 ctis
312 3664 382 3723 enirn
397 3685 451 3722 non
464 3688 590 3744 aequeao
605 3676 631 3741 0,
648 3675 692 3732 05.

246 3783 265 3813 ,,
257 3763 334 3812 ,suos
347 3779 379 3789 -
393 3770 443 3825 pro
462 3755 539 3811 victis
555 3757 692 3816 Romanos

164 3894 169 3903 .
246 3829 397 3893 habuisse“
415 3838 583 3915 interpreter,
601 3844 693 3901 eedut

47 3900 52 3912 ἱ
126 3999 127 4003 ¹
158 3904 162 3909 Ι
243 3896 355 4003 proh.
364 3917 382 3979 l.
400 3925 569 3998 significet„
575 3933 612 3987 im
627 3930 690 3989 Ver·
729 3946 731 3951 '

245 4001 333 4077 gleich
352 4008 401 4064 mit
417 4012 597 4082 jemandem‘t

23 4104 42 4183 «Ι
70 4070 150 4175 Ἰ
122 4132 141 4257 ς
163 4060 219 4144 5
237 4106 351 4151 oneror
369 4092 565 4177 harenaque
582 4105 688 4181 priuci-

826 1867 954 1924 pesque:
977 1844 1004 1903 M
1027 1843 1104 1902 Leid.
1119 1862 1138 1902 ι.
1162 1819 1272 1900 Palt1f

775 1934 778 1943 ¹
828 1939 854 1994 3.
874 1934 923 2006 al.]
939 1953 1031 1989 caesos
1045 1933 1162 1987 hastatos
1172 1930 1271 2004 princi·

827 2021 985 2100 pesqueff).
995 2052 1029 2062 —
1044 2017 1212 2076 Manifestum
1223 2024 1271 2080 est,

829 2108 1181 2185 hocpactoorationcmnon
1191 2100 1271 2158 modo

828 2196 967 2254 fortiorem
980 2193 1048 2262 fieri,
1066 2191 1115 2250 sed
1128 2193 1208 2247 etiam
1221 2209 1271 2245 me·

827 2283 881 2340 lius
892 2280 1055 2359 respondere
1062 2282 1154 2337 verbis
1163 2297 1272 2355 sequen·

829 2370 902 2427 tibus
920 2379 949 2427 et
965 2377 1034 2426 onte
1049 2370 1142 2447 ‘signo
1159 2376 1188 2423 et
1207 2372 1273 2440 post

829 2458 927 2536 sfgno.

770 2547 803 2602 07.
830 2547 890 2602 etsi
906 2545 1020 2620 pariter
1039 2544 1157 2598 accisae
1174 2540 1274 2614 copiae

830 2634 906 2689 sint:
925 2630 955 2688 P.
969 2661 1003 2672 —
1021 2628 1060 2685 M:
1079 2630 1153 2697 „etsi
1171 2628 1274 2703 par†te

832 2718 962 2790 †adcisae
973 2720 1066 2795 copiae
1080 2719 1157 2772 sint“
1172 2712 1274 2770 duabus

830 2803 929 2861 litteris
952 2808 1044 2864 erasis.
1068 2818 1115 2845 —·
1130 2800 1164 2858 P:
1187 2810 1275 2857 tamen

831 2892 1017 2996 supplemento
1035 2889 1078 2946 nel
1100 2887 1195 2943 latium
1213 2905 1276 2962 pro

831 2983 900 3060 priis
924 3000 982 3037 esse
1001 2978 1043 3036 uel
1063 2975 1170 3032 uoiscos
1194 2993 1275 3049 qpam

832 3087 943 3127 romam.
974 3064 1021 3123 'zM
1048 3072 1137 3118 tamen
1165 3059 1276 3138 supple·

831 3164 921 3212 mento
946 3152 1072 3210 uelatium
1096 3153 1150 3218 (ιιι.
1168 3149 1210 3206 3..
1234 3143 1277 3202 nei

832 3240 941 3311 latium)
954 3240 1080 3319 proprius
1092 3256 1152 3292 esse
1163 3233 1210 3292 uel
1222 3232 1276 3290 uol-

832 3349 893 3385 scos
912 3349 989 3404 quam
1008 3345 1120 3382 romam.
1137 3353 1172 3389 «η-
1194 3321 1275 3379 Paulo

832 3426 895 3492 post
916 3414 978 3472 PM:
1000 3423 1026 3470 et
1049 3433 1084 3469 ex
1106 3408 1208 3469 uolsois
1230 3430 1275 3485 po·

831 3503 912 3580 pulis.
925 3535 959 3545 -
977 3499 1050 3560 Harl.
1061 3520 1091 3556 n:
1104 3518 1222 3565 ¹romano
1239 3498 1276 3552 ni·

833 3589 871 3648 hil
888 3602 944 3648 tum
963 3590 1120 3655 minueret.

764 3677 807 3736 13.
830 3673 1277 3752 encomiumnomenqueVol·

834 3784 931 3822 scum:
949 3764 1006 3822 PM.
1018 3795 1052 3807 ·-
1065 3763 1093 3819 M
1104 3785 1140 3823 ιιι.
1161 3765 1199 3820 1.=
1213 3762 1276 3838 ,quia

832 3850 1098 3928 quinontersnerant.
1117 3871 1152 3910 m.
1165 3851 1206 3908 3.ι
1225 3868 1278 3905 nou

831 3940 998 3997 itcrsuerant.
1022 3937 1057 3994 P:
1076 3939 1140 4014 quia
1158 3939 1206 4014 qni
1224 3955 1277 3992 non

767 4036 771 4044 “
830 4025 1014 4083 interfuerunt.
1032 4055 1065 4067 -—
1085 4026 1112 4082 M
1130 4046 1166 4083 m.
1187 4028 1224 4084 1.:
1244 4020 1278 4080 ad

830 4111 940 4170 erednm
966 4123 1075 4173 temere.
1109 4135 1146 4174 ιιι.
1169 4115 1212 4173 3.ι
1244 4109 1278 4167 ad
