2618 4590
174 257 216 324 18
286 336 294 355 ,Ι
346 334 351 349 ,
640 263 749 325 unua
766 261 812 324 n.

263 429 304 501 V.
348 428 416 496 lam
438 437 471 496 et
492 425 608 495 tribuni
629 426 732 519 plebis
754 425 881 495 civitate
898 422 1094 503 aedificando
1118 438 1274 518 occupata

87 546 90 551 “
175 536 341 605 contiones
362 557 435 602 suas
449 533 649 624 frequentare
663 531 788 622 legibus
801 529 926 621 agrariis
941 530 1146 600 conabantur.
1170 543 1275 601 osten-

175 642 302 709 tabatur
321 641 354 707 in
375 663 466 730 spem
487 637 674 729 Pomptinus
697 652 772 727 ager
797 647 868 704 tum
886 634 1032 727 ‘primum
1054 647 1127 727 post
1154 638 1277 705 accisas

177 773 202 814 a.
218 746 351 835 Camillo
375 744 569 812 Vulscorum
590 765 641 808 res
663 741 873 833 possessionis
895 740 981 808 haud
1003 742 1180 830 ambiguae.
1221 744 1277 810 cn'-

146 852 375 921 minabantur
396 849 499 915 multo
523 870 598 914 eum
619 846 816 914 infestiorem
837 869 948 935 agrum
962 845 1002 911 ab
1017 846 1180 914 nobilitate
1204 871 1277 916 esse

84 984 88 995 ·
176 981 273 1048 quam
294 953 424 1026 Vulscis
451 951 563 1019 fuerit:
581 952 638 1055 xab
665 953 725 1019 illis
748 952 833 1020 enirn
861 963 985 1020 tanturn
1007 952 1115 1040 quoad
1137 952 1222 1021 vires
1245 964 1278 1022 et

175 1086 263 1129 anna
284 1059 464 1127 habuerunt
485 1056 679 1125 incursiones
708 1081 747 1124 eo
775 1056 890 1140 factm,
918 1055 1040 1123 nobiles
1068 1056 1216 1124 homines
1246 1058 1278 1125 in

175 1165 415 1259 possessionem
436 1162 503 1252 agri
516 1161 634 1252 publici
648 1163 789 1251 grassari,
810 1186 871 1230 nce
892 1162 952 1228 nisi
969 1172 1041 1228 ante
1058 1185 1156 1251 quarn
1171 1163 1277 1229 emnia

178 1268 376 1360 praecipiant
397 1266 514 1336 divisus
536 1267 590 1349 sit,
617 1268 727 1335 lecum
753 1267 795 1334 ibi
823 1266 909 1358 plebi
936 1265 1015 1333 lere.
1053 1265 1140 1332 baud
1161 1291 1277 1359 magno

2 1366 16 1400 ”
132 1383 168 1442 10
180 1397 278 1465 opere
301 1373 429 1463 plebem
449 1383 615 1441 moverant
637 1383 670 1439 et
682 1371 915 1462 infrequentem
935 1370 969 1436 in
979 1370 1053 1437 ‘loro
1076 1383 1208 1463 propter
1231 1396 1278 1439 ae

178 1477 325 1546 dilicandi
347 1501 456 1546 curam
478 1488 511 1546 et
532 1477 646 1545 eodem
661 1476 850 1544 exhaustam
871 1475 1010 1566 inpensis
1025 1498 1130 1565 eoque
1152 1477 1219 1568 agri
1236 1477 1278 1543 in-

838 1656 915 1719 Laid.
932 1678 950 1718 ι.
968 1690 1004 1705 ·-·
1025 1659 1079 1717 Alii
1097 1659 1191 1719 codol:
1210 1662 1279 1719 oeci·

838 1768 891 1816 sas,
909 1747 1036 1813 abscisae,
1054 1748 1196 1817 abscissas,
1210 1749 1280 1806 deci·

838 1855 891 1893 ιιι.
932 1832 975 1892 cf.
1003 1837 1034 1902 3,
1058 1837 1112 1894 tu:
1139 1837 1281 1904 „abscisae

836 1928 949 1981 res“.-
963 1922 1281 2000 Pm.1.:possessioner.

128 1702 131 1707 ,
198 1664 224 1724 1.
252 1665 311 1720 rem
328 1673 359 1722 et
379 1669 417 1722 tr.
432 1662 475 1741 pl.
493 1663 612 1723 ciuitate
630 1672 695 1720 cet:

249 1750 307 1810 ΡΜ.
317 1783 352 1792 -
368 1750 390 1807 Ρ
402 1770 437 1809 m.
451 1755 493 1809 1.ι
507 1751 696 1806 contentiones

250 1856 321 1897 suas.
338 1837 361 1894 P
373 1860 408 1897 ιιι,
421 1841 446 1897 2.
459 1837 500 1894 ll:
515 1839 674 1895 contiones.

198 1926 225 1984 2.
252 1927 456 1983 ostentabatur
474 1929 619 2001 inopem:
637 1923 703 1980 ΡΜ.-

250 2012 376 2089 lercrus
404 2015 487 2070 scribi
517 2013 610 2071 maluit
643 2013 696 2082 „in

249 2102 397 2176 speeiem“.
424 2101 474 2156 sed
498 2100 623 2177 equidem
640 2121 696 2156 nen

249 2187 330 2245 video
350 2207 412 2253 eur,
438 2208 498 2243 cum
520 2189 546 2255 1,
563 2189 608 2246 36.
625 2187 697 2262 lega·
755 2250 758 2254 ¹

194 2328 206 2344 l
251 2281 296 2328 tur
323 2270 404 2346 „agri
426 2272 530 2349 publici
558 2273 697 2331 dividendi

252 2367 401 2416 ostentatae
409 2358 499 2437 specu,
508 2363 534 2429 3,
545 2364 588 2421 61.
597 2383 698 2440 „parva

253 2449 396 2503 certamina
414 2449 443 2503 iu
466 2467 597 2505 summam
614 2451 699 2506 totius

251 2534 422 2610 profecerant
432 2539 517 2612 spei“‚
530 2539 574 2604 25,
584 2540 610 2595 7.
619 2555 699 2606 „cum

200 2672 202 2677 .
252 2610 461 2679 Tarentinorum
479 2623 594 2680 defectio
609 2627 638 2680 in
650 2643 699 2700 spe

252 2707 398 2765 Hannibali
416 2716 512 2770 eeset“
525 2710 568 2780 al,
586 2731 634 2766 cur
650 2713 699 2784 igi·

217 2839 230 2869 ..
253 2805 298 2853 tur
314 2795 348 2855 b.
371 2794 390 2854 l.
414 2796 469 2854 dici
492 2818 548 2854 nen
573 2800 699 2874 potuerit,

254 2903 347 2959 agrum
376 2883 406 2940 iu
435 2903 512 2962 spem
540 2894 703 2942 ostentatum

253 2991 322 3040 ease,
338 2963 497 3046 praesertim
510 2992 571 3029 cum
583 2971 629 3029 ille
642 2992 704 3046 ager

255 3055 311 3114 non
331 3058 490 3134 inspeciem
508 3059 558 3114 seri
569 3068 703 3136 tamquam

255 3163 320 3201 vere
341 3143 491 3221 sperandus
517 3156 705 3217 ostentaretur,

188 3262 191 3267 ·
230 3308 233 3313 y
258 3229 333 3309 quod
350 3230 420 3287 nibil
436 3231 543 3306 plebem
559 3235 704 3312 prohibere

255 3316 392 3376 videretur
415 3321 558 3395 quominus
579 3342 612 3378 ee
630 3322 700 3379 frue-

153 3447 159 3461 .
255 3416 349 3463 rentur
358 3408 411 3463 nisi
420 3408 462 3463 vis
474 3410 701 3484 patriciorum.-

235 3544 239 3553 .
256 3492 279 3549 P
289 3515 325 3552 ιιι.
336 3496 374 3553 l.:
383 3496 521 3572 poptimus
531 3515 600 3570 ager.
615 3517 651 3556 ιιι.
661 3499 701 3556 2:

256 3581 385 3657 poptinus
395 3601 464 3657 ager.
477 3581 505 3639 Μ
515 3603 550 3641 m.
561 3586 586 3642 1.
594 3603 601 3638 :
610 3604 701 3659 prum·
774 3585 816 3640 11.

255 3668 344 3747 ptin‘l
360 3687 428 3743 ager.
456 3690 491 3727 m.
510 3674 553 3727 3.:
575 3673 701 3749 proptiu’.

203 3764 214 3782 '
256 3750 300 3812 Cl.
319 3755 346 3822 6,
363 3759 389 3813 6.
407 3754 469 3812 PM:
496 3777 530 3814 cx
548 3777 610 3830 agro
628 3779 703 3835 pom·

253 3843 340 3918 ptine.
359 3844 386 3910 2,
404 3841 492 3902 3131.
509 3876 543 3886 -
556 3842 622 3903 Ptl:
641 3845 702 3902 uol·
771 3854 773 3859 '

167 3978 170 3991 ,
254 3947 374 4006 ecorum
390 3950 449 3986 ree.

201 4015 229 4073 3.
253 4024 324 4089 post
335 4017 451 4072 accisas
464 4035 484 4070 a
492 4017 619 4074 Camillo
631 4016 666 4075 V
661 4019 702 4074 ob

188 4096 191 4101 ’
254 4121 374 4159 ecorum
405 4122 471 4159 m.-
505 4101 555 4160 ΡΜ
585 4102 659 4161 Harl.
684 4122 701 4164 1.

784 2010 810 2068 6.
838 2029 928 2086 qurum
947 2010 981 2070 V
978 2012 1069 2068 ulscis
1084 2011 1201 2084 fucrit.-
1222 2010 1280 2082 ΡΜ]

836 2117 917 2173 quam
935 2118 950 2153 a
967 2096 1074 2161 Volscis
1092 2097 1179 2158 luerit.
1200 2095 1244 2158 Cl.
1257 2100 1282 2167 1,

839 2186 883 2243 58.
905 2186 947 2243 11.

786 2303 821 2313 -
840 2273 944 2351 quoad
967 2273 1048 2329 uires
1069 2281 1097 2330 et
1119 2292 1206 2330 arma
1231 2272 1282 2330 lra-

839 2361 978 2416 buerunt:
1001 2359 1059 2416 ΡΜ.
1082 2391 1117 2404 -
1144 2359 1167 2415 Ρ
1189 2362 1281 2419 m.1.r

838 2466 927 2506 neres.
940 2478 974 2490 -
986 2446 1020 2504 P:
1039 2450 1067 2503 iu
1084 2449 1283 2523 possessiouem

838 2533 941 2613 publici
961 2537 1084 2610 grassari.

786 2625 813 2682 8.
840 2643 931 2701 quam
961 2624 1061 2678 emnia
1085 2621 1307 2698 praecipitum„

754 2717 759 2729 '
839 2709 889 2767 ΡΜ
915 2709 975 2769 ced.
997 2709 1084 2767 Rben.
1106 2707 1184 2767 neit
1206 2727 1224 2767 ι.
1250 2738 1286 2752 -

839 2796 916 2856 Harl.
927 2816 958 2856 r.:
974 2798 1159 2877 praecipitant.
1178 2794 1256 2855 Voss.
1267 2814 1285 2854 r.
1296 2858 1299 2865 1

843 2885 892 2944 alt
909 2884 1125 2964 praecipitarent.
1282 2892 1285 2897 “

791 2975 817 3033 9.
842 2994 952 3051 magne
979 2992 1081 3046 opere:
1102 2970 1152 3028 ΡΜ
1172 2968 1248 3029 Harl.
1268 2990 1287 3045 p

842 3056 920 3117 Leid.
938 3061 972 3132 ι.]
996 3079 1164 3134 magnopere.
1200 3056 1244 3118 (Μ.
1260 3061 1287 3126 3,

845 3147 889 3204 26.
907 3147 934 3214 9,
951 3149 995 3205 33.
1007 3178 1042 3188 -
1059 3146 1093 3203 P:
1112 3145 1217 3223 plebem
1231 3166 1288 3202 me·

844 3243 929 3291 uerat.
959 3232 997 3289 ll:
1020 3232 1126 3310 plebem
1151 3243 1288 3292 moueant.

841 3339 877 3378 m.
895 3321 934 3378 2:
952 3329 1069 3380 mouent.
1089 3320 1198 3378 Livium
1214 3320 1290 3402 plue·

843 3407 1043 3483 quamperlecte
1070 3411 1108 3466 ita
1129 3411 1174 3487 *uti
1200 3408 1289 3466 solere

843 3504 936 3550 netum
955 3505 1005 3554 est.

845 3591 875 3639 et
887 3581 990 3639 eedem
999 3583 1178 3641 exhaustam
1190 3584 1289 3659 inpen-

844 3671 903 3726 sis:
922 3669 969 3726 ΡΜ
988 3669 1047 3729 cod.
1065 3670 1151 3728 Rhen.
1169 3670 1197 3729 b.
1216 3691 1240 3729 e.
1263 3681 1290 3726 et

844 3757 879 3814 eb
897 3756 967 3815 hane
985 3760 1071 3834 ipsam
1091 3778 1190 3817 euram.
1202 3789 1237 3799 -—
1248 3756 1290 3815 fl:

845 3866 952 3922 „coque
971 3849 1026 3921 agri
1038 3848 1211 3902 inmemorem
1228 3854 1289 3923 atq.

843 3935 930 3991 instra
947 3937 951 4004 Ι
967 3933 1096 3991 endum“.
1115 3932 1184 3990 Pm.
1198 3935 1237 3988 t:
1255 3929 1290 3986 ad

843 4038 923 4093 quem
936 4018 1115 4077 intruendam.
1137 4038 1173 4077 m.
1186 4019 1227 4076 ΡΛ
1249 4020 1290 4073 ἱιι-

843 4105 1008 4165 struendum.
