2780 4720
532 283 637 342 unsa
655 283 690 342 x.
1025 245 1029 256 ’
1094 271 1159 341 729

49 453 188 522 tineret:
211 448 331 542 quippe
353 447 385 514 in
408 445 509 516 oculis
532 456 600 548 erat
621 443 724 514 omnis
746 442 800 510 ille
823 441 940 510 occulti
961 453 1088 533 paratus
1110 468 1157 514 sa·

50 557 99 624 cri
124 568 160 624 et
180 554 291 623 armati
313 551 495 620 sacerdotes
517 560 550 617 et
572 548 730 638 promisca
752 546 917 616 hominum
932 541 1156 641 pecudumque

52 653 181 750 strages
203 669 236 726 et
256 679 421 750 respersae
442 654 540 722 fando
563 651 765 743 nefandoque
780 651 932 742 sanguine
954 676 1027 721 arae
1042 665 1075 721 et
1090 655 1155 722 dira

51 763 219 832 execratio
248 787 286 831 ac
312 760 424 830 iuriale
450 764 582 825 carmen
607 754 812 824 detestandae
840 755 977 822 familiae
1005 752 1172 849 stirpique¹

51 868 276 958 conpositum:
315 865 353 933 iis
374 860 507 934 vinculis
528 859 622 950 fugae
651 859 793 928 obstricti
820 859 947 962 stabaqt
969 860 1072 928 civem
1093 879 1191 932 mar-5

53 973 104 1061 gis
129 995 226 1061 quam
248 971 376 1038 hostem
398 968 556 1036 timentes.
594 962 710 1032 instare
733 963 897 1032 Romanus
919 989 1053 1033 acornu
1074 979 1157 1036 utro·

51 1099 121 1166 que
144 1099 164 1142 a
186 1075 291 1143 media
312 1073 390 1156 acie,
411 1082 445 1140 et
473 1069 606 1138 caedere
635 1067 770 1136 deorum
797 1067 1028 1160 hominumque
1047 1073 1157 1139 ottoni-

52 1191 107 1248 tos
130 1191 235 1248 metu:
263 1187 456 1269 repugnatur
478 1172 615 1264 segniter
637 1183 673 1239 ut
695 1171 741 1238 ab.
757 1171 807 1238 his
831 1195 913 1262 quos
936 1173 1032 1242 timor
1056 1199 1157 1243 mora-

51 1295 144 1350 retur
166 1308 184 1352 a
205 1285 290 1376 fuga.
327 1283 391 1350 iam
413 1301 514 1370 prope
538 1277 578 1342 ad
600 1276 688 1369 signa
712 1276 828 1344 caedes
850 1289 1053 1366 pervenerat,
1066 1313 1068 1321 2
1081 1304 1157 1348 eum
1209 1289 1211 1296 '

54 1412 98 1456 ex
121 1401 302 1458 transverso
329 1383 434 1476 pulvis
464 1381 553 1449 velut
580 1380 715 1471 ingentis
743 1380 874 1472 agminis
901 1381 1029 1452 incessu
1050 1396 1157 1454 motus
1171 1402 1217 1456 10*

74 1609 100 1662 1.
118 1609 238 1683 quippe
250 1610 281 1664 ἰιι
292 1604 387 1663 oculte
399 1609 465 1661 arat
476 1600 572 1657 omnis
597 1661 603 1669 ,
661 1603 687 1658 d.
716 1599 758 1656 iia
773 1599 900 1658 uinculis
910 1571 1017 1685 fugae*
1027 1604 1161 1660 obstricti

128 1693 181 1750 ille
203 1693 310 1749 occulti
329 1694 456 1767 paratus
477 1687 572 1744 aoera':

131 1777 180 1834 ΡΜ
190 1773 572 1856 al.-Reec.quidarucodd.:

130 1869 351 1942 ‚,opparatua“:'
372 1862 446 1942 quod
475 1881 574 1919 numen

131 1955 178 2019 10,
200 1954 244 2012 38.
274 1953 392 2028 potitum
419 1959 462 2008 eat
491 1957 574 2019 „erat

132 2059 193 2096 oum
217 2035 286 2095 aliua
313 2046 456 2115 apparatus
481 2037 575 2093 aatri“
644 2066 646 2072 π

131 2135 182 2185 oet.
218 2121 432 2185 CRTaedun.
452 2125 499 2192 13,
519 2125 575 2186 17.r

130 2232 185 2268 nox
202 2211 295 2271 eadem
314 2231 407 2268 necem
425 2209 575 2268 Britannici

131 2310 159 2355 et
180 2319 275 2376 rogum
300 2301 438 2379 coniunxit
453 2298 574 2375 proviso

130 2398 192 2444 aute
214 2388 319 2446 funebri
341 2393 435 2465 paratu
453 2387 499 2464 qui
517 2403 574 2440 mo·

131 2474 207 2531 dieue
226 2475 284 2533 suit.
302 2506 336 2518 ·-
359 2473 405 2532 M:
424 2482 451 2530 et
464 2473 574 2548 promi·

130 2581 183 2618 scu
218 2561 356 2619 hominum
389 2559 574 2639 pecudumque

131 2658 241 2735 stragqs.
259 2647 295 2704 P:
313 2657 340 2704 et
357 2649 511 2726 promiscua
524 2655 575 2704 cet.

132 2732 176 2793 Cf.
194 2737 221 2804 7,
240 2738 264 2794 1.
282 2737 309 2802 5,
326 2736 369 2790 55.
388 2731 422 2791 al.
440 2763 474 2776 -
492 2732 577 2789 lueis
598 2783 602 2791 ,

132 2842 199 2899 quea
216 2829 364 2897 sequuntur
381 2819 464 2876 binae
478 2820 576 2876 oratio·

134 2911 175 2965 nia
198 2918 287 2985 partes
312 2905 455 2964 cohaerere
471 2907 587 2981 sibique

134 2998 248 3053 invicem
265 2992 428 3070 respondere
439 2993 577 3052 videntum

135 3102 274 3162 respersae
304 3083 375 3138 enim
405 3091 481 3138 erant
516 3101 577 3137 arae

136 3172 269 3248 promisca
281 3167 327 3226 illa
339 3179 427 3245 strage
438 3169 576 3226 hominum

135 3256 333 3335 pecudumque,
351 3267 379 3314 et
396 3255 454 3313 dira
472 3276 577 3313 execra-

138 3345 175 3399 tio
194 3345 223 3400 iu
241 3343 328 3402 furiali
350 3343 468 3401 carmine
483 3345 578 3402 inerat.

15 3497 20 3504 ‚
135 3461 170 3474 -
188 3428 211 3487 P
227 3451 262 3492 m.
276 3435 316 3490 1.:
332 3440 361 3488 et
372 3449 512 3508 respersae
524 3429 580 3487 ian·

141 3517 228 3594 doque
250 3520 379 3593 sauguine
401 3537 463 3574 aree
484 3526 512 3573 ct
529 3518 579 3574 tira

137 3605 269 3661 execratio
288 3604 398 3662 esuriale
416 3625 531 3662 carmen.
558 3603 580 3660 P

138 3711 171 3750 ur.
189 3693 215 3750 2.
226 3689 266 3748 M:
287 3691 393 3760 „tando
413 3691 580 3768 nefandoque

137 3780 263 3853 sauguine
281 3798 342 3836 arae
359 3788 387 3836 et
398 3779 456 3837 dira
475 3799 579 3836 execra-

139 3867 176 3922 tio
199 3886 231 3922 ac
255 3865 348 3925 furiale
375 3869 514 3924 carmen“.
548 3863 580 3926 lu
621 3855 624 3872 ⁵

139 3951 215 4013 Leid.
229 3974 247 4012 ι.
266 3951 345 4026 ¹Voss.
360 3971 390 4009 n.
407 3950 474 4010 [ιιι.
493 3955 518 4011 t.
536 3969 579 4008 ex·

95 4081 99 4092 ,
140 4039 205 4096 cidit
215 4039 330 4112 fando.
350 4072 382 4082 -
405 4039 439 4098 Pr
467 4036 581 4096 familiae

140 4128 297 4205 stirppiqne.
386 4216 391 4225 Ι

714 1685 1161 1759 atabantsPlil]hisviuculiacet'
1259 1731 1263 1747 .

715 1805 748 1818 -
778 1771 821 1830 lt:
859 1774 960 1831 instare
987 1795 1114 1848 romanus
1142 1798 1158 1832 a

716 1879 802 1918 earuu
819 1870 933 1938 utroque
951 1884 965 1919 a
985 1863 1070 1920 media
1085 1866 1159 1921 actae

715 1958 743 2004 et
761 1947 872 2005 caedere
885 1959 936 2008 cet.
953 1949 992 2006 P:
1003 1951 1104 2007 instare
1116 1971 1158 2008 ro·

718 2054 812 2091 manus
831 2055 844 2090 a
864 2055 947 2094 cornu
960 2046 1073 2114 utroque
1084 2058 1159 2096 ame-

673 2190 676 2199 s
715 2119 786 2178 dicio
810 2123 867 2177 acie
890 2115 1025 2186 excedere.
1061 2146 1096 2187 m.
1120 2129 1159 2186 Ἅι
1242 2112 1247 2124 ,

716 2210 773 2266 acie
790 2219 818 2264 et
835 2207 939 2270 cedere.
961 2221 996 2253 ‘-
1019 2213 1088 2284 ,με
1105 2233 1158 2270 me·

717 2295 761 2351 dia
780 2296 859 2354 acie“
878 2296 994 2356 tortasse
1010 2317 1043 2358 ex
1060 2299 1159 2359 littere·
1265 2278 1287 2342 .'

716 2403 775 2440 rum
782 2383 1100 2446 metatheaiaoritandnm
1110 2399 1159 2448 eat.

717 2499 750 2512 -
776 2469 854 2531 Vasa.
872 2489 899 2532 n.
918 2472 952 2533 at.
970 2477 1111 2544 ‚,tnatat“‚
1132 2487 1160 2535 et
1253 2463 1269 2494 '¹

716 2557 856 2619 Posteri.
866 2555 918 2627 „ad
929 2561 1041 2618 mediam
1048 2565 1159 2624 aciem“.

640 2648 691 2726 Ι8.
716 2655 899 2724 repugnatur
920 2651 1051 2725 segniter
1073 2659 1106 2706 ut
1121 2651 1160 2707 ud
1245 2689 1254 2706 .
1288 2713 1291 2737 Ι

717 2731 766 2789 laia
784 2751 860 2807 quoa
882 2733 971 2789 timer
993 2746 1161 2797 moraretur

718 2817 843 2896 refugo:
862 2815 910 2874 Pu
920 2817 998 2879 Leid.
1010 2839 1028 2881 r.
1042 2820 1121 2883 Voss.
1133 2841 1160 2883 u.
1173 2885 1175 2890 ,

718 2906 767 2977 at]
786 2913 948 2982 repugnatur
959 2908 1076 2982 segniter
1087 2920 1117 2967 ut
1128 2909 1162 2967 eb

718 2995 753 3049 iis
771 3011 840 3068 quoa
852 3001 903 3051 cet.
922 2991 1009 3060 „Wu
1021 2996 1162 3066 rettulisti,

719 3080 753 3140 da
775 3100 826 3136 nur
852 3078 897 3135 die
918 3078 1020 3138 Furcht
1041 3087 1082 3142 sie
1108 3104 1161 3143 von
1208 3143 1212 3157 p

718 3169 767 3225 de'r
783 3164 880 3224 Pluelrt
906 3169 1098 3232 auructtieta‘t
1126 3204 1160 3214 -

719 3253 803 3312 Paulo
821 3263 884 3332 post
900 3254 933 3312 P:
954 3257 1066 3334 „puluis
1088 3258 1162 3317 uelut

719 3344 835 3420 ingentis
845 3344 956 3416 agminia
965 3345 1162 3404 incessurum-

720 3434 839 3489 tus“.-
852 3429 1008 3489 Octauium
1016 3435 1163 3492 Maecium
1275 3458 1283 3490 ε
1320 3487 1322 3496 .

721 3518 881 3602 scripsimus
894 3539 955 3578 cum
968 3520 1030 3578 Pu:
1047 3525 1074 3590 8,
1085 3524 1111 3582 7.
1126 3521 1163 3578 Ἰιι

721 3601 798 3663 Leid.
809 3621 826 3663 r.
836 3606 967 3685 scriptum
977 3617 1019 3665 eat
1030 3605 1163 3677 Mecium,
1223 3651 1226 3670 .

720 3692 751 3748 in
764 3689 830 3748 Pell.
842 3693 866 3750 1.
876 3694 902 3754 3.
911 3696 1045 3762 merium,
1057 3697 1086 3752 in
1095 3715 1164 3754 rece.

721 3775 801 3835 codd.
816 3776 876 3847 (ed.
889 3779 987 3854 Bekis.)
1000 3783 1165 3850 „Octavium

721 3863 864 3925 uterium.
887 3895 919 3910 -
944 3866 992 3924 Pu
1009 3869 1080 3930 reli:
1099 3872 1165 3930 dux

723 3953 858 4010 alaribus
887 3955 1057 4016 cohortibus
1092 3969 1165 4019 erat.

724 4038 769 4099 Gt.
789 4042 836 4108 1⁰,
843 4042 882 4100 8.ι
900 4044 1051 4122 principem
1069 4045 1164 4104 nabili-

694 4156 701 4162 -
723 4128 772 4185 teti
790 4137 901 4197 uestrae.
