2618 4590
179 217 245 287 lt‘t
439 255 443 267 ¹
629 231 737 292 uultu
752 231 825 292 Vlll.

179 408 311 488 tamque
332 397 392 465 illis
415 395 565 487 praedam
586 395 693 463 redde.
729 393 807 461 milri
830 393 970 484 legiones
991 374 1220 484 peditumquel
1236 420 1276 486 pe

180 525 242 591 gna
264 526 358 569 curae
371 511 488 587 amnt:
509 523 608 590 penes
628 511 662 568 te
685 509 832 590 equestre
855 498 896 564 sit
918 497 1016 563 decus
1024 502 1052 563 ⁶⁴.

269 605 419 672 XXXIX.
463 605 617 696 Equitum
639 604 781 671 acies-
798 603 900 693 qualis
922 624 1005 691 (prae
1020 623 1097 668 esse
1113 601 1273 670 instructis

181 709 261 791 sima
292 722 401 801 potest
427 749 470 760 -
498 709 622 776 invecta
656 709 689 774 iu
716 708 883 797 dissipatos
911 705 1143 797 inpeditosque
1174 707 1270 775 hosta

144 824 163 879 5
180 813 279 879 caede
301 815 407 882 omnia
428 813 549 904 replet:
572 815 653 880 inter
675 812 813 879 sarcinas
830 810 962 878 omissas
978 823 1117 900 repente
1141 811 1271 880 obiaeeu

180 927 229 985 tes
252 918 387 1008 pedibus
415 916 600 1006 fugientium
628 927 965 1006 consternatorumque
993 940 1163 1006 equorum
1184 941 1270 1008 neque

180 1045 306 1112 pugnae
328 1045 434 1112 neque
463 1021 555 1109 fugae
578 1021 654 1088 satis
682 1031 830 1110 potentes
858 1021 1042 1088 caeduntur.
1081 1031 1159 1088 tum
1182 1023 1269 1089 deleto

178 1149 281 1217 prope
303 1126 446 1216 equitatu
466 1123 607 1191 hostium
626 1125 672 1193 M.
689 1126 715 1191 F
717 1125 805 1192 abins
828 1124 1050 1192 circumductis
1073 1126 1215 1216 paulum
1228 1127 1270 1192 alis

180 1229 220 1295 ab
243 1241 333 1320 tergo
355 1229 537 1318 pedestrem
559 1228 660 1295 aciem
682 1230 834 1297 adoritur:
864 1230 984 1296 elamor
1004 1228 1080 1295 inde
1104 1254 1214 1298 novus
1233 1256 1269 1299 ac·

133 1345 169 1401 1⁰
182 1333 290 1400 cidens
313 1344 346 1399 et
366 1333 555 1399 Samnitium
573 1333 688 1401 'terruit
711 1334 847 1419 animos,
870 1345 902 1400 et
924 1333 1073 1416 dictator,
1096 1336 1157 1402 ubi
1180 1359 1269 1426 respe-

135 1488 141 1503 ‚,
179 1446 301 1503 etentes
323 1435 464 1506 bostium
486 1437 707 1528 antesignanos
733 1439 922 1528 turbataque
950 1438 1037 1527 signa
1066 1449 1102 1505 et
1128 1441 1269 1509 fluctuor

177 1540 368 1639 temqaciem
389 1543 475 1626 vidit,
496 1553 566 1610 tum
588 1543 749 1633 appellare
770 1554 839 1610 tum
862 1542 1021 1609 adhortari
1035 1543 1166 1629 milites,
1188 1547 1268 1613 tribu-

176 1667 236 1713 nos
258 1646 480 1739 principesque
508 1646 655 1715 ordinum
684 1646 871 1716 nominatim
899 1645 939 1713 ad
966 1646 1147 1716 iterandam
1169 1673 1270 1718 secura

175 1898 177 1903 ·
244 1878 387 1927 neatecet.
406 1868 490 1931 lledia
501 1871 687 1944 praetermissa

244 1966 315 2014 sunt.
328 1988 361 2000 -
372 1957 406 2013 P:
425 1955 491 2012 mibi
505 1955 623 2014 lesioues
641 1977 687 2032 pe-

245 2043 381 2122 ditumque
398 2064 485 2122 pugna
504 2063 584 2100 curae
600 2055 687 2102 erunt.

242 2126 310 2188 Lov.
331 2135 371 2189 t:
398 2131 571 2207 peditumque
597 2150 686 2208 pugna

242 2217 309 2282 mibi
326 2238 405 2274 curae
423 2219 482 2276 erit.

190 2303 216 2359 3.
245 2305 343 2376 qualis
357 2324 434 2381 quoe
446 2323 513 2360 esee
524 2305 686 2360 instructis-

244 2391 322 2445 simo
336 2399 448 2465 potest.-
467 2389 505 2444 P:
528 2388 555 2448 b.
574 2410 596 2448 e.
614 2389 686 2457 talis,

242 2474 329 2552 qualis
340 2471 384 2532 v'el
396 2476 602 2533 instructissima
615 2479 686 2535 acies

241 2562 328 2621 videri
352 2572 454 2641 potest:
481 2565 531 2632 „in
554 2563 602 2619 der
618 2564 685 2621 voll-

240 2649 425 2712 kommensten
444 2649 606 2733 Qrdnung“.
642 2650 686 2711 Cl.

240 2740 274 2808 7,
296 2740 354 2797 33.:
384 2736 530 2816 proelium,
558 2746 588 2796 ut
611 2739 685 2816 quod

238 2826 356 2882 maxime
384 2845 510 2903 umquam
544 2829 604 2903 pari
635 2847 685 2904 spa

238 2915 373 2991 utrimque
390 2943 426 2955 —
444 2914 615 2969 commissum
642 2923 684 2968 est

240 3009 292 3059 cet.
318 3031 350 3041 -
371 2999 411 3055 lll:
430 3000 545 3076 qualisq.
564 3021 624 3056 esse
641 3004 683 3057 in·

239 3087 415 3141 structissima
434 3095 524 3163 potest
535 3089 639 3142 inuecta
653 3090 682 3144 iu

239 3171 387 3249 disciputus
404 3172 567 3248 inpeditosq.
589 3173 682 3229 hostes

241 3259 324 3316 erede
342 3260 431 3318 omnia
443 3257 536 3335 replet.
553 3259 623 3317 Pm.
643 3264 681 3318 1.:

238 3349 266 3403 in
280 3346 425 3424 dissipatos
436 3346 637 3423 indeditosque.·
647 3380 677 3389 -

237 3435 314 3492 Bm.
334 3437 373 3492 2:
397 3441 682 3510 consternatorumque

237 3540 377 3599 equorum.
403 3518 444 3575 tl:
461 3522 681 3578 coaternatorum-

237 3628 300 3684 que.
318 3607 439 3666 Pm.1.:
456 3616 681 3666 eostematorum·

234 3714 296 3772 que·

58 3772 63 3781 ’
97 3811 102 3815 ·
183 3786 211 3843 8.
235 3782 375 3859 paulum.-
404 3781 454 3841 Plll
481 3784 541 3843 cod.
567 3783 680 3856 Kloelr.]

237 3869 384 3949 paullulum
414 3870 496 3942 (Pell.
527 3871 609 3940 rell).
645 3904 680 3914 -

237 3957 368 4038 lbrsaepo
390 3958 440 4017 baa
457 3980 539 4020 voces
560 3962 631 4017 inter
650 3979 681 4016 re

829 1865 955 1924 contusae
976 1878 1040 1925 sunt
1060 1870 1268 1946 optimorumque

827 1953 958 2015 librorum
976 1957 1138 2012 auctoritate
1161 1958 1268 2014 scribon

828 2041 1266 2117 domestex.gr.lt,dfi.:iammr-

827 2149 879 2205 gna
900 2150 933 2186 ex
950 2140 1027 2209 parte
1044 2130 1079 2186 ad
1090 2131 1177 2207 pedes
1189 2152 1267 2208 pugna

828 2219 921 2286 iverat,
940 2217 1026 2274 donec
1037 2217 1174 2275 Numidae
1188 2221 1268 2296 quiin

828 2304 954 2361 cornibus
981 2314 1070 2374 erant,
1100 2308 1267 2365 circumvecti

827 2390 936 2468 paulum
955 2391 987 2448 ab
1007 2402 1082 2466 tergo
1100 2415 1132 2451 oe
1150 2394 1267 2451 ostende·

826 2489 897 2538 runt.
916 2481 959 2547 23,
978 2482 1034 2540 13.:
1056 2480 1268 2558 debellatumque

826 2586 889 2622 mox
914 2567 972 2624 lore
997 2569 1022 2623 ei
1049 2568 1136 2629 adniti
1165 2568 1268 2649 paulum

826 2651 974 2710 voluissent
1002 2654 1139 2716 rebantur.
1172 2657 1205 2716 al.
1235 2687 1266 2697 -

825 2738 873 2797 Pu
891 2739 964 2799 llarl.
978 2762 995 2799 1.
1014 2739 1091 2800 Leid
1106 2762 1124 2801 ι.
1143 2743 1191 2803 al:
1218 2744 1265 2799 eir·

824 2827 973 2900 cumductio
991 2827 1100 2904 paulum
1120 2830 1191 2890 aliis.
1226 2829 1266 2888 Cl.

823 2915 853 2981 8,
878 2916 934 2970 38.:
958 2914 993 2974 Μ.
1018 2915 1092 2976 Fabi.
1118 2948 1154 2958 -
1185 2916 1266 2973 Paulo

824 3010 886 3055 ante
908 3003 1041 3078 scriptum
1062 3010 1116 3060 erat
1137 3003 1206 3079 ipP
1231 3025 1265 3060 m.

826 3091 863 3146 1.z
885 3097 941 3145 tum
961 3090 995 3144 de
1012 3091 1073 3148 loco
1090 3111 1176 3167 prope
1192 3095 1265 3169 equi·

823 3182 880 3230 tatu
892 3173 1020 3236 bostium.
1039 3199 1075 3237 m.
1087 3182 1125 3237 b:
1139 3183 1263 3259 equitatu.

770 3260 796 3319 9.
823 3262 936 3319 clamor
966 3265 1038 3321 inde
1067 3287 1165 3326 nouus
1195 3269 1263 3324 acci-

823 3349 914 3405 dens:
936 3351 984 3407 Pll
1008 3353 1068 3411 eod.
1092 3352 1152 3414 Gel.
1174 3355 1206 3414 al.
1232 3384 1263 3396 -

823 3434 901 3493 Voss.
927 3458 954 3497 u.
985 3438 1032 3498 al:
1063 3440 1201 3496 accedens.
1233 3473 1263 3482 -

821 3521 889 3584 Lov.
916 3529 942 3584 d.
970 3527 1100 3604 multique
1127 3527 1174 3586 alii
1198 3547 1262 3584 rece.

823 3612 917 3670 codd:
941 3617 1143 3688 antesignarios.
1167 3648 1200 3658 -
1224 3613 1261 3671 ll:

750 3744 768 3763 .,
823 3700 1003 3776 „turbataque
1032 3700 1109 3777 signe
1138 3703 1260 3762 fluctuan·

821 3795 876 3842 tem
906 3791 989 3843 aciem
998 3792 1029 3843 “r
1061 3789 1089 3847 lr.
1116 3811 1140 3850 e.
1170 3792 1260 3864 „signa

823 3880 872 3929 e“:
886 3876 958 3950 quod
971 3896 987 3935 e
999 3896 1129 3953 persaepe
1137 3877 1198 3935 loco
1205 3896 1258 3956 par-

823 3960 920 4021 uentae
937 3971 967 4020 et
984 3962 1202 4041 deprehenditur.
