2618 4590
155 241 223 313 trs
273 232 276 237 '
621 252 792 317 namn

156 417 275 510 duplici
296 406 483 508 ¹proditione
508 426 544 483 ct
570 414 763 504 praesidium
790 414 981 485 Samnitium
1013 411 1161 482 insessis
1195 411 1264 482 eirea

156 524 243 591 viam
261 521 459 590 silvestribus
475 520 556 589 loeis
570 520 762 611 necopinato
780 544 972 615 oppressum
985 529 1040 587 cst
1063 531 1104 587 ct
1129 518 1176 586 eb
1197 519 1263 587 urbe

155 625 252 718 plena
278 626 420 694 hostium
449 626 572 693 clamor
597 626 756 710 sublatus,
784 637 1017 715 momentoque
1047 623 1157 691 nnius
1180 622 1264 691 horae

155 753 267 799 caesus
282 730 408 798 Samnis
426 730 608 801 Satricanus
631 744 743 822 captus
765 743 800 800 et
820 731 927 801 omnia
947 731 981 797 in
1000 739 1184 820 potestate
1204 751 1263 795 cun

125 835 234 905 ssulis
262 846 361 903 erant
399 836 455 926 qui
483 835 669 925 quaestione
699 837 806 905 habita
834 859 972 928 quonam
999 832 1263 935 operapdeteetio

159 953 245 1009 esset
267 941 365 1023 facta,
394 950 610 1029 quassantes
637 941 782 1032 conperit
802 940 897 1032 virgis
924 962 1039 1008 caesos
1069 937 1191 1007 securi
1208 960 1263 1028 per·

156 1047 267 1128 cussit,
287 1044 509 1136 praesidioque
534 1044 638 1113 valido
660 1045 799 1136 inposito
820 1069 908 1113 arma
929 1043 1115 1113 Satricanis
1147 1043 1263 1111 ademit

156 1151 230 1217 inde
253 1151 293 1215 ad
322 1146 518 1237 triumphurn
545 1148 720 1218 decessisse
743 1152 881 1218 Romam
902 1149 1068 1241 Papirium
1094 1148 1262 1216 Cursorem

157 1253 301 1320 scribunt
324 1252 379 1341 qui
401 1275 440 1319 co
464 1252 546 1319 duco
568 1252 735 1321 Luceriam
761 1266 924 1346 receptam
945 1252 1190 1345 Samnitesque
1216 1251 1263 1320 sub

111 1373 145 1426 10
157 1357 266 1447 iugum
288 1356 403 1423 missos
426 1368 572 1425 auctores
594 1369 678 1426 sunt.
715 1372 748 1427 et
769 1360 828 1428 suit
850 1358 898 1428 vir
919 1356 1005 1426 haud
1030 1357 1141 1427 dubie
1164 1358 1264 1451 diguus

227 1488 334 1556 portam
359 1488 533 1557 aperueruut,
559 1477 675 1536 Romani

225 1586 278 1644 pro
289 1566 414 1623 hostibus
423 1566 516 1624 haberi
529 1569 674 1644 potuerint.

226 1675 287 1713 cam
304 1656 386 1730 igitur
403 1656 433 1711 in
451 1655 576 1713 omuibus
594 1652 674 1711 codd.

201 1744 364 1835 'suscriptis
387 1751 583 1818 „armatosque
606 1739 674 1796 clam

224 1839 309 1888 nocte
327 1831 355 1886 iu
378 1850 467 1887 arcem
490 1832 673 1903 aeceperunt“

226 1918 358 1999 seriptum
368 1919 405 1973 sit
414 1915 510 1984 arsid,
520 1936 581 1972 curn
591 1914 670 1972 mado

122 2018 127 2042 ¹
224 2005 331 2061 eadem
343 2013 428 2062 nocte
439 2006 476 2061 sit
487 2003 600 2071 dietum,
610 2023 672 2080 pro·

224 2091 284 2149 bari
296 2094 393 2168 possit,
411 2090 468 2166 sig.
480 2089 607 2147 Gelenius
619 2088 672 2145 elo-

224 2184 299 2255 ganti
329 2177 456 2254 facilique
485 2177 672 2234 emendatione

221 2286 314 2322 veram
337 2267 499 2340 scripturam
520 2266 671 2321 restituisse

223 2353 339 2409 videtur.
358 2353 435 2406 clam
446 2351 533 2407 hoste
544 2349 674 2408 Samniti

226 2467 262 2480 ·-
292 2436 412 2493 nondum
442 2439 514 2492 enim
536 2437 671 2494 Samnites

224 2524 291 2581 urbe
313 2524 414 2598 egressi
440 2532 568 2579 erant-
585 2525 670 2581 sats·

168 2624 171 2629 “
224 2612 328 2669 cauiii
355 2613 402 2688 qni
423 2608 552 2668 Romanis
575 2610 671 2668 fideles

224 2708 393 2766 manserant,
420 2709 551 2755 armatos.
567 2698 671 2776 aliquot

222 2784 362 2843 Romanos
374 2795 534 2862 acceperuut
546 2789 598 2864 aqui
610 2805 671 2861 por·

225 2883 313 2929 tarum
348 2873 447 2947 vigiliis
482 2875 671 2932 circumventis

224 2961 284 3026 loca
303 2973 454 3034 opportuna
467 2971 629 3038 occuparent
641 2968 671 3017 ut

224 3057 284 3104 tuto
307 3047 400 3103 consul
424 3067 485 3102 cum
503 3046 607 3123 reliquo
625 3067 670 3103 ex·

205 3136 314 3191 ·ercitn
349 3133 443 3190 urbem
478 3134 670 3207 ingrederetur.

223 3241 275 3279 nec
287 3221 397 3278 dubium
406 3217 492 3277 rideri
504 3222 592 3296 potnit
605 3221 671 3291 quin
715 3227 717 3231 ’

225 3307 345 3365 futurum
363 3314 434 3363 esset
450 3315 481 3362 ut
498 3305 632 3363 Samnites
645 3307 669 3361 si

225 3397 278 3451 iam
295 3403 400 3474 partem
412 3392 488 3451 urbis
505 3395 534 3450 iu
551 3393 670 3449 hostium

221 3491 354 3559 potestate
366 3481 497 3547 viderent,
515 3479 600 3537 multo
612 3500 667 3534 rua·

139 3605 148 3634 1
221 3569 438 3640 giscousteruati
448 3567 605 3624 excederent
613 3565 667 3622 Ro·

221 3648 361 3730 manisque
390 3655 531 3711 victoriam
566 3653 667 3717 facilio-

221 3758 279 3801 rem
296 3739 465 3814 redderent„

171 3824 197 3886 1.
222 3822 668 3884 insessiscircnuiamsiluasiri-

222 3913 278 3971 bus
295 3915 386 3972 locis:
403 3913 453 3971 Pul
465 3913 542 3972 ¹rell.:
564 3913 667 3982 „nach-

221 3997 283 4057 den
293 4000 338 4057 die
346 4000 517 4076 Waldnngen
528 3999 603 4074 lttugs
615 3999 667 4054 deu

219 4085 319 4147 beiden
328 4085 427 4162 seius
442 4085 491 4144 des
502 4084 603 4159 Weges
621 4085 666 4141 be·

815 1489 886 1538 setat
909 1479 1059 1540 worden“.
1088 1509 1134 1524 —
1166 1479 1203 1538 1²:
1228 1499 1264 1556 op

814 1587 937 1647 pressum
954 1579 991 1627 -t-
1007 1567 1044 1625 ab
1063 1568 1144 1627 arbe
1161 1577 1214 1627 eet.
1233 1565 1265 1623 Ιε

815 1674 975 1734 oppressum
994 1655 1103 1711 catab
1133 1655 1206 1713 urbe
1224 1663 1265 1710 cet.

814 1743 927 1801 dubium
953 1743 1037 1817 igitur
1060 1741 1162 1801 rideri
1189 1751 1283 1820 potest·

814 1850 849 1889 au
867 1839 913 1888 est
924 1849 979 1886 nou
990 1832 1137 1904 integrum
1150 1833 1199 1898 sit,
1215 1849 1266 1887 ean

813 1927 843 1975 ei
866 1917 961 1981 deesse
984 1934 1042 1973 uon
1066 1919 1169 1994 possit
1186 1927 1214 1974 et
1229 1924 1266 1973 cst

814 2024 876 2062 enm
897 2014 928 2063 et
947 2002 991 2061 sel
1012 2012 1117 2060 contra
1140 2022 1266 2083 persaepe

812 2091 954 2149 confusum
983 2091 1029 2150 sit
1060 2119 1098 2135 -·
1133 2092 1182 2150 Ab
1208 2090 1266 2146 urbs

812 2183 907 2247 (μοι
928 2178 978 2235 der
994 2176 1077 2234 stadt
1100 2183 1183 2237 aus⁶⁶
1204 2177 1230 2236 h.
1246 2196 1265 2233 e.

813 2267 864 2334 „iu
891 2265 941 2323 der
964 2264 1088 2333 Stadt‘o
1114 2265 1202 2343 plena
1223 2264 1266 2319 ho·

812 2354 895 2409 stium
907 2349 1008 2409 clamor
1017 2350 1153 2410 sublatus
1163 2353 1210 2411 ad
1215 2350 1265 2411 Sa·

809 2441 942 2496 tricenos
953 2440 1035 2514 ipsos
1044 2439 1227 2514 capiendos.
1236 2469 1265 2480 -

811 2525 873 2584 Pttz
896 2534 1088 2601 momentoque
1113 2528 1202 2585 nnius
1221 2525 1266 2581 ho·

789 2632 858 2674 ¹rae
876 2612 914 2682 (P
937 2635 973 2672 nr.
996 2615 1040 2672 1.=
1064 2618 1150 2684 orae)
1175 2632 1266 2673 caesus

812 2703 915 2757 saurais
938 2702 1095 2759 satrieauns
1114 2710 1216 2779 captus
1242 2707 1267 2755 et

813 2789 902 2845 omnia
921 2797 972 2846 cet.
989 2816 1024 2829 -·
1041 2785 1131 2845 Paulo
1149 2797 1218 2866 post
1235 2784 1267 2842 P:

812 2894 881 2953 quos
907 2884 1000 2931 sontes
1026 2876 1156 2953 conperit
1183 2876 1267 2950 uirgis

812 2981 889 3017 cesos
907 2963 996 3017 securi
1014 2962 1158 3040 percussit.
1204 2998 1208 3005 -

759 3049 786 3106 9.
812 3049 945 3104 scribunt
962 3050 1015 3124 qui
1031 3047 1158 3115 eodm
1169 3048 1267 3106 ane·

811 3135 888 3190 riam
919 3145 1067 3210 receptam
1095 3131 1264 3194 Samnites·

811 3239 870 3296 que
887 3222 943 3278 sub
961 3224 1065 3300 iugum
1077 3222 1196 3280 missos
1212 3242 1264 3278 ou·

810 3316 909 3365 stores
926 3318 1009 3366 sunt:
1028 3306 1060 3367 P.
1078 3338 1115 3351 -
1133 3307 1179 3367 M:
1196 3310 1262 3366 scri·

809 3393 878 3450 bunt
894 3397 956 3472 equi
974 3415 1006 3452 co
1021 3397 1029 3467 Ι
1043 3394 1114 3453 duee
1127 3395 1261 3455 luentem

810 3491 946 3558 receptam
964 3492 1014 3539 cet.

739 3569 782 3628 10.
808 3576 838 3625 et
855 3567 924 3639 fnit
940 3570 987 3626 uir
1003 3568 1091 3626 haud
1108 3571 1203 3629 dubie
1220 3569 1259 3626 di·

805 3672 887 3731 gnus
912 3656 992 3717 omni
1016 3657 1126 3712 bellica
1153 3657 1255 3715 lauda

808 3738 866 3798 PM.
886 3739 999 3797 Videtur
1016 3740 1122 3811 Livius,
1143 3763 1208 3802 cum
1224 3746 1256 3801 ita

808 3828 927 3884 scribere
944 3839 1080 3906 pergeret,
1100 3820 1254 3889 dicerem

807 3911 904 3983 luisse,
932 3933 963 3971 se
990 3935 1045 3975 uon
1073 3918 1203 3976 dubitare
1230 3916 1254 3974 it

807 4001 880 4076 quod
898 4001 1004 4059 abillis
1026 4007 1189 4064 auctoribus
1206 4016 1254 4062 tra·

809 4086 902 4147 ditum.
912 4100 986 4149 esset
1000 4111 1051 4167 pro
1063 4111 1130 4151 sero
1149 4092 1253 4150 habere.
