2618 4590
159 233 228 313 ³50

620 245 730 315 emula
747 243 817 305 ΜΠ.

164 435 260 480 ceum
282 409 488 504 praeferentis
510 408 692 502 permisisse
705 422 852 479 auctores
874 421 950 495 sunt
965 408 1216 500 Vitrubiumque
1233 411 1270 477 ab

67 542 70 557 ·
164 518 231 585 suis
259 517 419 586 traditum.
456 527 586 587 senatus
616 516 657 583 de
686 515 833 584 Vitrubio
861 514 1166 605 Privernatibusque
1200 539 1270 582 con·

165 621 269 690 sultus
291 621 458 691 consulem
479 621 642 693 Plautium
670 621 779 688 dirutis
800 621 942 690 Privemi
971 603 1071 686 muris
1098 619 1269 710 praesidio-

165 749 229 816 que
259 726 365 795 valido
392 725 531 818 inposito
560 727 600 793 ad
628 725 826 816 triumphum
855 724 1002 808 accersit,
1032 724 1269 793 Vitrubiumin

74 898 78 908 .
133 848 327 904 toarcerem
349 831 509 900 adservari
529 831 622 898 iussit
643 833 750 922 quoad
774 833 887 901 consul
907 831 1052 912 redisset,
1074 842 1148 898 tum
1163 829 1268 897 verbe

63 974 66 981 ,
161 946 268 1003 ratum
290 936 408 1033 necari.
446 937 541 1003 aedes
565 915 633 1004 eius
656 961 739 1027 quae
762 949 870 1006 essent
887 937 921 1004 in
943 936 1065 1004 Palatio
1092 935 1267 1017 diruendas,

164 1040 248 1108 hona
272 1040 406 1108 Semoni
429 1039 536 1131 Sango
559 1053 752 1122 censuemnt
773 1042 989 1111 consecranda
997 1069 1014 1109 z·
1045 1040 1202 1132 quodque
1225 1064 1269 1106 ae-

162 1145 205 1212 ris
227 1145 337 1215 exeis
359 1145 526 1212 redactum
554 1158 604 1214 est
631 1172 673 1217 ex
700 1172 740 1216 eo
767 1148 859 1216 aenei
887 1146 981 1214 orbes
1009 1145 1086 1221 facti
1115 1146 1213 1236 positi
1240 1145 1268 1210 in

180 1566 207 1626 2.

233 1322 265 1359 ae
283 1303 451 1379 permittunt.
479 1290 540 1366 Li'v.
559 1305 603 1372 lo,
623 1306 681 1365 aa:

48 1404 51 1411 ⁴
147 1420 151 1428 »
233 1392 264 1447 in
283 1390 419 1448 dicionem
437 1410 467 1448 se
478 1411 580 1468 suaque
592 1396 681 1450 omnia

233 1477 573 1556 Romanis‘permiserunt.
591 1479 625 1537 al.

233 1577 357 1624 cenatus
367 1568 405 1624 de
415 1567 449 1626 V
445 1568 552 1624 irrubio
561 1565 680 1624 Priuer-

233 1655 413 1731 natibusque
439 1655 592 1711 consultua
608 1668 680 1715 coe.

233 1741 388 1799 Plautium
409 1752 474 1802 cet:
500 1741 542 1814 Μ]
571 1750 679 1799 senatus

160 1810 163 1827 ι
232 1829 268 1885 de
284 1824 410 1885 Vitruuio
430 1839 480 1887 cet.
499 1829 561 1897 (P).

179 1917 207 1976 l.

177 2439 205 2496 7.

233 1918 376 1974 accersit:
394 1915 432 1988 P]
452 1918 573 1975 arcessit.
588 1947 620 1958 —
639 1913 680 1970 lll:

231 1993 392 2062 ueniret.
403 2006 429 2071 7,
440 2005 499 2061 32:
510 2003 679 2061 accersenda.

230 2121 266 2135 ·-
279 2089 344 2148 PM:
361 2092 391 2147 in
409 2109 553 2151 carcerem.
572 2089 617 2149 Cf.
635 2092 680 2157 ΜΖ,

230 2181 289 2238 25³
302 2180 331 2235 iu
341 2177 491 2235 custodiam
503 2178 632 2237 habitum.
644 2210 679 2220 -

228 2267 253 2323 P
271 2287 307 2326 m.
326 2268 367 2323 1.:
386 2274 469 2338 quoat
487 2271 543 2323 cos.
556 2264 679 2324 redisset.

230 2351 252 2406 P
271 2372 306 2409 m.
325 2353 350 2408 2.
368 2349 410 2405 lll:
429 2350 528 2425 quoad.

232 2438 311 2493 boue
332 2435 456 2492 Semoni
481 2436 586 2514 Sango
613 2458 678 2493 cen-

231 2531 356 2580 suerunt
381 2523 601 2578 consecranda:
630 2522 680 2581 ΡΜ

229 2786 327 2842 semini
339 2803 424 2868 saum!
432 2782 510 2844 Laid.
520 2804 550 2845 n:
560 2789 679 2843 sermoni

229 2890 306 2931 sano.
335 2870 403 2931 Lov.
422 2875 464 2931 la
483 2875 587 2938 samoni
605 2877 677 2933 iano.

229 2959 344 3040 Festus:
363 2971 497 3038 „propter
510 2963 580 3018 viam
592 2960 625 3017 fit
636 2980 678 3016 sa·

230 3046 376 3114 orificium,
408 3046 481 3121 quod
504 3055 545 3102 est
569 3048 678 3123 profici·

196 3150 198 3156 ·
230 3132 327 3188 scendi
356 3135 454 3206 gratia,
490 3131 599 3188 Herculi
632 3143 678 3189 aut

170 3258 174 3269 ι
227 3218 333 3288 Sanco,
360 3220 407 3295 qui
424 3217 529 3277 scilicet
545 3219 617 3275 idem
636 3228 678 3274 est

226 3305 329 3365 deur“.
366 3305 450 3362 Varro
479 3306 498 3366 l.
521 3306 540 3366 l.
562 3310 592 3375 5,
615 3309 674 3366 osu:

211 3392 344 3466 Ι..ΜΜίιιε
366 3393 449 3451 Dium
473 3393 580 3452 Fidium
603 3396 675 3451 dice-

222 3479 271 3536 bat
292 3479 365 3538 lovis
387 3482 473 3540 lilium
490 3513 527 3526 -
549 3494 577 3539 et
597 3493 673 3560 puta·

223 3565 271 3620 bat
280 3565 352 3623 hunc
362 3587 422 3624 esse
431 3568 548 3628 Sancum
560 3570 672 3638 (cedde

222 3659 362 3723 sanctum)
381 3655 414 3710 ab
428 3654 528 3712 Sabina
540 3656 629 3732 lingua
645 3665 672 3713 ct

140 3822 143 3829 ¹
195 3775 197 3779 .
221 3737 366 3819 Herculem
385 3763 400 3798 a
418 3741 520 3801 Graeca
528 3750 553 3800 “.
575 3745 623 3800 sed
636 3745 670 3804 cl.

221 3826 283 3888 Liv.
301 3831 344 3899 32,
367 3831 391 3890 1.
404 3861 438 3872 -
452 3829 496 3889 Cf.
515 3831 596 3888 Ovid.
609 3831 669 3890 last.

220 3917 255 3984 6,
279 3917 355 3976 alu:
386 3917 554 3991 Quaerebam
576 3919 689 3991 Honos¹

219 4001 309 4060 Sanco
332 4002 438 4062 Fidone
459 4006 602 4076 referrem,
625 4007 670 4062 An

219 4089 281 4159 tibi,
303 4089 385 4150 Semo
408 4101 497 4171 pater:
521 4113 582 4153 cum
602 4093 669 4152 milri

823 1305 928 1361 Sancus
947 1305 999 1360 ait:
1024 1302 1220 1381 „Cuicumque
1240 1321 1269 1359 ex

823 1393 878 1450 illis
896 1392 1014 1459 dederis,
1042 1411 1090 1467 ego
1109 1411 1209 1448 munus
1227 1389 1269 1446 lra-

822 1480 905 1538 bebo:
924 1479 1041 1544 Nomina
1055 1481 1126 1534 trina
1140 1477 1214 1536 feror
1231 1479 1269 1534 alc

821 1566 933 1626 voluere
951 1565 1037 1623 Cures
1044 1572 1068 1624 “.
1092 1565 1174 1622 Hunc
1192 1567 1270 1640 igitur

820 1667 927 1715 veteres
945 1655 1080 1711 donarunt
1098 1652 1167 1710 aede
1178 1653 1270 1710 Sabini

822 1743 909 1820 Inque
935 1728 1075 1816 'Quirinali
1107 1743 1270 1797 constituero

821 1851 894 1908 rugo.

768 1924 795 1980 8.
819 1920 913 1995 positi
920 1912 1073 1983 iueece'llo
1084 1913 1210 1992 Sangus
1223 1913 1271 1968 ad·

822 2025 929 2064 uersus
942 2003 1047 2060 aedem
1060 2001 1195 2078 Quirini:
1206 1999 1268 2069 ΡΜ]

821 2095 905 2171 positi
922 2093 951 2147 in
968 2087 1067 2157 sacello
1079 2089 1164 2144 Sauci
1178 2105 1269 2151 versus

820 2180 914 2237 aedem
944 2179 1062 2253 Quirini.
1089 2207 1124 2218 ·-
1155 2174 1230 2233 Harl.
1247 2193 1269 2234 J.

820 2267 898 2326 Leid.
922 2287 954 2326 1.:
983 2267 1012 2322 in
1038 2261 1138 2321 sacello
1167 2282 1268 2320 eunuc.

820 2355 949 2431 Plerique
966 2372 1037 2410 recc.
1061 2348 1154 2410 codd:
1180 2352 1209 2406 in
1230 2369 1269 2404 sa·

766 2475 770 2481 ·
820 2442 888 2500 cello
908 2443 1004 2519 caragi.
1017 2470 1052 2509 -‚-
1070 2439 1230 2497 Aduersus
1242 2439 1269 2492 iu

767 2562 771 2570 ·
820 2529 922 2589 Drallr.
945 2525 1025 2585 codd.
1049 2527 1175 2583 omuibus
1196 2525 1268 2582 vidc-

231 2608 313 2667 codd.
332 2606 392 2667 Gel.
411 2606 522 2680 Kloclr.]
541 2610 611 2667 bona
629 2610 678 2666 Se·
767 2601 771 2607 ¹

230 2700 305 2754 moui
325 2695 413 2752 Sanco
432 2706 482 2755 cet.
509 2728 544 2738 -
570 2695 644 2757 Harl.
660 2719 678 2758 1.
719 2760 721 2764 ¹

819 2628 865 2674 tur
883 2637 956 2684 esse,
973 2614 1138 2671 aduersum
1155 2613 1185 2669 in
1204 2611 1268 2671 Pall.
1297 2669 1299 2673 ,

773 2730 780 2745 .
821 2708 848 2766 1.
870 2708 897 2766 3.
926 2733 960 2746 -
988 2701 1077 2775 Quem
1101 2700 1137 2758 ad
1162 2699 1269 2756 modum

819 2792 847 2850 h.
866 2791 885 2851 l.
904 2793 932 2847 in
946 2786 996 2845 ΡΜ
1014 2785 1104 2857 (Harl
1115 2807 1133 2846 1.
1147 2785 1225 2844 Leid.
1235 2791 1268 2854 1.)

820 2880 968 2955 genitivum
977 2873 1102 2954 Sangus
1111 2870 1270 2952 uonSangi

820 2968 952 3043 scriplum
970 2961 1096 3038 legimus,
1119 2962 1160 3015 sic
1179 2963 1225 3027 32,
1246 2963 1269 3018 1.

820 3055 850 3110 ln
863 3053 923 3110 cod.
936 3051 1073 3122 Bambcrg.
1086 3055 1139 3114 „et
1149 3065 1267 3124 oengus

777 3206 784 3220 ο
820 3130 1278 3213 aedes“repperimns:neeapud‘

818 3222 928 3282 Livium
945 3224 1027 3280 modo
1041 3219 1090 3278 sed
1102 3221 1184 3277 etiam
1196 3217 1267 3295 apud

818 3310 935 3368 Plinium
954 3315 984 3379 8,
1003 3313 1047 3369 48.
1065 3311 1111 3368 74.
1133 3327 1189 3384 quo
1207 3306 1265 3362 loco

817 3417 850 3456 ex
864 3397 969 3454 Gelenii
987 3396 1069 3455 codd.
1081 3397 1212 3474 scriptum
1227 3400 1265 3448 est

816 3486 999 3560 „intemplo
1024 3485 1152 3562 rangi“,
1175 3483 1264 3538 inven-

816 3583 872 3631 tum
887 3594 947 3630 esse
958 3571 1057 3627 dicitur
1070 3571 1099 3624 iu
1120 3570 1222 3645 optimo
1239 3575 1264 3620 et

814 3663 1001 3738 antiquissimo
1018 3655 1194 3733 Chillletiano
1209 3655 1264 3721 „in

812 3749 920 3823 templo
939 3748 1083 3803 oaucuo“.
1113 3751 1155 3798 tot
1178 3750 1263 3797 tanto·

812 3855 926 3910 rumque
951 3833 1085 3890 librorum
1112 3828 1262 3887 auctoritati

812 3940 962 3998 repugnare
979 3940 1034 3976 non
1059 3937 1141 3974 ausus
1156 3926 1188 3991 'et
1206 3917 1263 3992 ipsc

812 4009 843 4064 iu
871 4009 984 4065 sacello
1011 4002 1264 4084 oengus-scripsi,

811 4112 898 4170 eoque
920 4094 1026 4152 facilius
1048 4093 1078 4150 id
1101 4091 1176 4170 apud
1200 4108 1260 4148 cum
