2618 4590
534 271 645 331 LIBER
661 270 708 334 Vl.
1124 264 1164 331 51

68 434 135 527 guli
156 433 269 505 vestris
291 432 467 518 benefieiis,
487 433 730 519 intercedendo,
752 435 920 504 eximendo
942 439 983 507 de
1004 462 1104 508 nervo
1127 441 1168 508 ei

67 565 125 609 ves
147 551 288 623 vestros,
314 537 512 629 probibendo
533 539 689 608 iudicatos
717 541 923 631 addictosque
949 544 1036 630 duci,
1062 569 1167 613 exeo

67 648 158 738 quod
180 645 281 712 affluit
303 644 416 735 opibus
438 645 551 712 vestris
572 644 758 714 sustinendo
779 644 984 714 necessitates
1013 648 1167 718 aliorum?

65 753 126 818 sed
150 750 227 841 quid
249 775 307 842 ego
329 773 397 833 vos,
418 750 458 817 de
481 761 587 819 vestro
609 751 798 842 inpendatis,
819 751 945 819 hortor:
973 763 1093 819 sortem
1115 755 1166 820 ali-

67 881 168 946 quam
190 856 282 940 ferte,
309 857 349 922 dc
372 853 476 946 capite
499 855 645 925 deducite
667 859 755 949 quod
777 856 882 924 usuris
909 867 1202 949 pemumeratumtt

67 971 136 1027 est:
157 998 200 1008 -
221 961 285 1027 iam
306 960 406 1028 nihilo
428 984 501 1028 mea
522 963 615 1029 turba
638 986 737 1054 quam
757 962 853 1031 ullius
876 961 1079 1056 conspectior
1101 961 1168 1029 erit

64 1066 206 1131 atenim
228 1066 305 1155 quid
326 1065 370 1133 ita
391 1065 479 1133 solus
502 1089 562 1157 ego
585 1065 703 1134 civium
731 1091 840 1136 curam
862 1070 944 1160 ago?
977 1066 1078 1135 nihilo
1105 1089 1170 1133 rna·
1220 1094 1226 1103 ·

63 1170 112 1260 gis
136 1170 224 1260 quod
245 1171 458 1262 respondeam
479 1170 599 1255 habeo,
628 1196 726 1264 quam
748 1173 776 1241 si
798 1196 932 1265 quaeras
955 1171 1032 1264 quid
1053 1172 1097 1238 ita
1119 1194 1169 1239 so·

62 1275 115 1341 lus
131 1275 325 1366 Capitolium
346 1300 518 1368 arcemque
532 1276 735 1346 servaverim.
764 1290 799 1345 et
810 1290 880 1345 tum
896 1277 1052 1345 universis
1071 1296 1169 1367 quam

27 1465 31 1481 .
62 1381 155 1470 potui
178 1405 275 1471 opem
296 1381 355 1448 tuli
377 1393 411 1448 et
429 1405 516 1449 nune
538 1383 667 1473 singulis
689 1384 800 1451 feram.
837 1408 912 1450 nam
925 1384 1013 1474 quod
1036 1381 1077 1448 ad
1098 1381 1214 1448 the-10

62 1505 176 1552 sauros
194 1485 333 1553 Gallicos
356 1486 475 1570 attinet,
497 1511 567 1554 rem
588 1499 701 1578 suapte
722 1500 835 1556 natura
855 1487 984 1555 facilem
1006 1485 1169 1553 difficilem

61 1586 268 1678 interrogatio
290 1590 376 1658 facit.
413 1615 471 1658 cur
493 1593 578 1659 enim
600 1593 750 1683 quaeritis
766 1593 855 1684 quod
873 1592 980 1659 scitis?
1002 1614 1060 1657 cur
1081 1590 1170 1682 quod

59 1691 96 1758 in
119 1693 191 1759 sinu
211 1706 319 1761 vestro
343 1706 402 1777 cst,
428 1697 534 1763 excuti
555 1695 670 1765 iubetis
691 1698 799 1790 potius
821 1720 921 1816 quam
942 1694 1082 1786 ponatis,
1109 1692 1170 1759 nisi

62 1796 174 1886 aliqua
195 1797 282 1863 lraus
304 1797 433 1866 subest?
454 1824 519 1889 quo
541 1803 641 1892 magis
663 1804 751 1894 argui
774 1801 957 1895 praestigias
979 1798 1096 1866 iubetis
1118 1820 1170 1864 ve

58 1912 166 1983 stras,v
181 1924 221 1968 eo
242 1902 316 1992 plus
330 1925 443 1971 vercor
463 1927 506 1971 ne
521 1906 710 1973 abstuleritis
725 1907 969 1974 observantibus
985 1904 1082 1974 etiam
1096 1924 1170 1970 ocu-
1183 1909 1216 1963 15

724 2102 810 2161 ditarn
827 2124 880 2161 uua
898 2122 959 2161 oum
977 2102 1067 2159 usuris
1083 2099 1171 2159 solvo·

724 2200 793 2258 rent,
818 2188 865 2246 ille
883 2190 1004 2248 centurio
1022 2190 1050 2256 6,
1069 2190 1112 2247 14.
1130 2187 1171 2245 dl·

10 2148 16 2179 r
135 2098 236 2156 rationi
259 2111 313 2169 est,
337 2120 398 2159 eum
419 2103 449 2157 iu
472 2121 504 2159 so
527 2122 583 2161 nou

10 2182 13 2215 i
134 2186 217 2244 modo
240 2187 389 2246 deducere
410 2189 449 2246 ab
467 2190 581 2269 aliquo,

10 2284 12 2289 '
132 2273 183 2330 sed
201 2275 280 2331 etiam
294 2275 456 2351 dispellere
473 2297 505 2333 ao
519 2278 581 2334 dis·

132 2363 254 2420 trahere
273 2363 347 2421 insit.
362 2394 397 2404 —
412 2362 459 2421 cf.
478 2366 504 2431 1,
522 2367 579 2423 57.:

10 2446 22 2515 ff,
132 2451 200 2526 quin
217 2482 252 2495 —
268 2451 473 2508 conscendimus
495 2471 581 2529 equos

132 2539 329 2614 invisimusque
353 2549 510 2615 praesentes
531 2559 579 2596 no·

12 2614 15 2693 ζ
134 2634 251 2682 strarum
268 2627 445 2700 ingenial-
466 2625 580 2686 Leidr.

13 2734 16 2779 ι
133 2714 183 2768 et
179 2732 263 2771 recu:
281 2711 405 2786 siugulis.

13 2824 16 2833 ·
78 2801 105 2860 2.
132 2819 227 2857 exeo
247 2797 523 2874 quodefluite·Pll.
541 2800 582 2855 sie

13 2888 16 2905 '
132 2888 266 2962 seriptum
285 2889 364 2955 estb,
376 2886 447 2944 26ss
438 2905 468 2940 ru
480 2884 583 2942 eusdem

133 2975 186 3032 uti
196 2975 315 3047 effrem
326 2975 445 3050 afluent
456 2992 528 3048 opes
539 2970 584 3028 vel

92 3082 96 3095 ·
132 3063 256 3134 afluent.
280 3093 315 3104 -
342 3061 476 3120 Pm.1·
500 3060 582 3116 susti·

16 3198 21 3231 ἱ
130 3148 242 3209 neudis
254 3147 318 3206 Pur
328 3146 403 3205 111.
412 3148 581 3209 sustinendo.

17 3236 22 3269 ⁵
131 3235 262 3312 Plerique
279 3257 364 3295 reses
383 3237 555 3292 sustinentes.

17 3306 103 3385 4
133 3330 248 3381 sortem
260 3342 279 3378 o
280 3321 499 3400 liquamferte:
493 3321 582 3377 ·Pm

17 3444 20 3461 ,
134 3407 283 3467 211-
250 3407 583 3482 -P..·m1ferre

134 3495 247 3554 Sortem
260 3493 375 3571 aliquam
387 3497 454 3553 ferte
467 3495 526 3554 scil.
539 3516 582 3552 ao·

134 3592 258 3661 ceptam:
283 3581 397 3649 „uehmt
413 3584 485 3641 doch
503 3585 582 3641 einen

133 3669 216 3730 Theil
233 3669 282 3725 der
296 3667 399 3724 Sohuld
416 3670 460 3727 ltir
476 3670 584 3727 bezablt

25 3792 29 3807 .
134 3779 171 3816 au
189 3756 246 3815 und
256 3756 328 3813 ziebt
341 3775 405 3813 vom
417 3755 523 3834 Capitol
536 3756 585 3815 das

134 3846 186 3913 ab,
207 3865 265 3901 was
289 3865 323 3901 an
342 3844 583 3918 Zinseuabgetra-

135 3953 190 4008 geu
208 3935 276 3991 ist“.
297 3930 367 3988 Cum
379 3933 450 3987 enim
462 3933 584 3989 maximis

135 4018 193 4082 illis
205 4023 293 4077 usuris
306 4019 441 4077 debitores
457 4020 583 4096 prohibe·

70 4116 74 4129 ’
135 4116 232 4165 rentur
249 4110 392 4186 quominus
409 4115 509 4164 sortem
527 4127 583 4164 cre·

724 2296 785 2335 sere
801 2279 892 2354 potuit
905 2297 944 2345 se,
962 2277 1087 2353 'quamvis
1103 2273 1170 2332 mul·

721 2364 842 2442 tiplicem
867 2364 922 2420 iam
948 2373 1050 2421 sortem
1076 2382 1171 2421 usuras

721 2451 854 2508 solvendo
866 2449 1035 2519 exsolvisset,
1051 2471 1171 2526 mergen-

722 2539 795 2595 tibus
819 2558 927 2615 semper
952 2547 1055 2595 sortem
1080 2538 1170 2594 usuris

723 2626 850 2682 obrutum
875 2624 970 2681 leuore
987 2645 1056 2685 esse.
1090 2622 1171 2681 Vide-

722 2721 769 2770 tur
791 2714 873 2788 igitur
893 2730 962 2767 sors
984 2713 1091 2787 aliquo
1113 2729 1173 2766 esse

720 2808 770 2854 ,aut
790 2817 865 2873 pars
889 2798 995 2871 alique
1017 2797 1109 2852 sortis
1127 2805 1173 2851 eut

724 2903 793 2942 sors
801 2902 921 2961 quoquo
931 2884 1048 2939 nomine
1057 2882 1173 2938 solute:

724 2971 778 3029 uisi
802 2971 874 3027 forte
900 2991 915 3026 a
936 2967 1016 3026 Livio
1042 2969 1173 3047 seriptum

725 3070 767 3117 est
777 3068 889 3118 sortem
898 3057 1065 3134 aliquando
1077 3054 1172 3129 ferte,

723 3146 985 3226 quemadmodum
1004 3142 1172 3221 aliquando

722 3256 774 3313 pro
784 3232 1077 3308 tandemoliquondo
1087 3229 1172 3287 scribi

723 3322 837 3380 solebat.
849 3351 884 3363 -·
895 3321 936 3376 lll:
948 3322 1002 3376 iam
1015 3315 1100 3373 nihilo
1113 3335 1171 3372 mea

722 3411 839 3468 turbam.
852 3441 886 3451 —
898 3407 938 3463 lll:
956 3415 990 3461 at
1003 3405 1081 3462 enim
1099 3403 1172 3482 quit.
1259 3444 1265 3459 -.

724 3498 798 3565 ets,
811 3499 854 3553 19.
872 3497 916 3552 68.
936 3496 961 3561 4,
974 3493 999 3551 4.
1013 3490 1047 3550 al.

654 3585 697 3645 15.
725 3605 763 3641 ne
781 3583 965 3640 abstuleritis
987 3579 1170 3638 obseruanti-

724 3674 780 3728 bus
804 3672 893 3727 etiam
915 3669 1032 3726 oeulos:
1055 3665 1112 3725 Plll.
1134 3696 1170 3709 -

725 3758 805 3816 Recc.
824 3755 919 3814 codd:
938 3755 1033 3814 oeulis.
1056 3787 1090 3797 -
1113 3753 1170 3823 „Je

725 3845 803 3904 mehr
825 3845 869 3902 ihr
890 3843 994 3900 lordert
1017 3843 1079 3899 dass
1106 3861 1169 3897 meu

726 3952 790 3988 eure
808 3931 862 3988 lein
879 3931 1169 4006 angelegteuBetrlige·

725 4022 799 4075 reien
817 4020 938 4076 offeubar
956 4018 1057 4083 macho,
1074 4037 1119 4073 um
1137 4034 1170 4070 so

726 4107 802 4162 mehr
824 4106 928 4163 ffirehte
955 4105 1015 4171 ioh,
1042 4103 1105 4158 dass
1126 4103 1170 4158 ihr

886 4194 971 4261 dp*
