2618 4590
420 280 427 289 ,
517 247 699 311 aurern
1101 235 1163 316 εει
1224 192 1227 213 '

61 413 120 479 dor
141 422 175 480 et
196 411 229 479 in
257 434 296 479 ea
319 411 388 500 ipsa
417 433 501 501 quae
529 410 674 500 fugerant
696 411 784 479 velut
812 411 898 480 caeci
922 412 1067 481 ruebant
1104 411 1165 480 dis·

60 541 155 585 cusso
178 517 288 605 itaque
312 539 396 583 varro
420 526 574 606 apparatu
595 514 735 582 bostium
759 539 834 582 cum
855 516 888 582 in
909 515 995 607 ipsos
1024 528 1165 585 annatos

61 647 97 703 sc
118 621 310 702 intulissent,
333 629 515 687 averterunt
535 629 638 685 totam
659 618 777 704 aciem,
810 619 984 709 castrisque
1006 623 1100 689 etiam
1122 647 1163 690 eo

60 728 111 793 die
134 724 228 817 potiti
249 726 368 815 praeda
388 723 507 814 ingenti
536 733 626 814 parta
648 724 786 791 victores
808 735 1007 792 reverterunt
1029 726 1164 795 militari-

60 832 123 898 bus
150 830 228 896 iocis
258 853 331 895 curn
359 839 547 918 apparatum
573 827 715 895 hostium
743 840 813 897 tum
843 853 938 896 suum
965 829 1198 920 increpantesb

61 957 238 1024 pavorem..
259 931 435 999 concitatur
456 931 572 1000 deinde
595 957 691 1000 omne
708 957 829 1000 nomen
842 932 1016 1001 Etruscum
1039 947 1072 1002 et
1086 935 1163 1001 Tar·

61 1037 277 1129 quiniensibus
294 1036 490 1127 Faliscisque
513 1036 646 1105 ducibus
669 1038 710 1104 ad
731 1037 856 1104 Salinas
878 1039 1078 1127 perveniunt.
1111 1039 1172 1129 ad„

59 1165 172 1211 versus
195 1163 270 1208 eum
291 1151 448 1207 terrorem
470 1140 604 1211 dictator
620 1141 657 1209 C.
672 1142 811 1210 Marcius
829 1142 955 1209 Rutilus
977 1143 1099 1233 primus
1123 1143 1164 1211 de

57 1248 154 1339 plebe
176 1246 278 1313 dicbus
300 1245 487 1335 magistrum
509 1247 653 1339 equibum
674 1246 752 1315 item
775 1248 815 1314 dc
833 1245 928 1339 plebe
945 1245 982 1313 C.
1001 1246 1164 1315 Plautium

60 1353 148 1419 dixit.
190 1350 223 1417 id
250 1374 328 1419 vero
355 1351 499 1442 patribus
526 1352 691 1442 indignum
717 1350 817 1420 videri
845 1352 942 1418 etiam
976 1340 1164 1420 dictaturam
1176 1359 1213 1417 10

58 1446 122 1524 iarn
151 1457 185 1524 in
211 1456 372 1546 promisco
402 1480 489 1542 esse,
518 1457 670 1548 omnique
698 1480 761 1546 ope
789 1455 993 1546 inpediebant
1020 1459 1165 1552 nequid

59 1561 204 1630 dictatori
225 1562 266 1627 ad
287 1561 321 1628 id
342 1561 465 1628 bellum
492 1563 715 1630 decerneretur
742 1572 955 1650 parareturve.
989 1585 1030 1628 eo
1057 1586 1162 1652 prom·

57 1667 142 1758 ptius
165 1677 280 1732 cuncta
301 1666 424 1733 ferente
457 1667 610 1734 dictatore
631 1664 772 1756 populus
799 1664 899 1730 iussit.
935 1666 1098 1755 proiectus
1121 1667 1162 1733 ab
1201 1704 1217 1749 -,

57 1772 138 1838 urbe
160 1782 296 1859 utraque
311 1782 401 1860 parte
416 1770 540 1837 Tiberis
559 1770 679 1837 ratibus
698 1767 840 1835 exercitu
855 1791 1061 1858 quocumque
1078 1770 1162 1836 fama

57 1875 202 1943 bostium
230 1874 368 1941 ducebat
394 1873 525 1941 traiecto
554 1874 674 1941 multos
699 1872 909 1965 populatores
935 1895 1086 1962 agrorum
1110 1879 1211 1943 vat-15

129 2080 574 2160 verborumpraetermissaeet.Cl.

129 2176 157 2242 d,
169 2175 226 2228 toa
240 2174 316 2230 civia.
337 2169 364 2226 M
377 2191 411 2229 m.
423 2173 462 2229 3.:
474 2190 574 2245 pauen-

127 2263 168 2319 tit
179 2256 341 2317 inridebant.
359 2254 394 2314 P:
412 2267 551 2335 pauentes.

76 2375 101 2434 1.
129 2382 159 2430 et
179 2374 210 2428 in
233 2392 270 2428 ea
293 2373 359 2446 ipsa
387 2388 464 2445 qaae
480 2367 573 2446 fage·

127 2468 197 2516 rant
223 2459 305 2515 uelut
329 2457 410 2513 caeci
434 2457 574 2512 ruebant:

128 2546 186 2605 PM.
205 2576 239 2586 -
257 2543 374 2602 beldet
393 2553 421 2598 et
438 2545 467 2599 in
486 2563 516 2598 ea
534 2545 587 2599 si?

126 2653 190 2714 gna
217 2652 285 2708 quae
312 2630 434 2705 fugerant
458 2636 509 2688 c'et.
539 2652 574 2672 ¹·-

126 2720 212 2778 Paulo
229 2727 294 2795 poet
305 2719 433 2794 scripturn
446 2727 488 2771 est
505 2719 534 2772 in
546 2715 575 2773 ll

128 2807 322 2883 „adparato“‚
348 2813 375 2859 ct
397 2805 426 2858 in
445 2802 467 2859 P
483 2805 574 2880 primo

130 2893 342 2966 „anerterent“‚
360 2889 409 2944 sed
427 2890 520 2946 eadem
538 2910 576 2950 m.

129 2985 156 3042 1.
173 2979 291 3036 restituit
308 2981 516 3044 ‚‚auerterunt“.
539 3007 574 3018 —

129 3068 203 3127 Harl.
218 3085 248 3123 1.:
269 3085 323 3136 uno
343 3073 480 3141 apparatu.

72 3186 100 3245 b.
129 3177 308 3237 militaribus
327 3175 416 3231 iocis:
433 3173 470 3234 Μ.
488 3205 523 3216 -
539 3174 574 3232 P:

128 3270 208 3325 locis.
232 3295 265 3329 -,
290 3261 350 3318 PM:
378 3260 445 3318 carn
462 3283 574 3340 appara-

129 3366 187 3411 tum
204 3351 322 3420 bostium
340 3358 396 3406 tum
416 3361 466 3410 cet.
492 3351 573 3411 blm.

83 3491 97 3516 ,
128 3445 156 3499 2.
184 3448 210 3493 et
236 3435 356 3512 plerique
382 3457 452 3496 recc.
480 3438 574 3498 codd:

129 3538 188 3584 tum
217 3532 371 3600 apparatum
394 3532 444 3582 cet.
472 3528 514 3565 -“
533 3525 572 3581 Ma

128 3618 299 3690 increpantes
316 3629 443 3684 pauorem
461 3620 489 3665 ct
505 3613 511 3682 Ι
525 3632 574 3667 ru·

129 3718 248 3759 ecorum
271 3697 398 3753 omnium
418 3698 573 3752 concitatio

128 3808 180 3846 aon
196 3791 201 3858 1
217 3789 321 3842 citatur.
331 3781 429 3838 deinde
438 3801 516 3838 omne
526 3772 574 3839 do·

128 3895 191 3933 uren
210 3884 259 3932 cet.
281 3871 324 3929 Cf.
336 3869 415 3947 paulo
427 3879 489 3926 ante
506 3868 573 3938 „Fa-

130 3958 191 4019 lisci
211 3960 504 4038 Tarquiniensesqoe“.

71 4092 102 4148 8.
132 4076 572 4157 C.Marciaellrctiliuesflarl.r.

716 2080 795 2139 Voss.
814 2099 842 2138 n.
861 2078 894 2135 al.
918 2112 954 2124 -
979 2079 1031 2137 PM
1048 2079 1125 2142 Leid.
1144 2103 1162 2143 r.

716 2168 763 2227 ab:
782 2175 806 2226 c.
824 2169 939 2225 marcius
957 2167 1058 2227 utilius.
1074 2200 1108 2211 -
1126 2168 1161 2226 P:

714 2257 818 2333 primus
837 2254 871 2310 de
896 2256 974 2331 plebe
997 2255 1085 2312 dictus
1102 2263 1163 2334 mig

716 2345 836 2420 equitum
860 2343 924 2399 item
953 2343 987 2400 de
1008 2343 1088 2421 plebe
1111 2353 1163 2405 cet.

715 2429 755 2487 M:
782 2432 885 2508 primus
913 2430 947 2487 de
968 2429 1048 2507 plebe
1074 2433 1159 2508 mig!

715 2519 836 2594 equitum
853 2520 919 2574 item
938 2520 972 2574 de
989 2518 1068 2593 plebe
1086 2530 1137 2580 ca.

645 2602 689 2661 10.
715 2606 805 2659 etiam
834 2606 1013 2662 dictaturam
1040 2609 1101 2664 iam
1130 2610 1161 2666 iu

713 2693 861 2764 promisco
880 2712 963 2748 esee:
986 2693 1035 2748 PM
1051 2694 1160 2756 Herbe.
1256 2760 1259 2765 ¹

714 2774 791 2830 Leid.
810 2777 845 2846 1.]
865 2779 944 2832 etiam
962 2809 996 2819 -
1014 2781 1043 2834 in
1061 2784 1160 2858 promi·
1257 2772 1261 2794 ¹

716 2879 781 2916 acuo
799 2881 867 2919 esse.
899 2861 941 2918 cf.
961 2868 993 2932 5,
1010 2868 1055 2921 55.
1073 2864 1107 2926 al.
1125 2898 1160 2908 ·-

716 2946 747 3002 In
770 2966 841 3006 rece.
864 2948 989 3024 quibbed.
1012 2952 1093 3014 codd.
1118 2973 1162 3010 ex·

717 3033 783 3090 cidit
801 3036 869 3094 iam.

647 3122 690 3181 12.
717 3141 751 3178 ee
759 3124 924 3198 promptius
932 3125 1162 3198 eunctaferente

717 3208 860 3267 dictatore
892 3213 1023 3287 populas
1059 3215 1161 3271 iussit:

715 3294 771 3354 PM.
799 3328 829 3339 -
860 3296 934 3356 Harl.
952 3318 982 3357 t:
1011 3309 1108 3355 cuncta·
1124 3299 1161 3355 le-

715 3383 798 3437 renda
818 3381 952 3442 dictatori.
966 3415 999 3424 -
1018 3383 1057 3440 lll:
1076 3405 1161 3462 popu·
1183 3438 1187 3444 .

713 3467 756 3524 lus
774 3472 854 3526 iussit
872 3490 896 3528 c.
910 3472 1041 3527 mareiae
1060 3475 1162 3532 utilius

714 3556 843 3611 dabatur
857 3558 909 3631 pri
922 3559 928 3630 1
942 3577 1009 3614 mue
1026 3561 1162 3635 explebe

714 3643 824 3698 dicitur
847 3648 919 3723 mag
938 3665 1013 3722 eque
1027 3647 1078 3721 ple
1093 3650 1099 3719 Ι
1115 3649 1161 3705 be·

713 3730 775 3784 iam
789 3731 940 3804 plancium
958 3742 1047 3793 creat.
1070 3735 1160 3810 prose-

715 3826 776 3872 ctus
803 3815 836 3872 ab
860 3820 926 3876 urbe
948 3830 1060 3897 utraque
1083 3831 1159 3899 parte
1279 3872 1282 3876 .

715 3904 809 3961 tiberis
836 3916 886 3964 cet.
923 3905 964 3968 Cf.
995 3908 1075 3986 paulo
1098 3920 1159 3967 ante
1253 3976 1262 3988 ,

715 3993 919 4056 „concitatur“.
947 4024 980 4038 -
1009 3993 1031 4049 P
1058 4015 1094 4055 m.
1120 4000 1158 4055 1.:

714 4077 823 4137 teberie.
