2618 4590
515 244 624 304 trans
640 242 712 309 vrr.
940 318 942 324 ¹
1096 230 1168 301 1309

63 405 188 491 milites,
212 405 306 473 aliam
329 406 455 474 turbam
477 418 675 474 scutatorum
696 406 849 475 habebat:
871 409 959 476 leves
980 422 1088 480 autem
1110 411 1165 502 qui

61 510 187 577 hastam
209 522 333 577 tantum
356 535 514 602 gaesaque
544 525 690 605 gererent
717 511 927 579 vocabantur..
959 512 1039 582 haec
1061 512 1163 606 prima

60 614 138 681 foris
160 616 194 681 in
209 615 311 681 aciem
326 614 440 699 ssorem
454 613 607 682 iuvenum
629 617 872 706 pubescentium
887 616 927 681 ad
941 617 1086 686 militiam
1107 618 1161 687 ba-

46 719 166 786 bebat.
205 718 365 786 robustior
386 720 459 787 inde
482 732 569 788 aetas
587 722 721 790 totidem
737 721 972 810 manipulorum
984 748 1030 772 ¹-
1045 723 1159 813 quibus

58 822 251 913 principibus
268 835 317 891 est
333 848 451 892 nomen
464 861 506 880 -·
517 825 578 892 hos
589 825 814 916 sequebantur,
836 826 949 892 scutati
965 848 1076 892 omnes
1088 811 1188 892 insi-t

58 927 171 1016 guibus
184 927 322 995 maxime
336 929 440 996 armis.
459 928 523 997 hoc
534 930 657 1020 triginta
668 931 902 1020 manipulomm
915 953 1030 1020 agmen
1042 929 1159 1019 antepi·

56 1029 149 1098 lanos
172 1032 382 1122 appellabant,
405 1033 479 1122 quia
493 1035 553 1100 sub
569 1035 664 1125 signis
683 1036 747 1101 iam
762 1034 814 1100 alii
836 1034 1018 1125 quindecim
1033 1032 1160 1099 ordines

56 1132 253 1219 locabantur,
275 1161 315 1204 ex
334 1136 450 1227 quibus
468 1127 550 1206 ordo⁴
564 1139 803 1231 unusquisque
814 1150 877 1206 tres
900 1149 1007 1228 partes
1019 1130 1160 1205 babebat

53 1275 98 1288 -
110 1263 219 1306 earum
229 1263 327 1306 unam
340 1264 501 1332 quamque
514 1244 650 1332 primam
660 1244 800 1333 primum
811 1243 911 1333 pilum
923 1244 1085 1310 vocabant
1099 1276 1157 1322 ·-‚
1258 1307 1260 1314 ,

53 1344 153 1412 tribus
176 1369 217 1413 ex
238 1344 362 1413 vexillis
386 1345 561 1430 constabat,
583 1346 743 1416 vexillam
766 1359 894 1415 centum
916 1347 1077 1438 octoginta
1098 1353 1204 1412 sex10

123 1545 163 1604 bl:
192 1534 272 1605 aliam
291 1535 375 1604 'ibam
402 1555 495 1604 scutoi
523 1548 568 1604 ba·

123 1635 212 1693 bebat.
247 1633 291 1693 Cl.
320 1634 352 1692 T.
379 1635 440 1692 Liri
466 1633 485 1694 l.
507 1655 569 1696 xxx.

712 1570 792 1606 unam
818 1568 949 1626 quamque
976 1551 1092 1624 primum
1116 1547 1158 1623 pi·

712 1635 768 1693 lum
777 1637 908 1692 vocabant
918 1634 983 1706 (ΡΜ
992 1633 1076 1703 rell).
1086 1633 1158 1690 Cum

711 1725 793 1800 primi
805 1723 854 1800 pili
865 1743 916 1778 nea
927 1726 1092 1777 rorariorum
1107 1739 1158 1775 nea

696 1805 884 1882 *ascensorum
919 1808 968 1865 aad
1003 1809 1156 1869 triariorum
1191 1874 1198 1887 ἐ

712 1895 841 1966 luissent,
858 1896 969 1974 Lipsius
986 1894 1161 1961 scribendum

713 1987 818 2041 censuit
847 2004 960 2053 „earum
987 2001 1158 2059 unamquam·
1204 2038 1205 2043 ,

122 1741 151 1799 p.
164 1740 236 1781 xxrv.
255 1740 283 1781 u.

70 1811 95 1864 1.
123 1809 207 1866 leues
239 1819 338 1866 autem
368 1812 422 1885 qui
451 1809 570 1869 hastam

77 1920 79 1925 ·
123 1903 238 1952 santam
257 1915 413 1975 gaesaque
431 1905 571 1976 gererent

124 1983 322 2040 uocabantur:
338 1982 374 2042 ll.
391 2015 420 2027 -
443 1981 479 2040 Pa
497 1983 570 2040 leues

122 2066 141 2126 ll
164 2073 212 2148 qui
235 2071 340 2126 hastam
364 2091 496 2147 gaesaque
519 2079 571 2130 cet.

121 2156 195 2218 Harl.
206 2177 224 2213 1.
244 2156 321 2216 Laid.
332 2176 349 2216 1.
363 2157 401 2214 al:
420 2178 557 2236 caesaque.

68 2249 95 2310 2.
121 2243 398 2319 haecprimaforr's
412 2248 442 2301 ia
460 2248 568 2302 aciem.-

120 2328 302 2403 Pll,lla'rl.1.]
315 2331 381 2388 baec
393 2334 478 2410 prima
493 2332 568 2398 frons

69 2473 71 2477 .
121 2423 150 2478 in
163 2422 220 2476 acie
232 2425 319 2495 (racc.¹
330 2419 436 2488 codd),
447 2419 569 2488 „Dieser

121 2507 318 2581 ersteEingang
325 2509 352 2562 in
362 2506 405 2577 dic
414 2505 569 2574 schlucht‘t

122 2596 166 2654 Cl.
176 2598 204 2663 6,
215 2597 274 2661 (ilar
285 2594 378 2650 sorem.
398 2592 502 2661 Cic.'ad
512 2590 568 2651 div.

123 2685 166 2750 13,
186 2685 228 2740 10.
247 2685 272 2738 l.
291 2713 325 2737 -r
355 2679 432 2748 Laid.
450 2700 480 2753 ¹2:
504 2681 570 2736 haee

122 2771 208 2844 prima
232 2770 259 2821 in
284 2769 368 2820 aciem
389 2768 455 2826 loris
475 2766 571 2822 ttorem

122 2857 250 2925 iuuenum
261 2853 464 2931 pubescentium
478 2873 509 2907 ac
520 2855 570 2923 mi-

121 2940 199 2997 litum
217 2939 340 2997 babebat.
360 2971 392 2982 -
411 2936 495 2998 Paulo
508 2945 571 3014 post

121 3028 144 3086 P
162 3049 197 3095 m.
217 3032 253 3087 1.:
274 3047 304 3084 os
323 3028 511 3104 sequebantur.

68 3120 101 3190 6.ἱ
122 3115 179 3173 hoc
203 3117 327 3202 triginta
352 3103 574 3190 rnnnipuloram

712 2091 764 2148 quc
774 2073 887 2149 primam
899 2069 984 2146 pilum
994 2071 1127 2127 vocabant
1132 2073 1158 2137 “,

711 2157 734 2217 l.
747 2157 791 2217 Fr.
809 2157 893 2217 Gron.
912 2177 1024 2226 „aarum
1044 2159 1158 2230 primam

713 2266 846 2323 quamque
869 2248 984 2320 primum
1006 2242 1090 2319 pilam
1111 2261 1158 2298 vo·

712 2330 839 2392 cabant‘t
851 2352 946 2389 varam
955 2353 1014 2388 cum
1024 2334 1052 2387 in
1059 2332 1158 2406 prima

714 2440 851 2498 quaeque
868 2440 918 2496 pra
936 2417 1170 2492 latinae'linguaa'

711 2509 861 2563 rationibus
884 2506 951 2562 alins
974 2525 1069 2562 sensus
1093 2505 1159 2561 insit

713 2614 792 2672 quam
811 2615 889 2670 quem
908 2593 952 2649 bic
963 2592 1042 2649 locus
1053 2593 1158 2649 deside·

712 2691 767 2748 ret,
796 2681 918 2756 ideoque.
935 2690 995 2736 aaa
1021 2699 1158 2757 quaequae
1272 2742 1276 2747 ‚

712 2766 807 2822 deesse
830 2787 885 2821 non
910 2769 1013 2841 possit,
1043 2766 1076 2820 ad
1096 2766 1158 2839 pri·
1193 2794 1195 2799 ·

713 2872 792 2918 mam
833 2852 985 2907 addidimus
1021 2855 1156 2924 primam,

714 2941 790 2995 cuius
819 2940 924 3012 generis
954 2937 1059 2993 mendis
1089 2936 1157 2992 nibil

656 3048 659 3058 ⁴
713 3026 878 3102 frequentius
894 3048 895 3052 ¹
911 3033 952 3084 eat
981 3025 1010 3079 in
1039 3025 1156 3100 andquis

711 3102 856 3189 mdcriptia

122 3223 229 3287 agmen
257 3203 445 3278 antepilanos
471 3200 573 3276 appot,
642 3204 685 3269 lb.
713 3202 996 3258 ueadlarrroarrtam
1007 3199 1158 3277 octaginta,

124 3290 241 3360 labant:
259 3289 317 3347 Pll.
353 3286 395 3348 Cf.
414 3284 501 3348 Varro
521 3288 538 3346 l.
550 3287 569 3347 l.

124 3381 151 3443 ὅ,
161 3379 217 3433 ua.:
235 3373 340 3438 Hastati
354 3378 419 3441 dicti
433 3379 478 3456 qui
489 3377 573 3454 primi,

123 3462 208 3518 hastis
230 3464 397 3540 pugnabant,
420 3462 504 3537 pilani
523 3465 570 3539 qui

124 3551 188 3629 pilis
207 3571 259 3604 -2-
281 3549 365 3625 pilani
386 3552 486 3604 triarii
504 3568 568 3625 quo·

124 3659 176 3716 que
194 3637 265 3692 dicti·
278 3635 351 3712 quod
369 3638 397 3690 in
416 3638 472 3690 acie
489 3637 569 3691 tertio

126 3726 221 3782 ordine
240 3725 366 3785 extremis
383 3716 505 3785 subsidio
524 3721 571 3801 des.

56 3846 60 3855 .
125 3812 302 3889 ponebantur.

72 3904 98 3964 9.
126 3919 233 3957 aarum.
247 3919 341 3956 unam
352 3917 500 3974 quamque
509 3896 570 3971 pri·

126 4006 205 4050 mam
220 3989 346 4061 primum
366 3988 462 4062 pilum
483 4003 569 4050 troca-¹

126 4076 212 4134 bant:
238 4089 272 4133 ex
298 4075 368 4133 coni.
396 4074 454 4151 nal.
479 4091 571 4137 aarum

712 3310 770 3346 sax
782 3288 916 3343 homines
929 3296 1029 3340 erant.-
1041 3305 1074 3341 ex
1087 3285 1156 3343 conl.

711 3378 762 3446 m]
789 3371 918 3429 vexillam
946 3382 1057 3428 centum
1081 3379 1156 3428 octo-

712 3465 784 3537 ginta
803 3481 851 3515 sex
863 3459 985 3514 homiues
998 3466 1075 3514 erant
1091 3454 1156 3527 (ΡΜ

711 3547 794 3613 rell).
812 3545 874 3601 Non
893 3542 996 3619 singula
1014 3545 1063 3603 sed
1080 3551 1155 3602 terna

711 3633 817 3702 uexilla,
828 3632 965 3708 exquibus
976 3631 1084 3689 ordines
1093 3651 1159 3688 conr

712 3724 831 3789 stabant,
850 3722 898 3776 tas
917 3719 1054 3778 bominum
1072 3727 1156 3781 erant,

710 3809 820 3885 Lipsius
843 3810 922 3883 igitur
945 3808 1089 3863 uexillum
1110 3805 1154 3862 da·

711 3896 761 3952 leri
786 3895 888 3964 voluit,
915 3893 1056 3952 Strothius
1073 3892 1156 3951 verba
1246 3912 1250 3919 ¹

712 3985 822 4053 „tribus
841 4004 874 4045 ex
885 3980 990 4039 vexillis
1009 3981 1157 4047 cousubat,

712 4070 838 4136 roriflua
857 4073 909 4130 tat
921 4069 1044 4134 baninu
1058 4071 1158 4127 arante
