2618 4590
168 247 236 317 480

632 258 740 320 uruit
757 259 804 321 IX.

172 447 318 493 securem
339 424 444 493 iussitz
466 426 507 492 ad
529 449 627 516 qnam
648 448 764 494 vocem
787 424 925 492 exanimi
946 433 1051 491 stante
1071 423 1276 492 Praenestino

45 564 47 569 ·
81 592 86 599 ,
171 531 340 620 „agedum
353 530 446 598 lictor
468 531 580 599 excide
602 531 743 617 radicem
760 529 866 596 hanc“
888 529 990 619 inquit
1011 528 1276 610 „incommodam
1308 527 1309 550 ³

172 635 439 723 anabmantibus“,
460 635 691 725 perfusumque
713 633 817 701 ultimi
833 632 979 724 supplicii
1000 644 1097 699 metu
1112 634 1225 701 multa
1245 635 1275 700 di·
1307 677 1309 690 .

171 749 222 806 cta
244 739 370 806 dimisit
407 739 494 806 haud
517 739 612 807 dubie
634 740 687 805 illa
710 750 830 823 aetate,
858 761 921 828 qua
944 736 1032 802 nulla
1056 737 1227 805 virtutum
1245 739 1275 805 ie

142 843 273 911 oracior
295 844 369 927 fuit,
396 867 493 911 nemo
515 866 598 911 unus
620 855 689 910 erat
710 844 758 910 vir
783 866 849 934 quo
876 840 976 931 magis
1004 840 1120 908 innixa
1154 867 1211 910 ree
1230 845 1275 911 Ro

34 994 39 1009 .
121 1014 131 1031 ,
169 970 265 1015 mana
277 960 389 1016 staret:
412 948 489 1038 quin
499 971 575 1014 eum
586 971 695 1037 parem
709 949 868 1014 destinant
882 944 993 1013 animis
1007 969 1137 1037 magno
1151 946 1274 1016 Alexan

172 1052 231 1119 dro
254 1053 379 1135 ducem,
401 1053 428 1118 si
451 1076 538 1118 arma
560 1050 635 1118 Asia
657 1052 834 1142 perdomita
857 1051 890 1118 in
906 1050 1079 1140 Europam
1101 1053 1261 1120 vertisset.

144 1164 154 1178 ‘
257 1155 360 1224 XVII.
404 1155 492 1222 Nihil
514 1156 619 1222 minus
641 1157 822 1247 quaesitum
844 1181 862 1222 a
881 1154 1034 1245 principio
1059 1153 1168 1224 huius
1184 1157 1275 1248 operis

171 1259 270 1328 videri
291 1270 400 1350 potest
421 1285 519 1351 quom
541 1262 671 1352 utplus
693 1262 777 1330 iusto
806 1262 846 1328 ab
868 1283 976 1328 rerum
1007 1259 1126 1328 ordine
1152 1262 1274 1330 declina·

243 1401 360 1456 exanimi
389 1409 477 1457 stante
507 1404 686 1478 praenestino.
744 1414 747 1419 “

240 1484 308 1548 Pm.
320 1491 357 1547 1.:
367 1489 491 1548 examini.
501 1519 531 1529 -
540 1487 686 1548 Minoidi:

241 1575 374 1651 agendum
390 1573 471 1632 lictor
488 1576 590 1637 excide.
609 1608 643 1619 —
664 1576 687 1633 P

129 1722 133 1734 ,
240 1684 276 1722 m.
301 1666 340 1720 1.:
362 1662 575 1741 „perfusumque
601 1663 687 1721 ultum

73 2012 215 2093 ⁸¹⁴·

60 2710 213 2770 ,a

240 1749 371 1830 aupplicii
389 1754 491 1809 metu“.
521 1751 585 1808 dein
606 1752 687 1821 „nul-

240 1836 689 1898 tum“.videturlibrarinsultuma‘

239 1926 358 1984 aeribere
375 1924 500 1985 voluisse.
643 1990 646 1995 ,

244 2035 305 2091 qua
326 2016 413 2072 nulla
438 2016 579 2085 uirtutum
599 2013 686 2085 scra·

239 2104 303 2160 einr
315 2102 398 2174 suit:
420 2099 451 2161 P.
479 2133 513 2144 -
542 2099 583 2158 tl:
610 2118 686 2176 ,‚qun

238 2188 313 2247 nulla
330 2190 456 2245 uirtutem
468 2187 580 2245 feralior
596 2187 685 2244 lnit“:

240 2277 304 2333 dein
339 2275 432 2332 eadem
461 2295 541 2331 manu
576 2278 685 2351 antiqua

240 2365 418 2430 „uirtutum“:
431 2363 482 2429 „in
491 2363 566 2434 jener
575 2361 633 2417 Zeit
641 2362 685 2418 die

151 2508 154 2515 ,
239 2469 274 2504 an
300 2450 479 2524 grosaartigen
504 2447 685 2504 Erecheinun·

239 2528 291 2612 geri
317 2535 423 2594 reicher
446 2534 486 2592 ale
508 2535 601 2610 irgend
624 2536 684 2591 eino

239 2622 341 2680 andere
356 2627 445 2683 war“.

239 2729 324 2768 mmo
353 2729 431 2766 unua
458 2718 523 2766 erat
550 2709 598 2766 nir
624 2715 684 2785 quo

240 2799 338 2877 mugio
360 2798 467 2853 innixo
487 2816 537 2854 rea
560 2816 685 2853 romana

238 2894 349 2943 atur-et.-
366 2881 430 2956 Pol]
450 2904 528 2941 nemo
541 2903 610 2940 unue
628 2891 685 2938 erat

238 2974 284 3028 vir
300 2991 354 3046 quo
373 2973 456 3046 magis
475 2973 562 3027 innisa
581 2981 631 3030 cet.
648 3001 683 3012 ·-

238 3057 309 3115 cod.
328 3057 434 3116 (lirina
457 3059 485 3112 in
507 3077 562 3133 quo
583 3060 683 3117 innixa.

156 3198 161 3206 ,
237 3177 272 3189 -
295 3144 344 3202 Pol
366 3141 437 3202 rell:
465 3143 530 3220 quin
553 3164 614 3200 euna
635 3167 682 3222 pa-

236 3252 294 3290 rem
311 3232 446 3289 destinant
468 3231 563 3286 animis
585 3249 681 3306 magno

237 3320 381 3379 alexandro
408 3318 517 3375 ducem:
545 3319 593 3391 „ja
619 3337 681 3375 man

236 3409 320 3465 meint
331 3426 411 3482 nogat
423 3406 484 3462 dass
497 3425 527 3461 er
538 3403 587 3460 der
598 3402 680 3462 Manu

234 3491 680 3569 geweaenwtrederdemgroaeen

232 3579 385 3637 Alexander
407 3578 481 3636 hatto
507 3588 678 3655 entgegenge-

234 3665 308 3723 etellt
323 3665 434 3722 werden
452 3671 572 3734 missen,
597 3686 678 3722 wcnn

234 3751 356 3810 deraelbe
374 3753 442 3810 uach
461 3753 510 3810 der
526 3753 677 3828 Beeiegnng

229 3841 329 3897 Aniena
355 3843 430 3897 aeine
457 3839 566 3897 Waffen
593 3859 675 3915 gegen

227 3927 337 4005 Europa
354 3927 484 4004 gerichtet
500 3926 606 3985 hatten

229 4015 307 4071 nibil
331 4017 430 4072 minue
461 4016 626 4090 quaesitum
653 4031 674 4066 a

144 4134 152 4141 ν
227 4101 465 4176 yar-incipiebatur
472 4098 675 4175 operientem

827 1408 940 1477 potest:
969 1397 1033 1456 Pit:
1066 1401 1191 1470 „niclrta
1220 1402 1275 1458 lano

828 1507 882 1547 von
901 1487 962 1544 dem
972 1486 1079 1562 Beginn
1099 1488 1200 1547 dienen
1210 1488 1274 1547 Wer·

829 1576 929 1648 leaxan
947 1593 1002 1632 rou
1020 1577 1076 1631 mir
1091 1575 1276 1654 wenigeraui·

828 1661 940 1737 geaucht
953 1661 1086 1719 acheinen
1103 1662 1169 1721 ala“
1183 1682 1275 1724 uno.
1308 1671 1309 1684 ¹

828 1749 997 1827 Quamquam
1012 1749 1082 1808 lraec
1094 1753 1274 1829 interpretatio

827 1857 889 1893 vera
908 1837 994 1893 videri
1008 1847 1113 1914 potest,
1132 1846 1228 1897 tamen
1243 1848 1274 1894 to·

828 1926 882 1981 tina
899 1922 954 1999 loci
971 1927 1040 1982 ratio
1064 1925 1229 2003 diligentius
1243 1928 1274 1982 in-

827 2020 919 2089 aperta
928 2011 995 2068 mihi
1004 2013 1168 2088 persuadet,
1187 2035 1241 2071 uon
1252 2012 1274 2069 id

827 2109 931 2156 tantum
960 2098 1070 2157 Livium
1108 2101 1207 2159 dicere
1235 2100 1273 2158 sed

827 2189 908 2243 etiam
920 2187 1071 2264 exprimere
1083 2187 1219 2259 voluisse,
1230 2189 1272 2246 siti

828 2272 895 2330 nihil
913 2293 995 2352 posse
1012 2276 1100 2349 magis
1112 2276 1207 2335 videri
1220 2276 1272 2333 alie

827 2381 891 2418 num
909 2380 969 2418 esee
987 2381 1002 2417 a
1025 2365 1170 2443 principio
1192 2364 1273 2442 operio

826 2449 869 2504 eui
893 2449 912 2506 i.
930 2468 954 2506 e.
976 2469 991 2504 a
1013 2449 1131 2508 coneilio
1157 2461 1187 2509 et
1207 2473 1222 2507 a
1239 2472 1271 2508 ra·

826 2536 901 2592 tione
919 2553 998 2612 qnam
1015 2536 1045 2591 in
1057 2537 1205 2596 annalibus
1217 2541 1272 2596 scri·

827 2621 924 2679 bendis
940 2623 1110 2699 propositam
1130 2624 1272 2693 habuisset

826 2729 882 2766 nou
904 2711 976 2766 enim
998 2709 1028 2766 id
1049 2719 1107 2768 tam
1128 2712 1224 2789 po'teat
1240 2711 1272 2767 di·

827 2817 888 2853 cere
903 2795 974 2856 velle
991 2797 1058 2873 quid
1077 2799 1108 2855 in
1129 2799 1271 2856 scribendo

826 2882 861 2938 ad
889 2904 949 2940 enm
973 2882 1064 2941 locum
1089 2893 1153 2941 ante
1181 2885 1272 2942 oculos

826 2969 958 3038 habuerit,
970 2991 1050 3048 quom
1059 2989 1164 3029 uncam
1174 2972 1271 3028 afferre

825 3057 1270 3116 curaimentioneAlexaudrifnctr

823 3143 981 3222 ampliorem
1008 3145 1140 3223 quendam
1161 3149 1269 3225 ¹cogita·

821 3232 927 3289 tionum
939 3251 1048 3290 enarum
1057 3252 1176 3306 ‚curcum
1193 3237 1270 3292 iniret

822 3338 921 3395 eaeque
932 3321 1007 3398 ipseo
1018 3319 1166 3391 evolveret,
1180 3322 1214 3378 ab
1231 3330 1268 3376 to·

820 3407 876 3461 tine
894 3409 985 3482 operio
997 3409 1123 3466 instituto
1140 3429 1199 3466 nou
1211 3407 1267 3465 alio

821 3511 887 3549 unm
905 3494 1049 3551 arbitratus
1070 3497 1116 3555 cit.
1147 3495 1267 3574 quodsi

818 3581 966 3658 spectabat,
983 3601 1039 3641 uon
1049 3581 1084 3638 de
1093 3602 1127 3639 eo
1140 3583 1216 3661 qnod
1231 3582 1267 3639 ia·

769 3700 772 3705 Δ
820 3676 893 3724 ctum
915 3678 986 3726 esset
1007 3668 1057 3725 sed
1081 3668 1117 3726 de
1139 3691 1175 3729 eo
1198 3668 1265 3749 quod

818 3757 924 3812 ratione
965 3754 1134 3835 consilioque
1179 3760 1265 3835 operio

816 3842 903 3918 ipsine
921 3843 1052 3921 postulari
1070 3845 1213 3904 videretur
1229 3865 1265 3913 reg

815 3927 957 3987 serendum
975 3941 1038 3992 erat.
1068 3933 1098 3988 iu
1122 3933 1264 4010 principiis

814 4035 880 4074 vero
903 4019 1015 4075 alicuine
1041 4020 1081 4075 rei
1108 4021 1183 4078 ineat
1209 4021 1264 4100 qui·

815 4101 877 4162 dem
889 4105 1008 4164 eiusdem
1023 4106 1064 4173 rei
1075 4107 1197 4182 initium,
1214 4127 1265 4167 non
