2618 4590
166 236 231 308 190
623 246 733 309 LIBER
750 247 808 309 Vll.

255 413 357 483 XVII.
401 411 486 482 Novi
508 411 657 481 consules
684 410 759 478 inde
786 409 833 479 Μ.
863 409 981 479 Fabius
1008 410 1184 479 Ambustus
1213 411 1268 480 ite-

168 543 241 587 rum
262 532 297 588 et
316 518 361 585 Μ.
383 517 537 608 Popillius
558 517 682 585 Laenas
709 516 826 584 itemm
847 517 912 582 duo
935 516 1019 583 bella
1041 517 1197 599 habuero,
1224 517 1270 584 fa·

168 625 230 693 cile
251 624 387 691 alterum
409 645 484 688 cum
505 622 689 690 Tiburtibus
712 621 801 712 quod
822 619 946 688 laenas
969 621 1075 712 gessit,
1097 620 1153 711 qui
1173 621 1268 691 hoste

167 730 200 795 in
221 729 334 796 urbem
356 727 512 818 conpulso
536 751 629 818 agros
649 725 796 795 vastavit.
825 725 939 793 Falisci
954 726 1267 818 Tarquiniensesque

131 833 303 901 5alterum
324 832 491 900 consulem
518 833 621 924 prima
649 855 756 923 pugna
783 829 949 933 fuderunt:
981 831 1056 898 inde
1077 841 1181 899 terror
1201 856 1268 898 ma-

164 937 271 1017 ximus
293 936 370 1020 luit,
402 938 491 1027 quod
511 937 695 1004 sacerdotes
717 959 831 1003 eorum
859 936 981 1004 lacibus
1009 935 1191 1004 ardentibus
1214 962 1267 1004 an-

164 1041 343 1131 guibubque
364 1042 513 1131 praelatis
533 1041 661 1110 incessu
674 1041 778 1108 furiali
792 1040 926 1110 militem
940 1042 1123 1108 Romanum
1143 1040 1267 1110 insueta

164 1146 373 1214 turbaverunt
393 1147 511 1236 specie.
548 1156 582 1213 ct
602 1157 673 1213 tum
695 1147 827 1238 quidem
847 1146 938 1214 velut
953 1144 1111 1236 lvmphati
1132 1157 1167 1212 et
1187 1158 1267 1214 atto

163 1250 221 1318 niti
242 1249 447 1317 munimentis
468 1251 535 1318 suis
556 1252 681 1342 trepido
704 1251 830 1342 agmine
846 1250 1038 1317 inciderunt:
1071 1249 1186 1318 deinde
1207 1253 1265 1318 ubi

117 1370 153 1426 10
164 1356 278 1423 consul
297 1354 459 1445 legatique
482 1378 520 1423 ac
542 1356 660 1423 tribuni
676 1379 850 1448 puerorum
870 1356 934 1422 ritu
947 1378 1030 1422 vana
1044 1354 1197 1422 miracula
1211 1380 1265 1448 pa

163 1459 267 1528 ventis
288 1458 467 1527 inridebant
482 1460 769 1554 increpabantque,
789 1460 885 1530 vertit
905 1459 1030 1526 annuos
1051 1471 1184 1550 repente
1206 1485 1264 1552 pu-

820 1649 883 1709 11εά
909 1657 937 1706 et
957 1645 1165 1726 Tarquinienses
1190 1672 1264 1710 com·

819 1737 943 1815 pluribus
955 1756 1066 1795 suornm
1077 1740 1107 1795 in
1118 1737 1210 1797 babitu
1221 1761 1264 1797 ss·

820 1825 958 1882 cerdotum
970 1824 1132 1895 subornatis,
1150 1825 1222 1884 laces
1237 1837 1265 1905 et

819 1928 918 1988 sngnes
940 1911 1030 1970 furiali
1051 1911 1145 1969 babitu
1160 1915 1265 1992 praebe·

816 1999 952 2069 mutibus,
979 2002 1063 2056 aciem
1080 1999 1264 2062 Romanorum

818 2087 1023 2146 turbaverunt“.
1036 2096 1064 2143 et
1074 2086 1172 2146 Florus
1185 2095 1262 2159 1,1Ρ.

234 1649 268 1711 al.
287 1682 322 1693 -
346 1650 387 1707 tl:
408 1649 461 1728 legi
480 1650 596 1712 lecisset.
610 1673 680 1729 pro·

233 1740 356 1797 bibitum
386 1739 524 1814 deinceps
548 1731 680 1817 perllp.

232 1833 270 1886 ts.
280 1828 322 1904 pl.
332 1828 416 1904 leges
429 1828 459 1881 in
472 1830 580 1883 sustris
585 1827 678 1900 ferri.

229 1916 296 1970 noui
315 1919 371 1972 coi.
388 1913 453 1969 inde
465 1924 516 1975 cet.
537 1912 581 1974 Cf.
598 1917 625 1984 7,
636 1917 677 1974 3.:

230 2002 334 2059 clarum
351 2009 458 2079 pangat.

176 2091 204 2150 1.
230 2091 304 2146 noui
325 2096 385 2147 eos.
409 2088 480 2145 inde
503 2087 544 2147 M.
562 2087 677 2146 Fabius

226 2177 399 2234 Ambustus.
420 2194 448 2234 u.
470 2184 499 2232 et
523 2177 564 2235 M.
587 2176 676 2251 Popi-

227 2264 288 2320 lius
310 2264 432 2318 Laenas
455 2261 508 2331 (Ρι
530 2262 629 2331 lenas).
647 2282 675 2322 11.

228 2349 289 2405 duo
303 2350 382 2404 bellu
394 2347 542 2406 habuere:
556 2347 614 2408 ΡΜ.
632 2350 676 2407 De

227 2455 295 2491 voce
307 2437 421 2504 iterum,
435 2438 511 2493 cuins
522 2435 583 2493 loco
595 2439 676 2496 etiam

226 2521 310 2582 Bell.
333 2523 497 2580 seeundum
519 2525 603 2580 scribi
620 2526 675 2580 ius·

227 2612 278 2678 sit,
306 2610 340 2669 el.
359 2613 386 2677 6,
406 2612 461 2669 tu:
479 2609 511 2671 Τ.
529 2611 675 2686 Quinctius

228 2697 405 2755 Cincinnatus
436 2700 542 2759 iterum.
568 2731 605 2746 -
637 2697 673 2757 P:

226 2787 300 2863 qnod
319 2785 394 2842 lenas
413 2787 499 2860 gisslt.

118 2898 124 2908 ·
174 2875 200 2933 2.
221 2874 319 2947 focile
337 2875 468 2929 alterum
484 2894 551 2931 eum
572 2876 674 2933 Tibur·

226 2963 304 3017 tibus
330 2961 413 3035 quod
434 2962 554 3020 Laenas
577 2965 674 3042 gessii

170 3110 175 3118 1
228 3050 281 3122 qui
289 3046 411 3102 bostes'n
422 3049 521 3104 urbem
531 3051 672 3122 conpulso

226 3151 318 3211 egros
337 3136 470 3188 uastauit
481 3133 567 3188 falisci
586 3147 605 3186 ss
619 3144 673 3190 tar·

226 3221 273 3296 qni
288 3223 293 3288 Ι
309 3221 415 3275 nienses
425 3218 588 3294 primobello
599 3221 672 3296 quod

224 3307 340 3364 fanatico
356 3307 669 3380 lambitugesscrantsu·

223 3397 344 3473 perisses
363 3397 429 3450 uicti
445 3398 449 3463 Ι
464 3404 557 3472 postea
573 3399 669 3452 castris

224 3492 363 3540 exuuntur.
381 3482 496 3549 Falisci
509 3485 536 3540 T
533 3503 568 3540 ar
584 3485 589 3553 Ι
606 3485 669 3557 qui·

223 3571 401 3643 niensesque
430 3570 558 3626 alterum
587 3576 669 3629 eous.

225 3664 291 3712 cehe
312 3654 347 3712 Μ.
384 3654 426 3712 Cl.
449 3659 480 3724 7,
498 3659 537 3715 3.z
564 3656 668 3713 clavum

222 3749 329 3819 pangat.
347 3773 381 3786 -
404 3742 441 3797 P:
464 3743 549 3800 falisci
568 3747 669 3820 tarqui·

818 2177 866 2253 qui
874 2175 1086 2232 del'idenstibns
1095 2175 1166 2246 (biv.
1173 2178 1199 2246 1,
1206 2181 1264 2249 33.)

817 2264 854 2319 ita
872 2261 966 2318 refert:
984 2262 1127 2332 „Fidenae
1138 2267 1202 2342 quis
1213 2268 1262 2323 im·

817 2351 1093 2429 perseuerantiam,
1119 2352 1155 2408 ad
1177 2362 1261 2410 terro·

817 2456 873 2493 rem
887 2436 1049 2494 movendum
1062 2438 1165 2496 lacibus
1178 2461 1261 2497 erma-

815 2531 859 2580 tse
876 2532 904 2580 et
921 2525 1120 2584 discoloribus
1142 2547 1260 2603 serpeu-

816 2619 879 2667 ium
897 2612 928 2666 in
940 2613 1062 2669 modum
1072 2615 1155 2671 vittis
1172 2615 1259 2672 furiali

813 2716 889 2755 more
901 2708 1088 2776 processerunt
1094 2703 1121 2760 “.
1139 2700 1184 2761 01.
1193 2723 1258 2779 qno·

815 2805 867 2863 que
879 2784 963 2842 Corn.
974 2785 1042 2864 Nep.
1054 2785 1141 2847 flans.
1160 2790 1203 2858 10,
1217 2791 1258 2848 11.

816 2894 869 2952 quo
893 2872 954 2930 loco
976 2873 1011 2931 de
1031 2873 1115 2932 simili
1140 2875 1258 2953 quodam

815 2960 973 3018 Hannibalis
983 2961 1256 3037 sdversnsl'ergame·

814 3068 865 3105 uos
878 3049 991 3107 consilio
1010 3050 1135 3107 traditum
1152 3059 1204 3110 est.

760 3136 787 3195 8.
814 3144 844 3192 et
866 3145 929 3192 tum
947 3138 1067 3213 quidem
1083 3138 1166 3194 uelut
1181 3139 1257 3214 lym·

811 3223 903 3296 pleuti
913 3232 942 3279 et
958 3227 1077 3281 attoniti
1097 3228 1258 3283 munimen-

810 3310 850 3366 is's
867 3311 933 3367 suis
949 3313 1065 3387 trepido
1078 3314 1197 3392 agmine
1214 3316 1257 3370 in·

809 3396 947 3454 ciderunt
958 3402 1038 3468 (nim.
1050 3398 1166 3469 Romani
1174 3406 1197 3470 t:
1207 3400 1256 3459 ΡΜ

751 3544 753 3549 ⁴
809 3481 1255 3564 Leid.r.al.]ettuncquidemoet.

810 3569 855 3632 01.
865 3576 892 3640 3,
901 3575 927 3632 2.
942 3606 975 3616 -
986 3570 1064 3630 Multi
1077 3593 1147 3634 recc.
1160 3576 1255 3636 codd:

810 3660 906 3728 „uelut
930 3660 1127 3739 lymphatici“:
1157 3674 1189 3720 ut
1212 3666 1255 3734 10,

810 3751 867 3808 285
884 3747 1062 3826 lymphaticus
1081 3771 1174 3827 pavor.

223 3830 384 3906 niensesque
402 3827 513 3887 alterum
532 3839 588 3891 coi.
607 3843 658 3893 cet.
739 3835 783 3894 10.
806 3839 945 3910 pauentis
958 3838 1127 3905 inridebant
1143 3839 1254 3919 scripsi·

169 3917 197 3974 b.
217 3917 342 3992 facibus
364 3917 537 3976 ardentibus
563 3922 668 3997 augui-

223 4007 338 4082 busque
351 4006 511 4081 praelatis:
529 4005 586 4066 ΡΜ.
622 4005 667 4067 Cf.

222 4091 368 4151 Frontinus
376 4092 453 4171 sSig.
463 4092 538 4162 slll,
549 4097 588 4157 l.:
597 4092 666 4164 „ts-

808 3942 881 3991 mus‚
908 3923 981 4000 quod
1003 3924 1032 3979 in
1050 3924 1077 3980 Μ
1099 3947 1135 3985 m.
1155 3931 1180 3986 1.
1200 3948 1255 4003 pa-

808 4011 890 4066 uenti
899 4014 1065 4091 repperimus
1083 4034 1133 4072 nes
1151 4035 1212 4072 raro
1225 4017 1254 4073 i'n

752 4086 755 4091 ’
804 4094 859 4154 boe
886 4096 956 4157 libro
982 4098 1071 4159 littera
1097 4123 1114 4161 s
1140 4103 1170 4169 in
1197 4101 1253 4160 srns
