<?xml version="1.0" encoding="UTF-8"?>
<!DOCTYPE html PUBLIC "-//W3C//DTD XHTML 1.0 Transitional//EN"
    "http://www.w3.org/TR/xhtml1/DTD/xhtml1-transitional.dtd">
<html xmlns="http://www.w3.org/1999/xhtml" xml:lang="en" lang="en">
 <head>
  <title>
</title>
<meta http-equiv="Content-Type" content="text/html;charset=utf-8" />
  <meta name='ocr-system' content='tesseract 3.04.00' />
  <meta name='ocr-capabilities' content='ocr_page ocr_carea ocr_par ocr_line ocrx_word'/>
</head>
<body>
  <div class='ocr_page' id='page_1' title='image "./titilivirerumro01alscgoog_0052.png"; bbox 0 0 2618 4590; ppageno 0'>
   <div class='ocr_carea' id='block_1_1' title="bbox 521 235 1152 376">
    <p class='ocr_par' dir='ltr' id='par_1_1' title="bbox 521 235 1152 376">
     <span class='ocr_line' id='line_1_1' title="bbox 521 235 1152 376; baseline -0.013 -33"><span class='ocrx_word' id='word_1_1' title='bbox 521 283 630 376; x_wconf 79' lang='lat' dir='ltr'><strong>uranu</strong></span> <span class='ocrx_word' id='word_1_2' title='bbox 645 283 691 346; x_wconf 80' lang='lat' dir='ltr'><strong>vr.</strong></span> <span class='ocrx_word' id='word_1_3' title='bbox 1068 235 1075 243; x_wconf 69' lang='grc'><strong><em>’</em></strong></span> <span class='ocrx_word' id='word_1_4' title='bbox 1110 269 1152 336; x_wconf 82' lang='lat' dir='ltr'><strong>at</strong></span> 
     </span>
    </p>
   </div>
   <div class='ocr_carea' id='block_1_2' title="bbox 22 443 1155 853">
    <p class='ocr_par' dir='ltr' id='par_1_2' title="bbox 22 443 1155 853">
     <span class='ocr_line' id='line_1_2' title="bbox 57 443 1155 541; baseline -0.002 -24"><span class='ocrx_word' id='word_1_5' title='bbox 57 463 116 541; x_wconf 86' lang='lat' dir='ltr'><strong>spe</strong></span> <span class='ocrx_word' id='word_1_6' title='bbox 137 448 230 518; x_wconf 85' lang='lat' dir='ltr'><strong>scalis</strong></span> <span class='ocrx_word' id='word_1_7' title='bbox 253 447 325 538; x_wconf 88' lang='lat' dir='ltr'><strong>capi</strong></span> <span class='ocrx_word' id='word_1_8' title='bbox 345 443 459 513; x_wconf 88' lang='lat' dir='ltr'><strong>urbem</strong></span> <span class='ocrx_word' id='word_1_9' title='bbox 480 468 591 535; x_wconf 85' lang='lat' dir='ltr'><strong>posse,</strong></span> <span class='ocrx_word' id='word_1_10' title='bbox 618 468 716 536; x_wconf 85' lang='lat' dir='ltr'><strong>quam</strong></span> <span class='ocrx_word' id='word_1_11' title='bbox 743 456 780 512; x_wconf 87' lang='lat' dir='ltr'><strong>ut</strong></span> <span class='ocrx_word' id='word_1_12' title='bbox 807 447 922 514; x_wconf 83' lang='lat' dir='ltr'><strong>auersis</strong></span> <span class='ocrx_word' id='word_1_13' title='bbox 948 471 988 516; x_wconf 88' lang='lat' dir='ltr'><strong>eo</strong></span> <span class='ocrx_word' id='word_1_14' title='bbox 1009 446 1155 515; x_wconf 81' lang='lat' dir='ltr'><strong>hostibus</strong></span> 
     </span>
     <span class='ocr_line' id='line_1_3' title="bbox 57 549 1155 649; baseline -0.005 -26"><span class='ocrx_word' id='word_1_15' title='bbox 57 567 93 623; x_wconf 86' lang='lat' dir='ltr'><strong>et</strong></span> <span class='ocrx_word' id='word_1_16' title='bbox 125 554 294 645; x_wconf 88' lang='lat' dir='ltr'><strong>oppidanis</strong></span> <span class='ocrx_word' id='word_1_17' title='bbox 320 553 384 618; x_wconf 87' lang='lat' dir='ltr'><strong>iam</strong></span> <span class='ocrx_word' id='word_1_18' title='bbox 411 551 582 649; x_wconf 77' lang='lat' dir='ltr'><strong>ppgnando</strong></span> <span class='ocrx_word' id='word_1_19' title='bbox 609 550 701 648; x_wconf 77' lang='lat' dir='ltr'><strong>fessis</strong></span> <span class='ocrx_word' id='word_1_20' title='bbox 728 549 885 617; x_wconf 86' lang='lat' dir='ltr'><strong>laxaretur</strong></span> <span class='ocrx_word' id='word_1_21' title='bbox 910 552 1000 620; x_wconf 89' lang='lat' dir='ltr'><strong>labor</strong></span> <span class='ocrx_word' id='word_1_22' title='bbox 1027 563 1060 619; x_wconf 87' lang='lat' dir='ltr'><strong>et</strong></span> <span class='ocrx_word' id='word_1_23' title='bbox 1086 552 1155 641; x_wconf 92' lang='lat' dir='ltr'><strong>ipse</strong></span> 
     </span>
     <span class='ocr_line' id='line_1_4' title="bbox 56 653 1155 749; baseline -0.004 -23"><span class='ocrx_word' id='word_1_24' title='bbox 56 660 198 749; x_wconf 83' lang='lat' dir='ltr'><strong>spatium</strong></span> <span class='ocrx_word' id='word_1_25' title='bbox 219 655 354 724; x_wconf 88' lang='lat' dir='ltr'><strong>intrandi</strong></span> <span class='ocrx_word' id='word_1_26' title='bbox 374 656 440 723; x_wconf 88' lang='lat' dir='ltr'><strong>sine</strong></span> <span class='ocrx_word' id='word_1_27' title='bbox 463 655 632 723; x_wconf 71' lang='lat' dir='ltr'><strong>certamine</strong></span> <span class='ocrx_word' id='word_1_28' title='bbox 654 655 781 722; x_wconf 89' lang='lat' dir='ltr'><strong>moenia</strong></span> <span class='ocrx_word' id='word_1_29' title='bbox 794 653 934 723; x_wconf 82' lang='lat' dir='ltr'><strong>haberet</strong></span> <span class='ocrx_word' id='word_1_30' title='bbox 971 659 1058 746; x_wconf 92' lang='lat' dir='ltr'><strong>qnod</strong></span> <span class='ocrx_word' id='word_1_31' title='bbox 1079 681 1155 724; x_wconf 84' lang='lat' dir='ltr'><strong>cum</strong></span> 
     </span>
     <span class='ocr_line' id='line_1_5' title="bbox 22 760 1154 853; baseline 0 -26"><span class='ocrx_word' id='word_1_32' title='bbox 22 786 35 827; x_wconf 77' lang='lat' dir='ltr'><strong>r</strong></span> <span class='ocrx_word' id='word_1_33' title='bbox 57 763 156 830; x_wconf 91' lang='lat' dir='ltr'><strong>simul</strong></span> <span class='ocrx_word' id='word_1_34' title='bbox 178 763 335 852; x_wconf 86' lang='lat' dir='ltr'><strong>utrimque</strong></span> <span class='ocrx_word' id='word_1_35' title='bbox 357 762 476 829; x_wconf 82' lang='lat' dir='ltr'><strong>lactum</strong></span> <span class='ocrx_word' id='word_1_36' title='bbox 499 773 584 828; x_wconf 87' lang='lat' dir='ltr'><strong>esset</strong></span> <span class='ocrx_word' id='word_1_37' title='bbox 605 783 788 853; x_wconf 71' lang='lat' dir='ltr'><strong>ancepsque</strong></span> <span class='ocrx_word' id='word_1_38' title='bbox 810 771 912 828; x_wconf 87' lang='lat' dir='ltr'><strong>terror</strong></span> <span class='ocrx_word' id='word_1_39' title='bbox 925 760 1076 845; x_wconf 83' lang='lat' dir='ltr'><strong>Etruscos</strong></span> <span class='ocrx_word' id='word_1_40' title='bbox 1098 762 1154 828; x_wconf 86' lang='lat' dir='ltr'><strong>oir-</strong></span> 
     </span>
    </p>
   </div>
   <div class='ocr_carea' id='block_1_3' title="bbox 62 864 1263 1062">
    <p class='ocr_par' dir='ltr' id='par_1_3' title="bbox 62 864 1263 1062">
     <span class='ocr_line' id='line_1_6' title="bbox 62 864 1261 955; baseline -0.002 -19"><span class='ocrx_word' id='word_1_41' title='bbox 62 879 236 936; x_wconf 84' lang='lat' dir='ltr'><strong>cumstaret</strong></span> <span class='ocrx_word' id='word_1_42' title='bbox 256 879 288 934; x_wconf 91' lang='lat' dir='ltr'><strong>et</strong></span> <span class='ocrx_word' id='word_1_43' title='bbox 307 867 433 935; x_wconf 86' lang='lat' dir='ltr'><strong>moenia</strong></span> <span class='ocrx_word' id='word_1_44' title='bbox 455 889 580 934; x_wconf 90' lang='lat' dir='ltr'><strong>summa</strong></span> <span class='ocrx_word' id='word_1_45' title='bbox 602 865 634 932; x_wconf 92' lang='lat' dir='ltr'><strong>vi</strong></span> <span class='ocrx_word' id='word_1_46' title='bbox 661 865 835 955; x_wconf 81' lang='lat' dir='ltr'><strong>oppugnari</strong></span> <span class='ocrx_word' id='word_1_47' title='bbox 862 876 895 932; x_wconf 90' lang='lat' dir='ltr'><strong>et</strong></span> <span class='ocrx_word' id='word_1_48' title='bbox 922 864 1003 932; x_wconf 87' lang='lat' dir='ltr'><strong>intra</strong></span> <span class='ocrx_word' id='word_1_49' title='bbox 1029 866 1185 935; x_wconf 77' lang='lat' dir='ltr'><strong>moenia5</strong></span> <span class='ocrx_word' id='word_1_50' title='bbox 1203 889 1217 911; x_wconf 76' lang='lat'><strong><em>¹</em></strong></span> <span class='ocrx_word' id='word_1_51' title='bbox 1257 938 1261 945; x_wconf 68' lang='grc'>,</span> 
     </span>
     <span class='ocr_line' id='line_1_7' title="bbox 62 970 1263 1062; baseline -0.004 -22"><span class='ocrx_word' id='word_1_52' title='bbox 62 996 134 1040; x_wconf 91' lang='lat' dir='ltr'><strong>esse</strong></span> <span class='ocrx_word' id='word_1_53' title='bbox 154 972 456 1056; x_wconf 85' lang='lat' dir='ltr'><strong>hostem-viderent,</strong></span> <span class='ocrx_word' id='word_1_54' title='bbox 477 981 569 1062; x_wconf 90' lang='lat' dir='ltr'><strong>porta</strong></span> <span class='ocrx_word' id='word_1_55' title='bbox 591 993 636 1053; x_wconf 85' lang='lat' dir='ltr'><strong>se,</strong></span> <span class='ocrx_word' id='word_1_56' title='bbox 658 993 741 1059; x_wconf 85' lang='lat' dir='ltr'><strong>quae</strong></span> <span class='ocrx_word' id='word_1_57' title='bbox 762 993 825 1035; x_wconf 90' lang='lat' dir='ltr'><strong>una</strong></span> <span class='ocrx_word' id='word_1_58' title='bbox 847 970 930 1037; x_wconf 85' lang='lat' dir='ltr'><strong>forte</strong></span> <span class='ocrx_word' id='word_1_59' title='bbox 946 994 1013 1038; x_wconf 92' lang='lat' dir='ltr'><strong>non</strong></span> <span class='ocrx_word' id='word_1_60' title='bbox 1036 971 1157 1037; x_wconf 72' lang='lat' dir='ltr'><strong>obside</strong></span> <span class='ocrx_word' id='word_1_61' title='bbox 1261 979 1263 982; x_wconf 82' lang='grc'><strong>’</strong></span> 
     </span>
    </p>
   </div>
   <div class='ocr_carea' id='block_1_4' title="bbox 60 1074 1159 1272">
    <p class='ocr_par' dir='ltr' id='par_1_4' title="bbox 60 1074 1159 1272">
     <span class='ocr_line' id='line_1_8' title="bbox 61 1074 1159 1167; baseline -0.003 -24"><span class='ocrx_word' id='word_1_62' title='bbox 61 1077 161 1159; x_wconf 87' lang='lat' dir='ltr'><strong>batur,</strong></span> <span class='ocrx_word' id='word_1_63' title='bbox 183 1074 296 1166; x_wconf 82' lang='lat' dir='ltr'><strong>tiepidi</strong></span> <span class='ocrx_word' id='word_1_64' title='bbox 318 1101 383 1145; x_wconf 93' lang='lat' dir='ltr'><strong>uno</strong></span> <span class='ocrx_word' id='word_1_65' title='bbox 398 1077 522 1167; x_wconf 83' lang='lat' dir='ltr'>agmine</span> <span class='ocrx_word' id='word_1_66' title='bbox 536 1074 667 1142; x_wconf 85' lang='lat' dir='ltr'><strong>eiecere.</strong></span> <span class='ocrx_word' id='word_1_67' title='bbox 704 1100 817 1165; x_wconf 80' lang='lat' dir='ltr'><strong>magna</strong></span> <span class='ocrx_word' id='word_1_68' title='bbox 834 1075 948 1142; x_wconf 87' lang='lat' dir='ltr'><strong>caedes</strong></span> <span class='ocrx_word' id='word_1_69' title='bbox 971 1075 1159 1166; x_wconf 80' lang='lat' dir='ltr'><strong>firgientium</strong></span> 
     </span>
     <span class='ocr_line' id='line_1_9' title="bbox 60 1180 1159 1272; baseline -0.002 -24"><span class='ocrx_word' id='word_1_70' title='bbox 60 1192 95 1257; x_wconf 79' lang='lat' dir='ltr'><strong>et</strong></span> <span class='ocrx_word' id='word_1_71' title='bbox 113 1182 147 1247; x_wconf 92' lang='lat' dir='ltr'><strong>in</strong></span> <span class='ocrx_word' id='word_1_72' title='bbox 168 1183 248 1249; x_wconf 92' lang='lat' dir='ltr'><strong>urbe</strong></span> <span class='ocrx_word' id='word_1_73' title='bbox 267 1194 305 1249; x_wconf 83' lang='lat' dir='ltr'><strong>et</strong></span> <span class='ocrx_word' id='word_1_74' title='bbox 330 1206 388 1272; x_wconf 89' lang='lat' dir='ltr'><strong>per</strong></span> <span class='ocrx_word' id='word_1_75' title='bbox 411 1204 502 1271; x_wconf 75' lang='lat' dir='ltr'><strong>agros</strong></span> <span class='ocrx_word' id='word_1_76' title='bbox 532 1192 580 1247; x_wconf 90' lang='lat' dir='ltr'><strong>est</strong></span> <span class='ocrx_word' id='word_1_77' title='bbox 601 1180 694 1248; x_wconf 88' lang='lat' dir='ltr'><strong>facta.</strong></span> <span class='ocrx_word' id='word_1_78' title='bbox 731 1181 838 1271; x_wconf 88' lang='lat' dir='ltr'><strong>plures</strong></span> <span class='ocrx_word' id='word_1_79' title='bbox 867 1204 884 1247; x_wconf 93' lang='lat' dir='ltr'><strong>a</strong></span> <span class='ocrx_word' id='word_1_80' title='bbox 906 1182 1049 1248; x_wconf 89' lang='lat' dir='ltr'><strong>Furianis</strong></span> <span class='ocrx_word' id='word_1_81' title='bbox 1076 1181 1159 1247; x_wconf 89' lang='lat' dir='ltr'><strong>intra</strong></span> 
     </span>
    </p>
   </div>
   <div class='ocr_carea' id='block_1_5' title="bbox 60 1285 1241 1377">
    <p class='ocr_par' dir='ltr' id='par_1_5' title="bbox 60 1285 1241 1377">
     <span class='ocr_line' id='line_1_10' title="bbox 60 1285 1241 1377; baseline -0.001 -25"><span class='ocrx_word' id='word_1_82' title='bbox 60 1287 186 1354; x_wconf 86' lang='lat' dir='ltr'><strong>moenia</strong></span> <span class='ocrx_word' id='word_1_83' title='bbox 210 1287 309 1353; x_wconf 86' lang='lat' dir='ltr'><strong>caesi:</strong></span> <span class='ocrx_word' id='word_1_84' title='bbox 332 1286 491 1377; x_wconf 69' lang='lat' dir='ltr'><strong>Valeriani</strong></span> <span class='ocrx_word' id='word_1_85' title='bbox 514 1287 724 1376; x_wconf 73' lang='lat' dir='ltr'><strong>expeditiores</strong></span> <span class='ocrx_word' id='word_1_86' title='bbox 747 1289 787 1353; x_wconf 89' lang='lat' dir='ltr'><strong>ad</strong></span> <span class='ocrx_word' id='word_1_87' title='bbox 808 1287 1048 1376; x_wconf 83' lang='lat' dir='ltr'><strong>persequendos</strong></span> <span class='ocrx_word' id='word_1_88' title='bbox 1069 1285 1158 1352; x_wconf 82' lang='lat' dir='ltr'><strong>fuere</strong></span> <span class='ocrx_word' id='word_1_89' title='bbox 1239 1362 1241 1367; x_wconf 89' lang='lat'>.</span> 
     </span>
    </p>
   </div>
   <div class='ocr_carea' id='block_1_6' title="bbox 57 1390 1208 2215">
    <p class='ocr_par' dir='ltr' id='par_1_6' title="bbox 57 1390 1207 1774">
     <span class='ocr_line' id='line_1_11' title="bbox 59 1390 1207 1481; baseline -0.001 -22"><span class='ocrx_word' id='word_1_90' title='bbox 59 1416 120 1460; x_wconf 88' lang='lat' dir='ltr'><strong>neo</strong></span> <span class='ocrx_word' id='word_1_91' title='bbox 143 1403 215 1458; x_wconf 86' lang='lat' dir='ltr'><strong>ante</strong></span> <span class='ocrx_word' id='word_1_92' title='bbox 237 1403 376 1474; x_wconf 83' lang='lat' dir='ltr'><strong>noctem,</strong></span> <span class='ocrx_word' id='word_1_93' title='bbox 398 1416 480 1481; x_wconf 88' lang='lat' dir='ltr'><strong>quae</strong></span> <span class='ocrx_word' id='word_1_94' title='bbox 503 1401 711 1481; x_wconf 79' lang='lat' dir='ltr'><strong>conspectum</strong></span> <span class='ocrx_word' id='word_1_95' title='bbox 733 1390 866 1466; x_wconf 79' lang='lat' dir='ltr'><strong>ademit,</strong></span> <span class='ocrx_word' id='word_1_96' title='bbox 887 1391 984 1458; x_wconf 89' lang='lat' dir='ltr'><strong>finem</strong></span> <span class='ocrx_word' id='word_1_97' title='bbox 1006 1390 1159 1459; x_wconf 83' lang='lat' dir='ltr'><strong>caedendi</strong></span> <span class='ocrx_word' id='word_1_98' title='bbox 1171 1402 1207 1458; x_wconf 80' lang='lat' dir='ltr'><strong>to</strong></span> 
     </span>
     <span class='ocr_line' id='line_1_12' title="bbox 61 1492 1159 1586; baseline -0.002 -22"><span class='ocrx_word' id='word_1_99' title='bbox 61 1497 177 1564; x_wconf 84' lang='lat' dir='ltr'><strong>fecere.</strong></span> <span class='ocrx_word' id='word_1_100' title='bbox 216 1497 324 1564; x_wconf 87' lang='lat' dir='ltr'><strong>Sutrio</strong></span> <span class='ocrx_word' id='word_1_101' title='bbox 346 1495 476 1586; x_wconf 79' lang='lat' dir='ltr'><strong>rec&#39;epto</strong></span> <span class='ocrx_word' id='word_1_102' title='bbox 504 1497 713 1585; x_wconf 83' lang='lat' dir='ltr'><strong>restitutoque</strong></span> <span class='ocrx_word' id='word_1_103' title='bbox 740 1495 833 1562; x_wconf 80' lang='lat' dir='ltr'><strong>sociis</strong></span> <span class='ocrx_word' id='word_1_104' title='bbox 854 1495 979 1586; x_wconf 89' lang='lat' dir='ltr'><strong>Nepete</strong></span> <span class='ocrx_word' id='word_1_105' title='bbox 1002 1492 1159 1564; x_wconf 79' lang='lat' dir='ltr'><strong>exereitus</strong></span> 
     </span>
     <span class='ocr_line' id='line_1_13' title="bbox 61 1586 1161 1695; baseline -0.001 -28"><span class='ocrx_word' id='word_1_106' title='bbox 61 1602 191 1686; x_wconf 87' lang='lat' dir='ltr'><strong>ductus,</strong></span> <span class='ocrx_word' id='word_1_107' title='bbox 220 1603 308 1692; x_wconf 90' lang='lat' dir='ltr'><strong>qnod</strong></span> <span class='ocrx_word' id='word_1_108' title='bbox 329 1627 387 1695; x_wconf 91' lang='lat' dir='ltr'><strong>per</strong></span> <span class='ocrx_word' id='word_1_109' title='bbox 411 1600 604 1669; x_wconf 85' lang='lat' dir='ltr'><strong>deditionem</strong></span> <span class='ocrx_word' id='word_1_110' title='bbox 625 1586 797 1689; x_wconf 85' lang='lat' dir='ltr'><strong>acceptum</strong></span> <span class='ocrx_word' id='word_1_111' title='bbox 819 1600 883 1666; x_wconf 90' lang='lat' dir='ltr'><strong>iam</strong></span> <span class='ocrx_word' id='word_1_112' title='bbox 911 1613 1015 1668; x_wconf 87' lang='lat' dir='ltr'><strong>totum</strong></span> <span class='ocrx_word' id='word_1_113' title='bbox 1034 1599 1161 1668; x_wconf 75' lang='lat' dir='ltr'><strong>Euruoi</strong></span> 
     </span>
     <span class='ocr_line' id='line_1_14' title="bbox 57 1705 231 1774; baseline 0.006 -2"><span class='ocrx_word' id='word_1_114' title='bbox 57 1705 231 1774; x_wconf 86' lang='lat' dir='ltr'><strong>habebant.</strong></span> 
     </span>
    </p>

    <p class='ocr_par' dir='ltr' id='par_1_7' title="bbox 61 1800 1208 2215">
     <span class='ocr_line' id='line_1_15' title="bbox 150 1800 1161 1900; baseline -0.003 -24"><span class='ocrx_word' id='word_1_115' title='bbox 150 1800 194 1876; x_wconf 76' lang='grc' dir='ltr'><strong>Χ.</strong></span> <span class='ocrx_word' id='word_1_116' title='bbox 237 1804 413 1877; x_wconf 78' lang='lat' dir='ltr'><strong>Videbatur</strong></span> <span class='ocrx_word' id='word_1_117' title='bbox 433 1812 506 1900; x_wconf 93' lang='lat' dir='ltr'><strong>plus</strong></span> <span class='ocrx_word' id='word_1_118' title='bbox 526 1812 560 1875; x_wconf 92' lang='lat' dir='ltr'><strong>in</strong></span> <span class='ocrx_word' id='word_1_119' title='bbox 581 1833 619 1877; x_wconf 88' lang='lat' dir='ltr'><strong>ea</strong></span> <span class='ocrx_word' id='word_1_120' title='bbox 641 1809 720 1876; x_wconf 88' lang='lat' dir='ltr'><strong>urbe</strong></span> <span class='ocrx_word' id='word_1_121' title='bbox 741 1808 920 1900; x_wconf 84' lang='lat' dir='ltr'><strong>recipienda</strong></span> <span class='ocrx_word' id='word_1_122' title='bbox 942 1807 1060 1875; x_wconf 89' lang='lat' dir='ltr'><strong>laboris</strong></span> <span class='ocrx_word' id='word_1_123' title='bbox 1082 1807 1161 1890; x_wconf 82' lang='lat' dir='ltr'><strong>fore,</strong></span> 
     </span>
     <span class='ocr_line' id='line_1_16' title="bbox 61 1913 1208 2003; baseline -0.003 -23"><span class='ocrx_word' id='word_1_124' title='bbox 61 1915 184 1981; x_wconf 91' lang='lat' dir='ltr'><strong>nonin</strong></span> <span class='ocrx_word' id='word_1_125' title='bbox 207 1939 246 1981; x_wconf 86' lang='lat' dir='ltr'><strong>oo</strong></span> <span class='ocrx_word' id='word_1_126' title='bbox 269 1914 376 1980; x_wconf 88' lang='lat' dir='ltr'><strong>solnm</strong></span> <span class='ocrx_word' id='word_1_127' title='bbox 397 1916 483 2003; x_wconf 91' lang='lat' dir='ltr'><strong>quod</strong></span> <span class='ocrx_word' id='word_1_128' title='bbox 506 1927 574 1981; x_wconf 88' lang='lat' dir='ltr'><strong>tota</strong></span> <span class='ocrx_word' id='word_1_129' title='bbox 600 1914 741 1980; x_wconf 86' lang='lat' dir='ltr'><strong>hostium</strong></span> <span class='ocrx_word' id='word_1_130' title='bbox 768 1925 847 1996; x_wconf 85' lang='lat' dir='ltr'><strong>erat,</strong></span> <span class='ocrx_word' id='word_1_131' title='bbox 875 1916 932 1980; x_wconf 88' lang='lat' dir='ltr'><strong>sed</strong></span> <span class='ocrx_word' id='word_1_132' title='bbox 955 1913 1051 1981; x_wconf 86' lang='lat' dir='ltr'><strong>etiam</strong></span> <span class='ocrx_word' id='word_1_133' title='bbox 1073 1913 1162 2002; x_wconf 87' lang='lat' dir='ltr'><strong>quod</strong></span> <span class='ocrx_word' id='word_1_134' title='bbox 1173 1922 1208 1977; x_wconf 76' lang='lat'><strong>15</strong></span> 
     </span>
     <span class='ocr_line' id='line_1_17' title="bbox 61 2017 1162 2109; baseline -0.001 -25"><span class='ocrx_word' id='word_1_135' title='bbox 61 2031 155 2109; x_wconf 89' lang='lat' dir='ltr'><strong>parte</strong></span> <span class='ocrx_word' id='word_1_136' title='bbox 182 2018 418 2109; x_wconf 87' lang='lat' dir='ltr'><strong>Nepesinorum</strong></span> <span class='ocrx_word' id='word_1_137' title='bbox 438 2018 604 2108; x_wconf 87' lang='lat' dir='ltr'><strong>prodente</strong></span> <span class='ocrx_word' id='word_1_138' title='bbox 639 2018 798 2083; x_wconf 86' lang='lat' dir='ltr'><strong>civitatem</strong></span> <span class='ocrx_word' id='word_1_139' title='bbox 825 2018 908 2083; x_wconf 83' lang='lat' dir='ltr'><strong>facta</strong></span> <span class='ocrx_word' id='word_1_140' title='bbox 936 2028 1004 2082; x_wconf 87' lang='lat' dir='ltr'><strong>erat</strong></span> <span class='ocrx_word' id='word_1_141' title='bbox 1034 2017 1162 2083; x_wconf 85' lang='lat' dir='ltr'><strong>deditio.</strong></span> 
     </span>
     <span class='ocr_line' id='line_1_18' title="bbox 61 2120 1163 2215; baseline -0.004 -25"><span class='ocrx_word' id='word_1_142' title='bbox 61 2123 145 2190; x_wconf 87' lang='lat' dir='ltr'><strong>mitti</strong></span> <span class='ocrx_word' id='word_1_143' title='bbox 167 2134 275 2190; x_wconf 88' lang='lat' dir='ltr'><strong>tamen</strong></span> <span class='ocrx_word' id='word_1_144' title='bbox 298 2125 338 2189; x_wconf 87' lang='lat' dir='ltr'><strong>ad</strong></span> <span class='ocrx_word' id='word_1_145' title='bbox 359 2122 517 2215; x_wconf 83' lang='lat' dir='ltr'><strong>principes</strong></span> <span class='ocrx_word' id='word_1_146' title='bbox 545 2145 658 2190; x_wconf 87' lang='lat' dir='ltr'><strong>eorum</strong></span> <span class='ocrx_word' id='word_1_147' title='bbox 684 2120 816 2211; x_wconf 81' lang='lat' dir='ltr'><strong>placuit,</strong></span> <span class='ocrx_word' id='word_1_148' title='bbox 842 2133 879 2188; x_wconf 88' lang='lat' dir='ltr'><strong>ut</strong></span> <span class='ocrx_word' id='word_1_149' title='bbox 905 2131 1108 2187; x_wconf 77' lang='lat' dir='ltr'><strong>secernerent</strong></span> <span class='ocrx_word' id='word_1_150' title='bbox 1128 2143 1163 2186; x_wconf 87' lang='lat' dir='ltr'><strong>se</strong></span> 
     </span>
    </p>
   </div>
   <div class='ocr_carea' id='block_1_7' title="bbox 134 2339 1164 2594">
    <p class='ocr_par' dir='ltr' id='par_1_8' title="bbox 134 2339 1164 2594">
     <span class='ocr_line' id='line_1_19' title="bbox 134 2339 1162 2420; baseline -0.003 -20"><span class='ocrx_word' id='word_1_151' title='bbox 134 2342 241 2400; x_wconf 80' lang='lat' dir='ltr'><strong>moenia</strong></span> <span class='ocrx_word' id='word_1_152' title='bbox 259 2343 316 2402; x_wconf 82' lang='lat' dir='ltr'><strong>eius</strong></span> <span class='ocrx_word' id='word_1_153' title='bbox 334 2342 418 2420; x_wconf 86' lang='lat' dir='ltr'><strong>partis</strong></span> <span class='ocrx_word' id='word_1_154' title='bbox 432 2361 511 2418; x_wconf 85' lang='lat' dir='ltr'><strong>quam</strong></span> <span class='ocrx_word' id='word_1_155' title='bbox 529 2341 579 2397; x_wconf 90' lang='lat' dir='ltr'><strong>ho·</strong></span> <span class='ocrx_word' id='word_1_156' title='bbox 719 2339 747 2399; x_wconf 99' lang='grc' dir='ltr'><strong>Μ</strong></span> <span class='ocrx_word' id='word_1_157' title='bbox 764 2361 800 2402; x_wconf 91' lang='lat' dir='ltr'><strong>m.</strong></span> <span class='ocrx_word' id='word_1_158' title='bbox 819 2345 857 2401; x_wconf 89' lang='lat'><strong>1.:</strong></span> <span class='ocrx_word' id='word_1_159' title='bbox 875 2351 903 2398; x_wconf 84' lang='lat' dir='ltr'><strong>et</strong></span> <span class='ocrx_word' id='word_1_160' title='bbox 919 2361 969 2418; x_wconf 85' lang='lat' dir='ltr'><strong>per</strong></span> <span class='ocrx_word' id='word_1_161' title='bbox 985 2360 1057 2418; x_wconf 81' lang='lat' dir='ltr'><strong>agro.</strong></span> <span class='ocrx_word' id='word_1_162' title='bbox 1070 2373 1104 2384; x_wconf 95' lang='lat'><em>-</em></span> <span class='ocrx_word' id='word_1_163' title='bbox 1119 2339 1162 2397; x_wconf 82' lang='lat' dir='ltr'><strong>ll:</strong></span> 
     </span>
     <span class='ocr_line' id='line_1_20' title="bbox 134 2429 920 2505; baseline 0 -18"><span class='ocrx_word' id='word_1_164' title='bbox 134 2441 189 2488; x_wconf 74' lang='lat' dir='ltr'><strong>stes</strong></span> <span class='ocrx_word' id='word_1_165' title='bbox 207 2439 328 2485; x_wconf 84' lang='lat' dir='ltr'><strong>tenerent</strong></span> <span class='ocrx_word' id='word_1_166' title='bbox 340 2429 446 2505; x_wconf 82' lang='lat' dir='ltr'><strong>aggredi</strong></span> <span class='ocrx_word' id='word_1_167' title='bbox 459 2432 578 2498; x_wconf 81' lang='lat' dir='ltr'><strong>iussisse,</strong></span> <span class='ocrx_word' id='word_1_168' title='bbox 719 2450 813 2505; x_wconf 76' lang='lat' dir='ltr'><strong>magna</strong></span> <span class='ocrx_word' id='word_1_169' title='bbox 831 2430 920 2488; x_wconf 84' lang='lat' dir='ltr'><strong>cedes.</strong></span> 
     </span>
     <span class='ocr_line' id='line_1_21' title="bbox 134 2515 1164 2594; baseline -0.001 -19"><span class='ocrx_word' id='word_1_170' title='bbox 134 2539 189 2575; x_wconf 88' lang='lat' dir='ltr'><strong>non</strong></span> <span class='ocrx_word' id='word_1_171' title='bbox 202 2516 275 2594; x_wconf 87' lang='lat' dir='ltr'><strong>quod</strong></span> <span class='ocrx_word' id='word_1_172' title='bbox 288 2515 335 2572; x_wconf 94' lang='lat' dir='ltr'><strong>illo</strong></span> <span class='ocrx_word' id='word_1_173' title='bbox 347 2520 516 2594; x_wconf 85' lang='lat' dir='ltr'><strong>potissimum</strong></span> <span class='ocrx_word' id='word_1_174' title='bbox 528 2520 577 2573; x_wconf 89' lang='lat' dir='ltr'><strong>im·</strong></span> <span class='ocrx_word' id='word_1_175' title='bbox 650 2517 693 2577; x_wconf 88' lang='lat'><strong>11.</strong></span> <span class='ocrx_word' id='word_1_176' title='bbox 720 2517 832 2591; x_wconf 80' lang='lat' dir='ltr'><strong>Nepete</strong></span> <span class='ocrx_word' id='word_1_177' title='bbox 863 2520 1011 2574; x_wconf 81' lang='lat' dir='ltr'><strong>exercitus</strong></span> <span class='ocrx_word' id='word_1_178' title='bbox 1041 2519 1164 2574; x_wconf 69' lang='lat' dir='ltr'><strong>dedus:</strong></span> 
     </span>
    </p>
   </div>
   <div class='ocr_carea' id='block_1_8' title="bbox 135 2597 1247 2770">
    <p class='ocr_par' dir='ltr' id='par_1_9' title="bbox 135 2597 1247 2770">
     <span class='ocr_line' id='line_1_22' title="bbox 135 2597 1223 2682; baseline -0.001 -23"><span class='ocrx_word' id='word_1_179' title='bbox 135 2614 199 2682; x_wconf 84' lang='lat' dir='ltr'><strong>petn</strong></span> <span class='ocrx_word' id='word_1_180' title='bbox 221 2603 315 2660; x_wconf 86' lang='lat' dir='ltr'><strong>urbem</strong></span> <span class='ocrx_word' id='word_1_181' title='bbox 338 2607 397 2681; x_wconf 87' lang='lat' dir='ltr'><strong>capi</strong></span> <span class='ocrx_word' id='word_1_182' title='bbox 415 2603 507 2672; x_wconf 85' lang='lat' dir='ltr'><strong>vellet,</strong></span> <span class='ocrx_word' id='word_1_183' title='bbox 528 2603 578 2660; x_wconf 85' lang='lat' dir='ltr'><strong>sed</strong></span> <span class='ocrx_word' id='word_1_184' title='bbox 720 2603 776 2660; x_wconf 84' lang='grc' dir='ltr'><strong>ΡΜ.</strong></span> <span class='ocrx_word' id='word_1_185' title='bbox 793 2638 827 2647; x_wconf 97' lang='grc'><strong>-</strong></span> <span class='ocrx_word' id='word_1_186' title='bbox 845 2604 925 2662; x_wconf 79' lang='lat' dir='ltr'><strong>Reor.</strong></span> <span class='ocrx_word' id='word_1_187' title='bbox 944 2606 1053 2681; x_wconf 89' lang='lat' dir='ltr'><strong>quidam</strong></span> <span class='ocrx_word' id='word_1_188' title='bbox 1071 2604 1166 2662; x_wconf 82' lang='lat' dir='ltr'><strong>codd:</strong></span> <span class='ocrx_word' id='word_1_189' title='bbox 1217 2597 1223 2603; x_wconf 48' lang='lat'>⁵</span> 
     </span>
     <span class='ocr_line' id='line_1_23' title="bbox 136 2690 1247 2770; baseline 0.004 -23"><span class='ocrx_word' id='word_1_190' title='bbox 136 2690 166 2748; x_wconf 84' lang='lat' dir='ltr'><strong>ut</strong></span> <span class='ocrx_word' id='word_1_191' title='bbox 183 2693 220 2747; x_wconf 88' lang='lat' dir='ltr'><strong>ita</strong></span> <span class='ocrx_word' id='word_1_192' title='bbox 237 2690 329 2747; x_wconf 83' lang='lat' dir='ltr'><strong>hostes</strong></span> <span class='ocrx_word' id='word_1_193' title='bbox 348 2711 406 2746; x_wconf 87' lang='lat' dir='ltr'><strong>ase</strong></span> <span class='ocrx_word' id='word_1_194' title='bbox 418 2711 520 2768; x_wconf 88' lang='lat' dir='ltr'><strong>suoque</strong></span> <span class='ocrx_word' id='word_1_195' title='bbox 537 2694 579 2748; x_wconf 88' lang='lat' dir='ltr'><strong>in·</strong></span> <span class='ocrx_word' id='word_1_196' title='bbox 721 2691 831 2766; x_wconf 78' lang='lat' dir='ltr'><strong>Nepet:</strong></span> <span class='ocrx_word' id='word_1_197' title='bbox 854 2701 884 2748; x_wconf 89' lang='lat' dir='ltr'><strong>ut</strong></span> <span class='ocrx_word' id='word_1_198' title='bbox 901 2692 981 2770; x_wconf 84' lang='lat' dir='ltr'><strong>paulo</strong></span> <span class='ocrx_word' id='word_1_199' title='bbox 1001 2703 1069 2749; x_wconf 85' lang='lat' dir='ltr'><strong>ante.</strong></span> <span class='ocrx_word' id='word_1_200' title='bbox 1088 2715 1122 2734; x_wconf 95' lang='grc'><strong>-·</strong></span> <span class='ocrx_word' id='word_1_201' title='bbox 1143 2690 1166 2747; x_wconf 87' lang='grc' dir='ltr'><strong>Ρ</strong></span> <span class='ocrx_word' id='word_1_202' title='bbox 1244 2746 1247 2751; x_wconf 95' lang='grc'><strong>.</strong></span> 
     </span>
    </p>
   </div>
   <div class='ocr_carea' id='block_1_9' title="bbox 1263 284 1295 299">
    <p class='ocr_par' dir='ltr' id='par_1_10' title="bbox 1263 284 1295 299">
     <span class='ocr_line' id='line_1_24' title="bbox 1263 284 1295 299; baseline 0 -4"><span class='ocrx_word' id='word_1_203' title='bbox 1263 284 1295 299; x_wconf 71' lang='lat' dir='ltr'><strong>p·-</strong></span> 
     </span>
    </p>
   </div>
   <div class='ocr_carea' id='block_1_10' title="bbox 112 2778 1269 2857">
    <p class='ocr_par' dir='ltr' id='par_1_11' title="bbox 112 2778 1269 2857">
     <span class='ocr_line' id='line_1_25' title="bbox 112 2778 1269 2857; baseline -0.003 -21"><span class='ocrx_word' id='word_1_204' title='bbox 112 2827 119 2836; x_wconf 79' lang='grc'><strong>,,</strong></span> <span class='ocrx_word' id='word_1_205' title='bbox 137 2799 215 2836; x_wconf 87' lang='lat' dir='ltr'><strong>eursu</strong></span> <span class='ocrx_word' id='word_1_206' title='bbox 234 2788 425 2838; x_wconf 81' lang='lat' dir='ltr'><strong>averterentur.</strong></span> <span class='ocrx_word' id='word_1_207' title='bbox 452 2810 483 2821; x_wconf 94' lang='lat'><strong>·-</strong></span> <span class='ocrx_word' id='word_1_208' title='bbox 505 2778 581 2838; x_wconf 89' lang='lat' dir='ltr'><strong>Pru.</strong></span> <span class='ocrx_word' id='word_1_209' title='bbox 643 2798 647 2803; x_wconf 85' lang='lat'>·</span> <span class='ocrx_word' id='word_1_210' title='bbox 722 2799 757 2836; x_wconf 90' lang='lat' dir='ltr'><strong>m.</strong></span> <span class='ocrx_word' id='word_1_211' title='bbox 778 2782 817 2839; x_wconf 84' lang='lat'><strong>1.:</strong></span> <span class='ocrx_word' id='word_1_212' title='bbox 836 2780 1022 2857; x_wconf 82' lang='lat' dir='ltr'><strong>perditionem.</strong></span> <span class='ocrx_word' id='word_1_213' title='bbox 1045 2779 1120 2837; x_wconf 89' lang='lat' dir='ltr'><strong>Pm.</strong></span> <span class='ocrx_word' id='word_1_214' title='bbox 1138 2781 1164 2835; x_wconf 68' lang='lat'><strong>2.</strong></span> <span class='ocrx_word' id='word_1_215' title='bbox 1264 2808 1269 2815; x_wconf 91' lang='lat'>-</span> 
     </span>
    </p>
   </div>
   <div class='ocr_carea' id='block_1_11' title="bbox 136 2863 1168 3125">
    <p class='ocr_par' dir='ltr' id='par_1_12' title="bbox 136 2863 1168 3125">
     <span class='ocr_line' id='line_1_26' title="bbox 138 2863 1025 2941; baseline -0.003 -18"><span class='ocrx_word' id='word_1_216' title='bbox 138 2870 175 2924; x_wconf 80' lang='lat'><strong>1.:</strong></span> <span class='ocrx_word' id='word_1_217' title='bbox 195 2866 273 2922; x_wconf 82' lang='lat' dir='ltr'><strong>fessis</strong></span> <span class='ocrx_word' id='word_1_218' title='bbox 286 2887 317 2921; x_wconf 86' lang='lat' dir='ltr'><strong>eo</strong></span> <span class='ocrx_word' id='word_1_219' title='bbox 330 2866 453 2922; x_wconf 87' lang='lat' dir='ltr'><strong>hostibus</strong></span> <span class='ocrx_word' id='word_1_220' title='bbox 462 2865 582 2924; x_wconf 86' lang='lat' dir='ltr'><strong>laxaren·</strong></span> <span class='ocrx_word' id='word_1_221' title='bbox 722 2863 764 2920; x_wconf 80' lang='lat' dir='ltr'><strong>ld:</strong></span> <span class='ocrx_word' id='word_1_222' title='bbox 787 2884 835 2941; x_wconf 92' lang='lat' dir='ltr'><strong>per</strong></span> <span class='ocrx_word' id='word_1_223' title='bbox 854 2865 1025 2920; x_wconf 87' lang='lat' dir='ltr'><strong>deditionem.</strong></span> 
     </span>
     <span class='ocr_line' id='line_1_27' title="bbox 137 2951 1168 3024; baseline 0 -16"><span class='ocrx_word' id='word_1_224' title='bbox 137 2961 181 3009; x_wconf 87' lang='lat' dir='ltr'><strong>tur</strong></span> <span class='ocrx_word' id='word_1_225' title='bbox 198 2952 282 3009; x_wconf 86' lang='lat' dir='ltr'><strong>labor.</strong></span> <span class='ocrx_word' id='word_1_226' title='bbox 301 2973 336 3016; x_wconf 87' lang='lat' dir='ltr'><strong>m.</strong></span> <span class='ocrx_word' id='word_1_227' title='bbox 356 2955 395 3011; x_wconf 53' lang='grc' dir='ltr'><strong>ΡΛ</strong></span> <span class='ocrx_word' id='word_1_228' title='bbox 414 2952 492 3009; x_wconf 86' lang='lat' dir='ltr'><strong>fessis</strong></span> <span class='ocrx_word' id='word_1_229' title='bbox 510 2951 582 3008; x_wconf 85' lang='lat' dir='ltr'><strong>laxa·</strong></span> <span class='ocrx_word' id='word_1_230' title='bbox 654 2952 697 3009; x_wconf 72' lang='lat'><strong>14.</strong></span> <span class='ocrx_word' id='word_1_231' title='bbox 725 2951 881 3007; x_wconf 81' lang='lat' dir='ltr'><strong>uidebatur</strong></span> <span class='ocrx_word' id='word_1_232' title='bbox 900 2953 970 3024; x_wconf 82' lang='lat' dir='ltr'><strong>plus</strong></span> <span class='ocrx_word' id='word_1_233' title='bbox 994 2954 1024 3006; x_wconf 85' lang='lat' dir='ltr'><strong>in</strong></span> <span class='ocrx_word' id='word_1_234' title='bbox 1043 2972 1079 3008; x_wconf 85' lang='lat' dir='ltr'><strong>ea</strong></span> <span class='ocrx_word' id='word_1_235' title='bbox 1097 2951 1168 3008; x_wconf 79' lang='lat' dir='ltr'><strong>urhe</strong></span> 
     </span>
     <span class='ocr_line' id='line_1_28' title="bbox 136 3037 1167 3125; baseline -0.002 -29"><span class='ocrx_word' id='word_1_236' title='bbox 136 3051 212 3097; x_wconf 86' lang='lat' dir='ltr'><strong>retur</strong></span> <span class='ocrx_word' id='word_1_237' title='bbox 228 3041 321 3125; x_wconf 74' lang='lat' dir='ltr'><strong>labor.¹</strong></span> <span class='ocrx_word' id='word_1_238' title='bbox 639 3074 641 3079; x_wconf 92' lang='lat'>·</span> <span class='ocrx_word' id='word_1_239' title='bbox 724 3037 1109 3112; x_wconf 80' lang='lat' dir='ltr'><strong>recipiendaloboriafore:</strong></span> <span class='ocrx_word' id='word_1_240' title='bbox 1127 3037 1167 3095; x_wconf 77' lang='lat' dir='ltr'><strong>lla</strong></span> 
     </span>
    </p>
   </div>
   <div class='ocr_carea' id='block_1_12' title="bbox 33 3171 588 3929">
    <p class='ocr_par' dir='ltr' id='par_1_13' title="bbox 83 3171 583 3330">
     <span class='ocr_line' id='line_1_29' title="bbox 83 3171 583 3249; baseline -0.002 -20"><span class='ocrx_word' id='word_1_241' title='bbox 83 3175 113 3232; x_wconf 86' lang='grc'><strong>3.</strong></span> <span class='ocrx_word' id='word_1_242' title='bbox 142 3171 307 3249; x_wconf 83' lang='lat' dir='ltr'><strong>quodcum</strong></span> <span class='ocrx_word' id='word_1_243' title='bbox 324 3173 416 3229; x_wconf 78' lang='lat' dir='ltr'><strong>simul</strong></span> <span class='ocrx_word' id='word_1_244' title='bbox 436 3174 583 3249; x_wconf 79' lang='lat' dir='ltr'><strong>utrimque</strong></span> 
     </span>
     <span class='ocr_line' id='line_1_30' title="bbox 133 3257 583 3330; baseline 0.007 -16"><span class='ocrx_word' id='word_1_245' title='bbox 133 3257 253 3330; x_wconf 78' lang='lat' dir='ltr'><strong>factum</strong></span> <span class='ocrx_word' id='word_1_246' title='bbox 263 3269 356 3317; x_wconf 82' lang='lat' dir='ltr'><strong>esset:</strong></span> <span class='ocrx_word' id='word_1_247' title='bbox 367 3259 422 3316; x_wconf 90' lang='lat' dir='ltr'><strong>Plll.</strong></span> <span class='ocrx_word' id='word_1_248' title='bbox 435 3291 470 3303; x_wconf 91' lang='lat'><strong>·-</strong></span> <span class='ocrx_word' id='word_1_249' title='bbox 479 3259 552 3316; x_wconf 83' lang='lat' dir='ltr'><strong>Harl.</strong></span> <span class='ocrx_word' id='word_1_250' title='bbox 565 3278 583 3318; x_wconf 88' lang='lat'><strong>1.</strong></span> 
     </span>
    </p>

    <p class='ocr_par' dir='ltr' id='par_1_14' title="bbox 141 3343 585 3424">
     <span class='ocr_line' id='line_1_31' title="bbox 141 3343 585 3424; baseline -0.002 -23"><span class='ocrx_word' id='word_1_251' title='bbox 141 3343 218 3404; x_wconf 71' lang='lat' dir='ltr'><strong>Laid.</strong></span> <span class='ocrx_word' id='word_1_252' title='bbox 235 3367 265 3403; x_wconf 70' lang='grc' dir='ltr'>ω</span> <span class='ocrx_word' id='word_1_253' title='bbox 283 3349 398 3424; x_wconf 85' lang='lat' dir='ltr'><strong>utrique.</strong></span> <span class='ocrx_word' id='word_1_254' title='bbox 411 3346 480 3402; x_wconf 90' lang='lat' dir='ltr'><strong>-P</strong></span> <span class='ocrx_word' id='word_1_255' title='bbox 497 3349 585 3405; x_wconf 80' lang='lat' dir='ltr'><strong>m.1.:</strong></span> 
     </span>
    </p>

    <p class='ocr_par' dir='ltr' id='par_1_15' title="bbox 141 3433 586 3510">
     <span class='ocr_line' id='line_1_32' title="bbox 141 3433 586 3510; baseline 0.004 -24"><span class='ocrx_word' id='word_1_256' title='bbox 141 3440 219 3508; x_wconf 88' lang='lat' dir='ltr'><strong>porta</strong></span> <span class='ocrx_word' id='word_1_257' title='bbox 238 3452 270 3490; x_wconf 84' lang='lat' dir='ltr'><strong>re</strong></span> <span class='ocrx_word' id='word_1_258' title='bbox 288 3456 355 3510; x_wconf 82' lang='lat' dir='ltr'><strong>quaa</strong></span> <span class='ocrx_word' id='word_1_259' title='bbox 372 3455 426 3489; x_wconf 85' lang='lat' dir='ltr'><strong>uua</strong></span> <span class='ocrx_word' id='word_1_260' title='bbox 443 3433 513 3489; x_wconf 81' lang='lat' dir='ltr'><strong>sorte</strong></span> <span class='ocrx_word' id='word_1_261' title='bbox 530 3452 586 3488; x_wconf 91' lang='lat' dir='ltr'><strong>non</strong></span> 
     </span>
    </p>

    <p class='ocr_par' dir='ltr' id='par_1_16' title="bbox 33 3517 587 3772">
     <span class='ocr_line' id='line_1_33' title="bbox 33 3517 587 3596; baseline 0.004 -23"><span class='ocrx_word' id='word_1_262' title='bbox 33 3528 41 3537; x_wconf 85' lang='lat'><strong><em>‘</em></strong></span> <span class='ocrx_word' id='word_1_263' title='bbox 142 3517 587 3596; x_wconf 81' lang='lat' dir='ltr'><strong>obsidebaturtrepidiunoagmino</strong></span> 
     </span>
     <span class='ocr_line' id='line_1_34' title="bbox 48 3605 587 3682; baseline -0.004 -17"><span class='ocrx_word' id='word_1_264' title='bbox 48 3624 52 3632; x_wconf 90' lang='lat'>&#39;</span> <span class='ocrx_word' id='word_1_265' title='bbox 142 3607 245 3665; x_wconf 82' lang='lat' dir='ltr'><strong>eicere.</strong></span> <span class='ocrx_word' id='word_1_266' title='bbox 264 3605 536 3682; x_wconf 68' lang='lat' dir='ltr'><strong>Pm.2.ll1:porta</strong></span> <span class='ocrx_word' id='word_1_267' title='bbox 553 3627 587 3664; x_wconf 78' lang='lat' dir='ltr'><strong>ae</strong></span> 
     </span>
     <span class='ocr_line' id='line_1_35' title="bbox 143 3691 587 3772; baseline 0.002 -22"><span class='ocrx_word' id='word_1_268' title='bbox 143 3723 177 3735; x_wconf 92' lang='lat'><strong>—-</strong></span> <span class='ocrx_word' id='word_1_269' title='bbox 188 3696 305 3753; x_wconf 82' lang='lat' dir='ltr'><strong>eiecere.</strong></span> <span class='ocrx_word' id='word_1_270' title='bbox 324 3725 358 3736; x_wconf 96' lang='lat'>-</span> <span class='ocrx_word' id='word_1_271' title='bbox 376 3691 453 3752; x_wconf 78' lang='lat' dir='ltr'><strong>Leid.</strong></span> <span class='ocrx_word' id='word_1_272' title='bbox 467 3715 499 3754; x_wconf 75' lang='lat' dir='ltr'><strong>n:</strong></span> <span class='ocrx_word' id='word_1_273' title='bbox 519 3715 587 3772; x_wconf 82' lang='lat' dir='ltr'><strong>quae</strong></span> 
     </span>
    </p>

    <p class='ocr_par' dir='ltr' id='par_1_17' title="bbox 142 3778 588 3929">
     <span class='ocr_line' id='line_1_36' title="bbox 142 3778 585 3858; baseline -0.002 -20"><span class='ocrx_word' id='word_1_274' title='bbox 142 3801 196 3838; x_wconf 85' lang='lat' dir='ltr'><strong>una</strong></span> <span class='ocrx_word' id='word_1_275' title='bbox 214 3780 296 3840; x_wconf 83' lang='lat' dir='ltr'><strong>fonte.</strong></span> <span class='ocrx_word' id='word_1_276' title='bbox 314 3778 388 3838; x_wconf 89' lang='lat' dir='ltr'><strong>Harl.</strong></span> <span class='ocrx_word' id='word_1_277' title='bbox 400 3800 429 3839; x_wconf 86' lang='lat' dir='ltr'><strong>r.:</strong></span> <span class='ocrx_word' id='word_1_278' title='bbox 449 3802 516 3858; x_wconf 82' lang='lat' dir='ltr'><strong>quae</strong></span> <span class='ocrx_word' id='word_1_279' title='bbox 533 3800 585 3838; x_wconf 89' lang='lat' dir='ltr'><strong>una</strong></span> 
     </span>
     <span class='ocr_line' id='line_1_37' title="bbox 143 3866 588 3929; baseline -0.002 -5"><span class='ocrx_word' id='word_1_280' title='bbox 143 3867 240 3926; x_wconf 74' lang='lat' dir='ltr'><strong>fronte.</strong></span> <span class='ocrx_word' id='word_1_281' title='bbox 259 3900 294 3912; x_wconf 90' lang='lat'><strong>--</strong></span> <span class='ocrx_word' id='word_1_282' title='bbox 316 3866 513 3929; x_wconf 84' lang='lat' dir='ltr'><strong>Leid.1&#39;.:uno</strong></span> <span class='ocrx_word' id='word_1_283' title='bbox 534 3877 588 3923; x_wconf 81' lang='lat' dir='ltr'><strong>tre·</strong></span> 
     </span>
    </p>
   </div>
   <div class='ocr_carea' id='block_1_13' title="bbox 724 3212 1172 3549">
    <p class='ocr_par' dir='ltr' id='par_1_18' title="bbox 724 3212 1172 3549">
     <span class='ocr_line' id='line_1_38' title="bbox 724 3212 1168 3290; baseline 0.002 -22"><span class='ocrx_word' id='word_1_284' title='bbox 724 3212 900 3268; x_wconf 78' lang='lat' dir='ltr'><strong>uidebantur</strong></span> <span class='ocrx_word' id='word_1_285' title='bbox 917 3216 1004 3290; x_wconf 94' lang='lat' dir='ltr'><strong>primo</strong></span> <span class='ocrx_word' id='word_1_286' title='bbox 1027 3213 1110 3269; x_wconf 85' lang='lat' dir='ltr'><strong>luisse</strong></span> <span class='ocrx_word' id='word_1_287' title='bbox 1127 3216 1168 3269; x_wconf 82' lang='lat' dir='ltr'><strong>vi·</strong></span> 
     </span>
     <span class='ocr_line' id='line_1_39' title="bbox 725 3299 1170 3375; baseline 0 -21"><span class='ocrx_word' id='word_1_288' title='bbox 725 3299 811 3357; x_wconf 90' lang='lat' dir='ltr'><strong>detur.</strong></span> <span class='ocrx_word' id='word_1_289' title='bbox 827 3329 863 3342; x_wconf 89' lang='lat'><em>-</em></span> <span class='ocrx_word' id='word_1_290' title='bbox 879 3299 914 3356; x_wconf 89' lang='lat' dir='ltr'><strong>P:</strong></span> <span class='ocrx_word' id='word_1_291' title='bbox 932 3301 1092 3356; x_wconf 88' lang='lat' dir='ltr'><strong>uidebantur</strong></span> <span class='ocrx_word' id='word_1_292' title='bbox 1108 3299 1170 3375; x_wconf 83' lang='lat' dir='ltr'><strong>plus</strong></span> 
     </span>
     <span class='ocr_line' id='line_1_40' title="bbox 725 3385 1170 3460; baseline 0 -18"><span class='ocrx_word' id='word_1_293' title='bbox 725 3388 754 3442; x_wconf 93' lang='lat' dir='ltr'><strong>in</strong></span> <span class='ocrx_word' id='word_1_294' title='bbox 773 3405 803 3440; x_wconf 80' lang='lat' dir='ltr'><strong>ea</strong></span> <span class='ocrx_word' id='word_1_295' title='bbox 821 3386 975 3460; x_wconf 86' lang='lat' dir='ltr'><strong>recipienda</strong></span> <span class='ocrx_word' id='word_1_296' title='bbox 995 3396 1045 3443; x_wconf 86' lang='lat' dir='ltr'><strong>cet.</strong></span> <span class='ocrx_word' id='word_1_297' title='bbox 1064 3417 1098 3428; x_wconf 95' lang='lat'>-</span> <span class='ocrx_word' id='word_1_298' title='bbox 1122 3385 1170 3442; x_wconf 91' lang='grc' dir='ltr'><strong>ΡΜ</strong></span> 
     </span>
     <span class='ocr_line' id='line_1_41' title="bbox 727 3470 1172 3549; baseline 0.007 -21"><span class='ocrx_word' id='word_1_299' title='bbox 727 3470 798 3528; x_wconf 86' lang='lat' dir='ltr'><strong>rell:</strong></span> <span class='ocrx_word' id='word_1_300' title='bbox 816 3492 876 3529; x_wconf 85' lang='lat' dir='ltr'><strong>non</strong></span> <span class='ocrx_word' id='word_1_301' title='bbox 889 3473 920 3527; x_wconf 83' lang='lat' dir='ltr'><strong>in</strong></span> <span class='ocrx_word' id='word_1_302' title='bbox 933 3492 966 3528; x_wconf 90' lang='lat' dir='ltr'><strong>eo</strong></span> <span class='ocrx_word' id='word_1_303' title='bbox 980 3475 1077 3529; x_wconf 80' lang='lat' dir='ltr'><strong>solum</strong></span> <span class='ocrx_word' id='word_1_304' title='bbox 1090 3474 1172 3549; x_wconf 77' lang='lat' dir='ltr'><strong>quod</strong></span> 
     </span>
    </p>
   </div>
   <div class='ocr_carea' id='block_1_14' title="bbox 660 3645 1213 3995">
    <p class='ocr_par' dir='ltr' id='par_1_19' title="bbox 660 3645 1213 3995">
     <span class='ocr_line' id='line_1_42' title="bbox 727 3645 1172 3722; baseline 0.002 -21"><span class='ocrx_word' id='word_1_305' title='bbox 727 3649 786 3722; x_wconf 84' lang='lat' dir='ltr'><strong>gius</strong></span> <span class='ocrx_word' id='word_1_306' title='bbox 799 3645 914 3701; x_wconf 86' lang='lat' dir='ltr'><strong>malebat</strong></span> <span class='ocrx_word' id='word_1_307' title='bbox 922 3667 981 3702; x_wconf 85' lang='lat' dir='ltr'><strong>non</strong></span> <span class='ocrx_word' id='word_1_308' title='bbox 993 3648 1061 3705; x_wconf 83' lang='lat' dir='ltr'><strong>ideo</strong></span> <span class='ocrx_word' id='word_1_309' title='bbox 1074 3649 1172 3705; x_wconf 86' lang='lat' dir='ltr'><strong>solum</strong></span> 
     </span>
     <span class='ocr_line' id='line_1_43' title="bbox 727 3731 1173 3792; baseline 0.007 -4"><span class='ocrx_word' id='word_1_310' title='bbox 727 3735 823 3789; x_wconf 83' lang='lat' dir='ltr'><strong>scribi:</strong></span> <span class='ocrx_word' id='word_1_311' title='bbox 842 3731 890 3787; x_wconf 85' lang='lat' dir='ltr'><strong>sed</strong></span> <span class='ocrx_word' id='word_1_312' title='bbox 909 3733 939 3788; x_wconf 83' lang='lat' dir='ltr'><strong>in</strong></span> <span class='ocrx_word' id='word_1_313' title='bbox 957 3754 991 3790; x_wconf 89' lang='lat' dir='ltr'><strong>eo</strong></span> <span class='ocrx_word' id='word_1_314' title='bbox 1005 3735 1173 3792; x_wconf 82' lang='lat' dir='ltr'><strong>referendum</strong></span> 
     </span>
     <span class='ocr_line' id='line_1_44' title="bbox 663 3810 1193 3894; baseline 0.009 -20"><span class='ocrx_word' id='word_1_315' title='bbox 663 3854 670 3863; x_wconf 90' lang='lat'><strong>·-</strong></span> <span class='ocrx_word' id='word_1_316' title='bbox 728 3830 770 3875; x_wconf 85' lang='lat' dir='ltr'><strong>est</strong></span> <span class='ocrx_word' id='word_1_317' title='bbox 787 3819 821 3874; x_wconf 87' lang='lat' dir='ltr'><strong>ad</strong></span> <span class='ocrx_word' id='word_1_318' title='bbox 837 3820 907 3894; x_wconf 85' lang='lat' dir='ltr'><strong>plus</strong></span> <span class='ocrx_word' id='word_1_319' title='bbox 925 3819 1037 3878; x_wconf 83' lang='lat' dir='ltr'><strong>loboris</strong></span> <span class='ocrx_word' id='word_1_320' title='bbox 1050 3822 1133 3894; x_wconf 84' lang='lat' dir='ltr'><strong>fore.</strong></span> <span class='ocrx_word' id='word_1_321' title='bbox 1188 3810 1193 3824; x_wconf 63' lang='grc'><em>’</em></span> 
     </span>
     <span class='ocr_line' id='line_1_45' title="bbox 660 3906 1213 3995; baseline 0 -33"><span class='ocrx_word' id='word_1_322' title='bbox 660 3911 702 3995; x_wconf 61' lang='grc' dir='ltr'><strong>1ἶ,</strong></span> <span class='ocrx_word' id='word_1_323' title='bbox 729 3916 762 3964; x_wconf 85' lang='lat' dir='ltr'><strong>ut</strong></span> <span class='ocrx_word' id='word_1_324' title='bbox 779 3917 964 3964; x_wconf 77' lang='lat' dir='ltr'><strong>secernerent</strong></span> <span class='ocrx_word' id='word_1_325' title='bbox 981 3928 1014 3968; x_wconf 84' lang='lat' dir='ltr'><strong>se</strong></span> <span class='ocrx_word' id='word_1_326' title='bbox 1030 3906 1069 3963; x_wconf 84' lang='lat' dir='ltr'><strong>ab</strong></span> <span class='ocrx_word' id='word_1_327' title='bbox 1086 3909 1174 3973; x_wconf 81' lang='lat' dir='ltr'><strong>Etru·</strong></span> <span class='ocrx_word' id='word_1_328' title='bbox 1205 3922 1213 3931; x_wconf 90' lang='grc'><strong>··</strong></span> 
     </span>
    </p>
   </div>
   <div class='ocr_carea' id='block_1_15' title="bbox 143 3955 1263 4055">
    <p class='ocr_par' dir='ltr' id='par_1_20' title="bbox 143 3955 1263 4055">
     <span class='ocr_line' id='line_1_46' title="bbox 143 3955 1263 4055; baseline 0.021 -25"><span class='ocrx_word' id='word_1_329' title='bbox 143 3955 203 4032; x_wconf 85' lang='lat' dir='ltr'><strong>P¹di</strong></span> <span class='ocrx_word' id='word_1_330' title='bbox 221 3958 364 4045; x_wconf 42' lang='lat' dir='ltr'><strong>”gmlnffis</strong></span> <span class='ocrx_word' id='word_1_331' title='bbox 730 3997 803 4052; x_wconf 81' lang='lat' dir='ltr'><strong>scis:</strong></span> <span class='ocrx_word' id='word_1_332' title='bbox 821 3993 856 4055; x_wconf 87' lang='grc' dir='ltr'><strong>Μ.</strong></span> <span class='ocrx_word' id='word_1_333' title='bbox 880 4027 914 4037; x_wconf 92' lang='grc'>-</span> <span class='ocrx_word' id='word_1_334' title='bbox 942 3992 979 4049; x_wconf 83' lang='lat' dir='ltr'><strong>P:</strong></span> <span class='ocrx_word' id='word_1_335' title='bbox 1000 4003 1031 4048; x_wconf 86' lang='lat' dir='ltr'><strong>ut</strong></span> <span class='ocrx_word' id='word_1_336' title='bbox 1052 4014 1174 4051; x_wconf 79' lang='lat' dir='ltr'><strong>secerne·</strong></span> <span class='ocrx_word' id='word_1_337' title='bbox 1260 4032 1263 4040; x_wconf 93' lang='lat'>·</span> 
     </span>
    </p>
   </div>
   <div class='ocr_carea' id='block_1_16' title="bbox 90 4081 1025 4167">
    <p class='ocr_par' dir='ltr' id='par_1_21' title="bbox 90 4081 1025 4167">
     <span class='ocr_line' id='line_1_47' title="bbox 90 4081 1025 4167; baseline -0.003 -23"><span class='ocrx_word' id='word_1_338' title='bbox 90 4087 119 4144; x_wconf 87' lang='lat'><strong>8.</strong></span> <span class='ocrx_word' id='word_1_339' title='bbox 146 4095 176 4143; x_wconf 81' lang='lat' dir='ltr'><strong>et</strong></span> <span class='ocrx_word' id='word_1_340' title='bbox 188 4107 244 4162; x_wconf 76' lang='lat' dir='ltr'><strong>per</strong></span> <span class='ocrx_word' id='word_1_341' title='bbox 255 4108 365 4167; x_wconf 78' lang='lat' dir='ltr'><strong>agros:</strong></span> <span class='ocrx_word' id='word_1_342' title='bbox 382 4084 458 4146; x_wconf 77' lang='lat' dir='ltr'><strong>nm.</strong></span> <span class='ocrx_word' id='word_1_343' title='bbox 474 4088 501 4146; x_wconf 78' lang='lat'><strong>3.</strong></span> <span class='ocrx_word' id='word_1_344' title='bbox 513 4085 543 4144; x_wconf 90' lang='lat' dir='ltr'><strong>P.</strong></span> <span class='ocrx_word' id='word_1_345' title='bbox 554 4117 589 4128; x_wconf 93' lang='lat'>-</span> <span class='ocrx_word' id='word_1_346' title='bbox 730 4093 791 4140; x_wconf 83' lang='lat' dir='ltr'><strong>rent</strong></span> <span class='ocrx_word' id='word_1_347' title='bbox 807 4100 837 4155; x_wconf 71' lang='lat' dir='ltr'><strong>re</strong></span> <span class='ocrx_word' id='word_1_348' title='bbox 855 4081 888 4139; x_wconf 85' lang='lat' dir='ltr'><strong>ab</strong></span> <span class='ocrx_word' id='word_1_349' title='bbox 907 4082 1025 4165; x_wconf 73' lang='lat' dir='ltr'><strong>utriseis.</strong></span> 
     </span>
    </p>
   </div>
   <div class='ocr_carea' id='block_1_17' title="bbox 727 3557 1232 3618">
    <p class='ocr_par' dir='ltr' id='par_1_22' title="bbox 727 3557 1232 3618">
     <span class='ocr_line' id='line_1_48' title="bbox 727 3557 1232 3618; baseline 0.008 -3"><span class='ocrx_word' id='word_1_350' title='bbox 727 3569 791 3615; x_wconf 80' lang='lat' dir='ltr'><strong>toto</strong></span> <span class='ocrx_word' id='word_1_351' title='bbox 809 3557 938 3614; x_wconf 81' lang='lat' dir='ltr'><strong>hostium</strong></span> <span class='ocrx_word' id='word_1_352' title='bbox 957 3569 1029 3618; x_wconf 82' lang='lat' dir='ltr'><strong>erat.</strong></span> <span class='ocrx_word' id='word_1_353' title='bbox 1056 3560 1171 3618; x_wconf 85' lang='lat' dir='ltr'><strong>Doerin·</strong></span> <span class='ocrx_word' id='word_1_354' title='bbox 1228 3590 1232 3597; x_wconf 92' lang='lat'>·</span> 
     </span>
    </p>
   </div>
   <div class='ocr_carea' id='block_1_18' title="bbox 723 3125 1286 3202">
    <p class='ocr_par' dir='ltr' id='par_1_23' title="bbox 723 3125 1286 3202">
     <span class='ocr_line' id='line_1_49' title="bbox 723 3125 1286 3202; baseline 0.011 -23"><span class='ocrx_word' id='word_1_355' title='bbox 723 3145 881 3202; x_wconf 87' lang='lat' dir='ltr'><strong>quamquam</strong></span> <span class='ocrx_word' id='word_1_356' title='bbox 895 3129 973 3182; x_wconf 87' lang='lat' dir='ltr'><strong>etiam</strong></span> <span class='ocrx_word' id='word_1_357' title='bbox 986 3128 1014 3182; x_wconf 90' lang='lat' dir='ltr'><strong>in</strong></span> <span class='ocrx_word' id='word_1_358' title='bbox 1027 3127 1079 3183; x_wconf 85' lang='lat' dir='ltr'><strong>lroc</strong></span> <span class='ocrx_word' id='word_1_359' title='bbox 1096 3125 1167 3184; x_wconf 90' lang='lat' dir='ltr'><strong>libro</strong></span> <span class='ocrx_word' id='word_1_360' title='bbox 1201 3158 1209 3175; x_wconf 77' lang='grc' dir='ltr'><em>ι</em></span> <span class='ocrx_word' id='word_1_361' title='bbox 1283 3178 1286 3185; x_wconf 83' lang='grc'><strong>.</strong></span> 
     </span>
    </p>
   </div>
   <div class='ocr_carea' id='block_1_19' title="bbox 0 0 1325 4590">
    <p class='ocr_par' dir='ltr' id='par_1_24' title="bbox 0 0 1325 4590">
     <span class='ocr_line' id='line_1_50' title="bbox 0 0 1325 4590; baseline 0 0"><span class='ocrx_word' id='word_1_362' title='bbox 0 0 1325 4590; x_wconf 95' lang='lat' dir='ltr'><strong> </strong></span> 
     </span>
    </p>
   </div>
  </div>
 </body>
</html>
