2618 4590
162 229 233 299 Vl,

163 391 253 469 culis
278 392 486 483 utebantur,
501 390 653 469 sicubif
642 416 679 465 m
703 399 829 466 neutra
854 388 942 465 loci
949 389 1132 466 cniusdam
1160 422 1226 494 pa
1234 425 1303 487 „p

109 501 112 515 ’
164 513 277 590 maior
300 513 474 616 aliqua
439 537 494 592 ms
519 510 747 614 exprimenda
765 512 902 588 viderte
886 521 954 603 tur,
979 514 1303 626 ιιιιιιιιιιοιιιεψ,Ι

165 636 216 711 ita
239 647 361 737 partes
377 634 570 740 simplicem
584 636 760 738 quendam
773 659 892 709 rerum
912 634 1068 734 ipsarum
1084 634 1303 737 explicam.

166 757 287 833 darum
305 768 465 834 tenorem
481 784 567 860 prae
579 783 620 832 se
635 757 779 847 ferrent,
797 781 902 857 quem
920 765 1058 857 gratum
1070 757 1303 849 verbor-nm

165 878 385 980 complexum
410 878 506 956 nulla
528 879 638 955 altera
662 878 842 955 scribendi
865 877 956 953 ratio
979 902 1095 978 aeque
1115 878 1287 963 siticen-e

164 1001 351 1101 potuisset.
374 1026 500 1121 ‘quem
523 1026 609 1078 vero
632 1000 779 1103 fugerit,
809 1025 886 1074 eam
912 997 1054 1074 dicendi
1083 998 1198 1104 le'gem
1223 1002 1263 1075 in

163 1121 233 1196 hor
257 1122 302 1197 de
328 1148 400 1223 qno
418 1123 552 1226 agimus
570 1122 649 1199 loco
666 1147 892 1223 nequaquam
910 1147 1115 1223 expressam
1132 1121 1261 1198 videri:

37 1226 53 1265 ²
164 1243 318 1343 scriptor
342 1243 437 1318 enim
465 1270 538 1320 non
566 1244 675 1322 modo
704 1269 778 1320 non
807 1242 925 1348 pergit
952 1245 1154 1322 accusativo
1179 1270 1261 1320 cum

163 1362 222 1437 int
248 1389 321 1464 quo
346 1377 513 1468 coeperat
535 1367 603 1459 uti,
628 1366 694 1444 sed
719 1366 824 1441 etiam
849 1362 916 1439 alia
939 1363 1048 1442 verba
1071 1366 1259 1466 parenthe-

164 1468 215 1559 sis
230 1483 318 1561 loco
342 1486 600 1592 interposuit,
589 1516 626 1564 m
645 1464 801 1591 quibus
791 1485 880 1589 ipsis
896 1512 970 1561 non
985 1485 1075 1561 nihil
1091 1487 1262 1561 momenti

48 1672 50 1677 .
163 1604 307 1682 ine'sset.
349 1610 402 1685 sic
426 1611 533 1715 igitur
547 1611 679 1686 fectum
698 1618 756 1685 est
779 1619 830 1701 ut,
855 1634 936 1683 cnm
959 1610 1028 1683 iam
1048 1607 1093 1682 ad
1110 1635 1150 1682 ea
1168 1634 1260 1708 quae

100 1747 105 1757 ¹
163 1738 289 1828 coepta
322 1742 446 1808 essent
479 1733 591 1808 oratio
622 1729 807 1808 referende
830 1729 1028 1822 videretur,
1057 1729 1182 1806 Livius
1207 1729 1263 1803 ibi

161 1851 301 1949 egressi
324 1853 496 1930 scriberet
520 1853 645 1931 eadem
672 1856 767 1932 iusta
798 1852 968 1929 orationis
991 1844 1043 1943 vi,
1081 1877 1150 1952 qua
1181 1877 1262 1925 cnm

160 1967 238 2045 aliis
268 1970 441 2052 similibus
475 1975 564 2055 locis
593 1987 670 2054 tum
696 1981 734 2068 1,
760 1979 792 2051 5.
824 1975 900 2066 „ibi
924 1972 1131 2050 Euandrum
1161 1973 1263 2048 insti-

159 2092 299 2168 tuisse“
322 2122 370 2171 ne
395 2110 521 2200 coepta
548 2099 693 2200 quidem
724 2097 990 2174 constructione
1017 2105 1151 2199 mutata
1176 2095 1263 2169 scri-

160 2223 261 2314 ptum
284 2215 457 2321 videmus.
497 2221 623 2323 Longe
653 2245 740 2297 vero
769 2216 874 2294 aliter
905 2217 943 2291 in
971 2217 1153 2292 inferiore
1167 2215 1260 2292 eius-

160 2331 243 2408 dem
259 2335 336 2437 ·loei
360 2326 462 2442 parte
481 2341 544 2415 ubi
568 2368 612 2417 ex
636 2368 708 2418 nno
724 2339 757 2417 P
781 2367 802 2415 a
820 2338 924 2415 nobis
941 2349 1125 2441 receptum
1143 2364 1184 2415 se
1199 2337 1261 2411 ha-

159 2455 245 2530 bere
269 2459 328 2536 vel
350 2487 408 2536 me
432 2461 612 2539 indicente
637 2464 795 2566 quisque
815 2461 1053 2564 perspexerit,
1085 2487 1156 2561 quo
1181 2459 1260 2535 loco

139 2576 252 2651 ¹nullu
277 2606 425 2680 prorsus
451 2610 557 2660 causa
582 2584 737 2660 solutum
761 2582 941 2661 scribendi
965 2608 1077 2684 genus
1091 2581 1258 2683 'postula-

153 2707 214 2774 ret
237 2726 306 2776 nee
330 2701 502 2782 dissimile
526 2732 612 2783 vero
636 2706 835 2793 videretur,
866 2704 922 2778 ibi
945 2729 966 2777 a
994 2702 1146 2779 librariis
1171 2704 1257 2778 scri·

157 2829 257 2920 ptnm
283 2848 366 2900 esse
391 2827 489 2928 quod
513 2827 578 2904 ubi
608 2855 701 2904 cum.
717 2826 894 2904 infinitivo
925 2824 1152 2901 coniunctum
1175 2823 1260 2899 ferri

157 2966 230 3014 non
254 2952 389 3043 posset.
432 2948 517 3024 Non
542 2952 653 3051 magis
678 2947 901 3052 probandum
918 2945 1107 3028 videbatur
1124 2945 1259 3021 eisdem

146 3058 308 3140 ·libra1iis
324 3081 563 3166 superessent,
581 3081 708 3173 utpote
726 3071 772 3146 sd
789 3069 887 3172 quod
899 3069 1047 3147 verbum
1064 3094 1138 3142 non
1157 3092 1263 3139 armu

85 3266 88 3271 .
152 3193 194 3291 et
217 3210 329 3259 neves
354 3184 419 3261 sed
443 3187 543 3263 nihil
555 3190 781 3267 referendum
807 3201 920 3266 esset:
945 3216 1013 3264 nec
1031 3187 1154 3263 dubito
1173 3187 1260 3287 quin

156 3304 431 3401 meminerint,
463 3313 526 3412 qui
540 3296 630 3388 tsum
654 3321 882 3415 superessent
907 3338 928 3385 a
957 3336 1015 3385 me
1040 3335 1084 3384 ex
1107 3307 1139 3383 P
1163 3336 1260 3384 rece-

156 3432 257 3524 ptum
281 3427 462 3524 viderent,
487 3459 544 3507 me
569 3435 765 3511 difficiliora
791 3459 897 3537 qnam
921 3432 1059 3508 veriora
1084 3441 1259 3508 sectatum

157 3570 239 3622 esse
264 3563 464 3628 censerent.
507 3552 573 3630 sed
598 3554 635 3630 in
659 3558 717 3633 his
741 3556 886 3634 Livium
909 3553 1082 3657 particula
1106 3562 1258 3656 praeter

156 3666 313 3746 adverbii
337 3672 482 3751 locutu
483 3704 495 3750 ι
520 3677 604 3752 solit
588 3687 664 3753 tum
681 3704 774 3769 esse,
798 3676 966 3780 permulti
989 3677 1060 3753 loci
1079 3701 1123 3749 ex
1139 3674 1259 3748 melin·

154 3814 234 3899 tum
257 3796 508 3892 mseriptorum
533 3798 744 3874 auctoritate
767 3798 873 3874 restit
873 3797 1182 3900 utipersuadent:
1151 3803 1260 3870 tut

153 3909 186 3986 is
211 3911 280 3988 hoc
300 3942 451 4026 quoque
475 3920 555 3996 loco
580 3920 626 3995 ad
650 3920 799 3998 verbum
822 3930 1051 4022 superessent
1074 3944 1148 3992 non
1162 3913 1260 3990 nihil

154 4033 220 4107 sed
244 4063 286 4111 ea
310 4040 463 4132 nomina,
488 4042 526 4115 in
551 4042 682 4143 quibus
706 4068 791 4123 vera
808 4044 1007 4119 sententiae
1031 4041 1086 4119 vis
1111 4040 1255 4125 inesset,
