2618 4590
152 250 220 320 εεε
507 347 511 358 Ι
616 254 788 318 nomn

156 422 288 495 limium
309 421 451 493 exercitu
472 420 542 490 acie
570 422 787 514 depugnatum
807 428 918 489 est-
939 420 1004 487 lusi
1032 431 1155 489 tamen
1176 418 1263 512 mag‘s

154 554 254 624 quam
275 528 360 598 caesi
381 527 501 610 hostes,
522 525 596 617 quin
618 536 768 615 coeptam
785 525 899 592 aeriter
919 546 987 591 non
1001 524 1200 594 tolerarunt
1219 550 1264 619 pu·

155 659 251 727 gnam
266 670 324 717 -‚
346 644 380 702 et
393 632 434 701 ad
446 631 633 701 Vadimonis
654 628 760 698 lacum
771 628 896 696 Etrusci
918 629 990 721 lege
1007 641 1148 699 sacrata
1164 640 1265 699 coacta

155 740 311 825 exercitu,
339 762 414 807 cum
443 737 493 806 vir
516 736 620 804 virum
647 736 790 827 legisset,
821 733 948 825 quantis
975 757 1175 826 numquam
1204 734 1265 802 alita

119 855 229 917 tante
251 844 346 913 simul
369 843 468 934 copiis
490 842 585 909 simul
607 841 719 908 animis
741 840 944 907 dimicarunte
962 850 1135 931 tantoque
1159 840 1265 907 irarm

156 947 327 1017 oertamine
349 959 513 1039 gestares
535 954 642 1015 estut
664 946 704 1013 ab
727 957 839 1013 neutra
861 955 951 1037 parte
968 944 1095 1012 emissa
1112 943 1187 1013 sint
1200 944 1265 1013 tela:

157 1052 269 1144 gladiis
285 1040 397 1143 ¹pugna
420 1052 528 1143 coepit
549 1062 583 1118 et
610 1050 763 1119 acerrime
791 1050 960 1117 commissa
982 1049 1061 1140 ipso
1087 1034 1267 1131 oertnmins,

158 1158 247 1249 quud
269 1156 464 1246 aliquamdiu
486 1178 605 1246 anceps
627 1156 695 1237 luit,
717 1179 849 1224 accensa
865 1166 924 1238 est,
945 1164 1068 1221 utnon
1086 1177 1173 1221 cum
1191 1152 1267 1221 Em

156 1260 218 1330 acis
240 1261 359 1328 totiens
380 1258 472 1327 victis
493 1259 553 1328 sed
573 1285 649 1328 mm
672 1261 776 1352 aliqua
803 1284 887 1328 nova
915 1270 1011 1350 gente
1037 1257 1267 1327 videreturdi

110 1364 284 1439 tomioatio
307 1385 395 1432 esse:
417 1362 494 1430 nihil
516 1364 558 1431 ab
577 1365 645 1432 ulla
666 1377 757 1457 parte
778 1376 927 1433 movetur
942 1363 1050 1455 fugae,
1075 1365 1209 1431 cadunt
1228 1384 1268 1430 au

155 1466 309 1559 tesignani
331 1478 380 1551 et,
406 1490 448 1535 ne
470 1471 630 1538 nudentur
650 1468 938 1562 propugnatoribus
961 1467 1070 1558 signa,
1101 1467 1144 1536 fit
1168 1492 1213 1536 ex
1232 1490 1268 1535 εε

158 1574 262 1641 cunda
284 1573 386 1664 prima
409 1572 510 1641 acies:
532 1574 573 1642 ab
595 1575 714 1643 ultimis
737 1574 852 1644 deinde
873 1571 1023 1640 subsidiis
1038 1572 1154 1641 cietur
1176 1572 1267 1653 miles,

155 1678 303 1771 adeoque
326 1678 367 1746 ad
383 1678 531 1746 ultimum
553 1678 672 1748 laboris
695 1704 733 1748 ae
755 1678 890 1772 perieull
902 1688 1036 1746 ventum
1057 1688 1114 1745 est
1137 1688 1180 1746 ut
1194 1677 1267 1769 equi

225 1899 255 1955 in
277 1899 407 1975 integram
430 1899 578 1957 orationem
601 1920 674 1958 reee-

224 1995 273 2065 pla
291 1996 368 2054 sunt,
391 1986 440 2043 sed
456 1988 570 2062 margini
586 1986 609 2045 P
627 1989 673 2045 ad·

204 2124 207 2129 .
224 2074 326 2152 scripta
344 2073 468 2150 leguntur
485 2076 522 2132 ita
541 2085 630 2133 tamen
644 2087 674 2134 ut

225 2163 348 2217 asterisci
374 2161 484 2238 quidam
509 2162 607 2220 adiecti
633 2162 672 2220 lo·

225 2266 286 2304 cum
305 2269 398 2306 eorum
410 2251 571 2307 interverba
590 2270 673 2321 „non

225 2335 393 2391 tolerarunt
406 2355 539 2414 pugnam
562 2347 592 2394 et
608 2339 672 2394 od“

119 2488 123 2497 ι
225 2419 309 2476 luisse
332 2421 454 2481 doceant.
485 2433 513 2478 et
535 2433 599 2502 post
624 2445 671 2480 vo·

176 2562 179 2567 ,
227 2526 286 2563 cem
302 2527 435 2586 pugnam
453 2530 483 2565 aa
501 2512 672 2585 reperiuntur

226 2594 256 2650 in
285 2594 376 2653 multia
406 2598 558 2655 receutlbus
594 2597 671 2654 libris

191 2748 193 2755 Ι
225 2680 500 2744 Drakenborchienis.
517 2683 587 2742 inlll
605 2688 671 2741 seri·

224 2778 300 2847 ptum
324 2779 365 2826 est
383 2790 419 2831 m.
438 2772 481 2831 3.=
504 2774 624 2841 „statiua
642 2776 671 2831 iu

224 2858 378 2935 propinquo
409 2857 526 2916 habuere
561 2862 672 2918 elrun’e

225 2963 287 2999 nam
306 2955 332 3000 et
351 2965 411 3001 cum
425 2946 579 3004 umbrorum
597 2967 671 3003 exer·

224 3031 279 3087 citu
304 3033 361 3087 scie
387 3031 568 3111 depugnatum
592 3040 671 3090 eet“:

221 3118 272 3175 aed
299 3118 365 3195 quid
394 3139 429 3178 m.
455 3126 480 3180 1.
505 3119 566 3176 loco
595 3121 670 3179 vocis

222 3209 332 3263 etruria
349 3209 480 3286 scriptum
500 3207 595 3276 fuerit,
614 3228 670 3264 cer·

221 3312 291 3367 uera·
304 3314 358 3351 non
376 3297 462 3373 potui.
490 3293 523 3355 C.
540 3295 669 3371 Sigonius

168 3382 171 3391 '
221 3378 330 3438 videtur
347 3385 451 3460 primun
462 3403 554 3441 verum
568 3385 668 3441 oratio-

222 3469 265 3524 nis
283 3471 398 3549 partium
417 3470 542 3548 ordinem
563 3481 590 3526 et
606 3489 666 3547 per·

222 3558 344 3632 apexissa
363 3566 390 3613 et
407 3560 565 3635 restituissn
595 3613 600 3620 .

167 3641 196 3700 il.
221 3650 251 3699 ct
271 3643 326 3723 od
355 3644 533 3717 Vudu'monis
569 3647 667 3703 lacum

190 3728 344 3809 ’,Εἰηιεεί
365 3732 433 3810 lege
454 3742 575 3790 secroto
600 3753 666 3791 coa·

221 3825 268 3874 cto
281 3820 427 3874 exercitu:
446 3815 509 3875 Ptl:
527 3822 579 3877 nisi
592 3820 665 3898 quod

220 3904 249 3961 in
266 3902 293 3960 ll
311 3905 441 3982 scriptum
458 3916 500 3963 eat
522 3907 668 3981 „uidimu-¹

165 4056 175 4071 Ι,
199 3993 304 4061 ,ιιίἰε“.
322 3988 367 4049 Cl.
384 3990 478 4069 Polyb.
496 3994 522 4061 2,
533 3995 594 4061 90.;Ι
604 3991 665 4068 περὶ

172 4114 196 4151 ·.
219 4075 270 4147 miv
282 4077 435 4147 Ὀαὶδμονα
456 4100 664 4159 προσαγορευο-

813 1892 906 1970 pinpo
927 1894 1044 1969 λίμνην.
1076 1928 1114 1940 -
1143 1897 1193 1954 De
1217 1895 1265 1970 loge

815 1995 919 2044 sacrata
938 1982 973 2042 cl.
990 1984 1017 2051 d,
1036 1984 1085 2043 26.

762 2074 788 2130 l.
807 2073 928 2151 quantis
936 2072 1264 2145 numquamalmsante

814 2160 907 2217 simul
922 2159 1015 2232 copiis
1033 2160 1132 2216 simul
1142 2160 1262 2217 mono.-

814 2244 878 2319 ΡΜ]
902 2245 1009 2325 quantis
1032 2265 1179 2325 nunquam
1205 2244 1261 2303 sliat

815 2344 892 2391 aulea
917 2342 967 2391 cet.
992 2329 1090 2400 (Leid.
1106 2352 1124 2394 1.
1145 2332 1226 2393 Voss.
1238 2351 1260 2391 tt

814 2419 882 2481 [ιον.
903 2423 929 2477 d.
951 2417 1085 2498 multique
1113 2419 1163 2478 ulii
1186 2419 1260 2478 unt.

813 2507 921 2579 codd).
934 2539 968 2551 -
980 2505 1058 2566 Laid.
1071 2527 1090 2564 ι.
1110 2507 1259 2580 altannu-

816 2604 856 2653 tra
879 2606 964 2674 parte.
990 2593 1031 2650 tl:
1056 2605 1088 2651 ut
1113 2595 1147 2651 ab
1174 2604 1258 2652 neutra

813 2693 890 2762 patto
916 2684 1028 2739 emissas
1055 2682 1140 2740 intela
1169 2681 1257 2759 gladiis

813 2781 864 2830 cet.
882 2801 917 2813 -
936 2769 969 2826 P:
988 2773 1130 2829 commiss.
1148 2800 1186 2813 -
1203 2766 1256 2826 Pll:

813 2857 887 2937 quod
906 2857 1070 2936 aliquamdiu
1083 2877 1188 2935 anceps
1206 2856 1255 2913 luit.

813 2976 847 2988 -
866 2943 928 3002 PM:
947 2948 1047 3002 totiens
1065 2948 1157 3006 nictit.

744 3035 786 3092 to.
813 3032 946 3089 sibilat
970 3035 1035 3090 ulla
1056 3042 1148 3110 porte
1164 3050 1256 3089 mout-

811 3128 862 3176 ίαν
875 3120 992 3199 fugae.-
1010 3120 1041 3180 P.
1064 3151 1102 3164 -
1132 3118 1174 3177 tt:
1199 3117 1255 3189 mol

810 3215 928 3268 seretur.
952 3239 985 3249 -
1002 3205 1087 3266 ‘Leid
1104 3227 1122 3267 ι.
1139 3205 1220 3266 Voss.
1231 3224 1255 3262 u.

808 3290 877 3354 Iaov.
890 3298 917 3354 l.
940 3292 987 3354 al:
1011 3294 1113 3352 cadunt
1138 3304 1201 3351 aute
1222 3295 1253 3349 si·

808 3400 869 3458 gna.
881 3413 915 3425 -
930 3378 960 3440 Μ
972 3402 1007 3442 n.
1019 3385 1056 3441 l.:
1070 3389 1097 3438 et
1116 3381 1255 3439 nudentur.

807 3466 879 3527 tim
907 3471 933 3528 2.
952 3469 986 3527 P:
1006 3469 1235 3529 etnenudentnr.

741 3558 784 3617 13.
811 3567 845 3615 ut
862 3560 983 3633 equites,
995 3565 1019 3616 ἱ.
1038 3559 1161 3616 ommis
1172 3554 1255 3632 equit

806 3644 852 3702 od
864 3648 979 3722 primos
992 3645 1114 3719 ordines
1120 3645 1255 3721 peditum

806 3751 861 3809 per
879 3751 965 3788 armo
979 3751 1036 3806 per
1046 3751 1177 3806 corporo
1187 3751 1253 3790 eua-

806 3820 916 3883 mint:
934 3816 990 3879 Pal.
1009 3820 1034 3878 2.
1057 3816 1161 3897 aliique
1185 3838 1253 3874 reoo.

806 3904 887 3970 codd.
897 3938 931 3950 -
946 3903 990 3965 Cf.
1002 3906 1029 3970 9.
1041 3907 1101 3975 32.ε
1120 3905 1252 3985 adprime

764 4054 768 4059 ,
805 3995 880 4069 signe
890 4020 934 4055 .-·τ
952 4000 1151 4071 ειιεεεεερι“ιιιιῑ;Ι
1164 4024 1198 4069 .·.·.·
1211 3989 1250 4048 ll:

806 4092 836 4152 ut
851 4082 971 4160 ,equitet
991 4078 1147 4149 maiust
1173 4079 1250 4156 qul·
