2618 4590
519 270 640 330 -Lluuft
656 271 702 332 Vl.

1121 264 1164 332 57

64 435 138 501 anni
160 436 289 503 comitia
313 432 421 499 habita
444 432 604 523 creatique
626 432 744 499 tribuni
761 434 897 503 militum
924 438 1081 507 consulari
1108 464 1166 531 po

63 550 180 607 testate
209 539 340 606 Servius
369 530 534 605 Cornelius
561 537 787 627 Maluginensis
812 539 928 609 iterum
952 544 989 613 P.
1017 545 1164 614 Valerius

62 642 190 710 Potitus
217 646 333 711 itcrrun
359 642 403 711 Μ.
432 643 546 709 Furius
574 641 729 708 Camillus
756 654 884 710 sextum
910 646 1037 715 Servius
1060 650 1164 740 Sulpi·

66 748 136 814 cius
158 748 260 815 Rufus
282 750 395 816 iterum
417 746 455 815 C.
477 747 620 838 Papirius
643 746 777 814 &assus
799 749 839 816 Τ.
856 749 1021 834 Quinctius
1042 754 1164 821 Cincin·

65 864 161 919 natus
182 854 305 921 itemm.
342 854 431 921 cuius
453 851 607 943 principio
630 851 704 917 armi
725 862 758 919 ct
779 854 923 942 patribus
945 867 978 922 et
997 857 1083 946 plebi
1096 874 1194 948 per-5

67 969 247 1047 opportune
268 970 399 1026 externa
420 982 486 1048 pax
507 958 580 1023 data
600 993 646 1007 -
668 956 763 1046 plebi,
785 958 874 1047 quod
895 983 960 1026 non
977 974 1108 1028 avocata
1123 963 1166 1029 di-
1252 966 1262 977 '

62 1060 152 1127 lectu
173 1086 265 1152 spem
288 1063 382 1152 cepit,
404 1063 482 1128 dum
502 1073 570 1130 tam
591 1071 758 1151 potentem
777 1061 912 1130 haberet
933 1066 1057 1149 ducem,
1080 1066 1167 1133 leno

62 1165 107 1231 ris
130 1168 346 1257 expugnandi:
373 1167 525 1257 patribus
550 1190 592 1233 ue
613 1190 679 1256 quo
703 1177 834 1234 externo
856 1180 977 1236 terrore
999 1194 1168 1237 avocaren-

61 1280 116 1337 tur
143 1271 239 1337 animi
266 1273 307 1339 ab
335 1271 482 1339 sanandis
509 1270 693 1338 domesticis
724 1272 826 1339 malis.
862 1272 956 1363 igitur
983 1298 1059 1341 cum
1092 1299 1168 1365 pars

60 1386 199 1467 utraque
222 1377 324 1444 acrior
345 1378 508 1469 aliquanto
525 1386 634 1444 coorta
649 1386 743 1460 essct,
763 1376 828 1442 iam
849 1376 882 1443 in
896 1379 1086 1469 propincmn
1100 1396 1216 1450 cer-1⁰

134 1507 244 1566 Furium
263 1507 407 1566 Camillum
431 1516 458 1565 et
474 1506 511 1567 ul.
529 1506 580 1564 Po-

48 1604 67 1625 '·
135 1600 263 1653 stamium
292 1596 419 1654 Albinum
451 1604 581 1663 numerat,

50 1714 54 1721 ·
137 1687 184 1760 qui
203 1706 227 1742 a.
244 1685 308 1744 351.
332 1705 387 1740 nan
408 1683 510 1740 tribuni
532 1681 582 1741 scd

138 1791 264 1827 censores
274 1771 389 1829 luerunt.
407 1769 471 1825 inde
483 1770 583 1826 lactum

138 1867 181 1913 cst
198 1866 228 1913 ut
245 1861 272 1929 5,
293 1859 344 1923 10,
361 1876 520 1935 quamquam
531 1854 583 1912 Ca·

139 1942 230 2004 suillus
255 1965 279 2002 a.
297 1944 359 2002 353.
382 1963 415 1999 ex
441 1941 508 2019 Cap.
529 1945 585 2002 tab.

135 2030 265 2112 primum
275 2031 399 2087 tribunus
412 2050 488 2091 cous.
499 2029 584 2085 lactus

138 2127 189 2186 est,
206 2121 236 2175 in
247 2117 308 2178 Lir.
325 2117 402 2175 libris
415 2119 520 2177 Herum
538 2115 585 2173 ad·

136 2208 268 2282 scriptum
285 2206 441 2281 reperiatur.
465 2203 541 2284 quod
559 2205 584 2260 si

136 2293 248 2370 reliquis
261 2292 337 2360 loeis,
356 2290 452 2372 quibus
464 2290 584 2347 tribuna·

60 2376 63 2381 ⁵
137 2389 213 2438 tuum
231 2378 266 2439 lll.
275 2379 349 2436 Furii
367 2381 467 2437 mentio
485 2377 525 2445 lit,
543 2379 584 2434 iu·

112 2506 119 2519 .
138 2476 181 2527 sto
200 2467 296 2524 ordine
314 2468 342 2522 in
359 2464 480 2523 Livianis
503 2465 584 2527 codd.

137 2574 264 2625 numeros
299 2562 392 2611 auctos
423 2553 584 2623 videremus,

139 2642 251 2699 dubium
279 2641 367 2701 rideri
396 2661 451 2698 non
482 2650 585 2718 posset,

139 2732 205 2806 quin
232 2748 297 2786 suos
327 2738 440 2806 uterque
469 2726 587 2803 scriptor

142 2826 265 2875 auctores
294 2825 403 2873 secutus
430 2824 509 2874 csset.
537 2813 587 2869 scd

141 2906 195 2967 lam
217 2904 298 2959 tertio
321 2902 381 2959 loca
408 2904 439 2969 5,
463 2902 506 2959 14.
532 2919 588 2955 non

140 2993 267 3060 tertium,
289 2991 364 3071 quod
383 2986 590 3053 desiderandum

142 3088 212 3146 erat,
237 3078 377 3141 sedidem
398 3075 465 3135 illud
484 3077 590 3132 iterum

141 3167 171 3221 in
189 3167 248 3225 Liv.
266 3164 498 3232 librisvidemus,
517 3173 545 3219 et
562 3163 589 3230 6,

143 3256 186 3311 18.
200 3256 343 3329 quintum,
361 3254 442 3321 692,
461 3260 589 3314 sextum.

144 3339 214 3396 Cum
230 3361 295 3397 vero
314 3340 343 3397 id
361 3338 435 3415 quod
452 3339 484 3411 5,
505 3341 530 3396 1.
550 3336 589 3393 le·

145 3428 225 3508 gitur,
242 3428 279 3482 ita
297 3428 428 3499 scriptum
445 3427 489 3493 sit,
507 3434 538 3482 ut
555 3423 591 3480 de

147 3534 190 3581 eo,
208 3513 281 3590 quod
294 3514 386 3570 Livius
397 3514 488 3575 dicere
498 3511 591 3571 volue-

43 3612 50 3623 ‘
144 3604 194 3670 rit,
219 3598 287 3659 nihil
305 3600 426 3659 dubitare
445 3603 592 3685 possimus,

146 3686 593 3769 necfierinonpotuerit‚utlromo

148 3775 260 3856 quidam
278 3773 398 3830 cruditus
417 3783 444 3835 et
460 3777 487 3843 5,
505 3776 548 3835 14.
566 3782 595 3831 et

146 3867 174 3933 6,
193 3866 236 3921 18.
255 3870 283 3918 et
300 3847 328 3931 6,
345 3862 436 3920 22.—
453 3882 516 3919 nam
532 3860 594 3918 reli·

150 3953 211 4029 quis
228 3949 297 4008 locis
315 3950 420 4011 numeri
438 3949 523 4007 additi
539 3970 596 4006 nou

148 4048 263 4095 sunt-
283 4057 316 4094 cx
334 4035 424 4114 Capit.
441 4035 534 4115 fragm.
551 4037 595 4094 vcl

721 1526 811 1564 meros
835 1510 1029 1569 emendaverit:
1060 1521 1088 1568 et
1114 1512 1170 1588 ipsi

722 1598 750 1663 5,
768 1598 811 1655 14.
828 1598 958 1667 tertium,
985 1602 1016 1668 6,
1039 1601 1169 1660 163631-
1204 1654 1208 1665 ‚

723 1691 794 1751 tum,
812 1685 839 1750 6,
853 1685 896 1741 Pl.
914 1688 1069 1761 septimum
1085 1687 1170 1745 scribi

723 1770 862 1839 iussimus,
879 1791 914 1829 ne
931 1769 1071 1829 Livianam
1088 1777 1170 1830 ratio·

725 1852 787 1913 ue‘m
813 1858 984 1934 impugnasse
1009 1858 1172 1919 videremur.

725 1973 761 1984 -
778 1943 918 2002 Postremo
936 1947 1102 2005 restituimus
1118 1944 1173 2016 ,,Τ.

727 2028 870 2102 Quinctius
907 2031 1083 2089 Cincinnatus
1122 2035 1173 2089 itc-

728 2121 824 2175 rum“.
842 2116 878 2176 ab¹
894 2118 947 2176 hoe
964 2122 1035 2177 cuim
1048 2119 1108 2176 loco
1126 2139 1173 2176 ue·

726 2201 857 2289 glcgentia
882 2206 998 2291 quadam
1023 2207 1174 2264 scribarum

725 2294 905 2357 recentiorum
928 2315 979 2370 pro
1003 2314 1115 2353 numero
1137 2308 1176 2353 11

725 2399 781 2439 uon
798 2382 917 2450 iterans,
941 2382 1015 2467 quod
1037 2402 1119 2441 unum
1143 2383 1173 2438 in

726 2469 844 2551 antiquis
861 2467 939 2526 libris
954 2472 1087 2548 reperitur
1105 2470 1173 2529 etin

725 2556 862 2637 prioribus
891 2556 1032 2621 annalibus
1066 2576 1175 2635 semper

726 2651 800 2702 recte
827 2644 998 2703 observatum
1025 2655 1095 2713 erat,
1124 2641 1174 2700 sed

727 2730 858 2791 secundo
870 2729 913 2787 vel
928 2732 1093 2790 secundum
1108 2732 1176 2786 scri·

728 2823 804 2896 ptum
823 2825 879 2884 est,
897 2838 951 2897 quo
970 2837 1062 2873 errore
1079 2816 1175 2895 depre·
1282 2850 1286 2857 ·

730 2899 816 2955 hensa
833 2921 919 2978 usque
937 2903 971 2958 ad
984 2906 1010 2969 7,
1022 2905 1065 2961 19.
1084 2922 1176 2961 carru·

729 2995 793 3070 ptos
815 2987 891 3046 locos
912 2990 1122 3049 emendarimus.
1140 3019 1175 3031 -

730 3073 774 3131 lle
786 3074 816 3137 P.
828 3074 937 3136 Valerio
951 3077 1043 3135 Potito
1062 3077 1097 3138 el.
1109 3078 1136 3147 6,
1148 3078 1175 3137 6.

676 3163 702 3224 5.
725 3175 944 3241 peropportune
965 3174 1093 3224 extans
1109 3184 1176 3240 pax

730 3251 804 3307 duta
822 3252 898 3322 (scil.
916 3275 930 3309 a
948 3253 1007 3310 deis
1025 3250 1068 3309 vel
1089 3273 1105 3307 a
1122 3251 1177 3310 los·-

730 3348 794 3400 tuua
812 3338 917 3409 urbis):
936 3338 971 3396 ll.
990 3370 1025 3380 -
1043 3336 1065 3394 P
1083 3357 1119 3395 m.
1138 3339 1178 3409 ld

730 3435 938 3511 peroportunae.
959 3457 994 3466 —
1017 3422 1049 3479 Iu
1064 3422 1142 3481 Leid.
1159 3443 1178 3485 1.

727 3511 833 3568 'excidit
845 3513 926 3571 doto.
939 3544 974 3553 —
984 3509 1046 3568 PM:
1060 3512 1178 3575 dilectu.

733 3628 769 3641 -
786 3598 824 3655 P:
842 3598 972 3662 laesuris.
988 3596 1180 3675 llgfaeuoris.

734 3716 770 3733 ι-
792 3685 828 3742 Pr
849 3707 884 3743 ne
901 3688 980 3769 quod
996 3697 1108 3745 externo
1125 3696 1180 3749 ter·

732 3792 803 3832 rore.

666 3856 976 3922 1a.c·0r0aama=
1001 3860 1182 3923 unsar
1254 3846 1258 3857 ’

736 3946 814 4009 Laid.
825 3968 846 4013 1.
856 3981 892 3995 -
909 3950 938 4011 lll
954 3970 991 4009 m.
1009 3951 1050 4006 1.=
1068 3946 1182 4009 cohorte

736 4054 805 4096 csse.

148 4124 282 4187 similibus
304 4124 383 4185 libris
400 4120 528 4187 lauimus
546 4142 596 4184 uu·
684 4154 719 4169 -
731 4124 798 4185 ‘iam
808 4124 840 4184 iu
848 4125 1022 4202 propincum
1031 4134 1183 4189 mmmm
