2618 4590
445 238 448 258 '
521 261 630 325 trouu
646 261 695 322 tx,

995 246 1031 315 ,’
1092 240 1180 321 473'

59 421 154 516 atque
176 427 250 494 inde
265 425 431 493 Luceriam
446 426 579 515 gesserit
594 425 741 515 ultorque
764 424 876 502 unicus
889 425 1053 493 Romanae
1070 402 1156 518 iguo-

56 531 172 599 nriniae
195 531 281 598 houd
303 530 403 597 sciam
426 555 466 596 an
488 529 659 597 iustissimo
681 528 842 618 triumpho
866 530 905 596 ad
927 553 998 595 earn
1020 543 1157 600 aetatem

57 637 235 703 secundum
249 635 381 726 Furium
397 632 568 701 Camillum
589 634 839 724 triumphaverit,
861 658 902 700 an
918 633 1087 701 consulum
1099 636 1156 720 Pa7

55 739 190 833 piriique
204 728 426 832 praecipuum
452 736 610 806 id'decus
639 738 690 805 sit.
734 728 875 830 sequitur
903 738 989 806 hunc
1018 762 1158 806 errorem

58 843 140 909 alius
162 867 260 928 error,
283 844 442 912 Cursorne
456 843 600 934 Papirius
622 842 776 932 proximis
798 843 934 910 comitiis
951 867 1025 913 curn
1041 844 1081 930 Q.
1096 843 1188 916 riu-5

54 948 100 1020 ,lio
124 947 296 1017 Cerretano
318 949 433 1017 iterum
461 949 503 1016 ob
531 972 601 1014 rem
627 947 711 1014 bene
741 958 864 1037 gestam
886 947 1038 1016 Luceriae
1062 949 1159 1017 conti-
1237 1019 1241 1027 ,

57 1050 179 1118 tinusto
201 1053 386 1144 magistratu
408 1052 522 1120 consul
542 1051 671 1120 tertium
693 1061 818 1118 creatus
835 1051 885 1135 sit,
907 1075 949 1120 sn
962 1051 1000 1120 L.
1015 1052 1159 1143 Papirius
1181 1100 1186 1111 ι

57 1153 238 1247 Mugilanus
261 1169 293 1225 et
316 1158 349 1224 in
371 1156 559 1248 cognomine
583 1167 722 1222 erratum
744 1156 793 1223 sit.
828 1181 833 1184 ·
1184 1166 1187 1172 '

146 1253 233 1328 XVI.
279 1261 438 1330 Convenit
452 1262 517 1327 iarn
531 1261 606 1328 inde
623 1284 681 1350 per
696 1259 845 1328 consules
861 1260 983 1352 reliqua
998 1260 1074 1328 belli
1090 1286 1159 1351 pcr-
1221 1281 1224 1321 ῑ
1280 1328 1285 1334 ,

58 1362 152 1434 secta.
182 1365 303 1441 ,Aulius
325 1391 401 1438 cum
415 1364 580 1438 Frentanis
602 1389 667 1436 uno
690 1365 832 1441 secundo
848 1365 971 1458 proelio
989 1364 1160 1436 debellavit
1173 1384 1208 1440 to
1237 1390 1240 1394 ’

74 1575 103 1632 3.
130 1594 171 1631 on
209 1577 383 1633 consulum·
401 1576 576 1652 Papirtique

83 1706 86 1711 .
127 1663 319 1737 praecipuum
345 1664 379 1720 id
404 1664 496 1739 decus
522 1665 576 1720 stt:

77 1787 80 1791 ⁴
106 1783 108 1787 -
129 1747 194 1805 Plll:
220 1747 310 1816 „oller
327 1750 363 1806 ob
381 1749 471 1806 dieser
479 1749 577 1808 'Rubor

132 1833 185 1891 deu
215 1835 338 1894 consulu
358 1836 423 1898 -untl
453 1856 578 1913 voraugs·

133 1924 217 1978 weise
227 1922 288 1980 dem
297 1922 420 1999 Papirius
430 1922 578 1998 gebt'rbre“.

79 2011 106 2068 ct.
132 2010 578 2084 sequiturbuneerroremslius

132 2116 232 2157 error:
250 2097 306 2156 ΡΜ.
321 2129 355 2143 ···
373 2098 405 2158 In
423 2097 489 2156 Psll.
508 2101 533 2158 1.
551 2102 577 2157 3.

134 2183 212 2243 Voss.
226 2203 252 2244 n.
265 2183 298 2247 al.
310 2187 528 2262 praetermissum
538 2195 579 2244 est

135 2290 229 2330 error.
255 2271 304 2328 sed
323 2272 357 2332 el.
375 2275 402 2342 6,
420 2277 459 2335 1.=
476 2275 578 2336 urbem.

132 2388 167 2400 -
180 2357 215 2414 P=
234 2355 362 2419 cursoune
377 2363 499 2439 papirius
515 2382 578 2438 pro-

132 2447 214 2505 ximis
238 2449 355 2505 comitiis
378 2468 438 2504 eum
460 2468 487 2525 q.
506 2447 577 2505 sulio

133 2543 270 2593 cerretano
284 2536 380 2594 iterum
393 2544 444 2593 oet.
465 2535 504 2592 tls
518 2555 578 2593 eur·

136 2639 217 2676 sorno
238 2623 360 2698 papirius
382 2623 515 2698 proximis
534 2643 578 2680 co·

134 2709 218 2762 mitiis
237 2728 297 2766 cum
319 2727 372 2784 que
393 2707 455 2765 rulo
477 2728 581 2765 cerrac-

110 2848 112 2855 ,
136 2802 199 2849 tsno
217 2795 314 2849 iterum
331 2794 366 2851 ob
383 2813 440 2851 rem
452 2795 520 2850 bene
537 2814 581 2870 ge·

135 2890 205 2935 stam
222 2877 321 2938 luceria
341 2883 392 2950 (m.
405 2882 445 2939 ΞΑ
457 2878 582 2950 luceriae)

138 2970 294 3027 continuato
312 2970 468 3043 magistratu
488 2965 582 3026 consul

137 3057 245 3118 tertium
268 3065 372 3117 creatus
390 3057 427 3113 sit
447 3075 482 3113 an
499 3055 517 3115 l.
535 3076 583 3134 ps-

19 3205 25 3211 ,
137 3144 223 3221 pirius
241 3142 390 3216 mugilanus
408 3146 473 3201 etin
486 3163 584 3219 cogno«

138 3231 210 3286 rnino
228 3235 341 3287 erratefi.
357 3233 402 3290 sit.
433 3229 477 3290 cf.
494 3234 521 3300 8,
538 3235 583 3292 31.

141 3348 175 3364 -ν
197 3314 275 3374 Leid.
293 3314 391 3376 ebor.
407 3321 447 3376 4.:
470 3319 504 3376 ob
526 3339 584 3379 rem

139 3405 316 3478 benegestsur
324 3403 460 3464 luceriam.
473 3403 551 3464 Voss.
557 3425 584 3465 u.

140 3490 186 3550 ata
217 3490 252 3548 sd
281 3489 415 3549 luceriam.
446 3523 481 3535 -
508 3491 586 3550 ttutsi

140 3598 211 3636 rece.
221 3577 312 3637 cedde
323 3577 587 3636 consultationes«

141 3675 186 3723 tus
204 3666 248 3724 sit.
272 3697 304 3707 —
332 3663 409 3728 Leid.
425 3686 443 3724 1.
461 3664 541 3725 Voss.
559 3686 588 3729 ιι.

142 3752 273 3830 multique
291 3751 337 3811 alii
362 3754 454 3812 codd.=
475 3754 587 3830 mugila-

143 3860 202 3898 nus.
220 3840 255 3897 P:
274 3840 441 3917 mugillanus.
460 3839 504 3901 Cf.
523 3844 550 3911 l,
561 3844 588 3901 7.

145 3924 179 3984 sl.
198 3957 231 3966 -
250 3925 319 3987 Coti.
339 3928 474 3988 Gonnos:
501 3936 590 3998 „ants

144 4012 163 4071 l.
181 4015 334 4090 papirius‘t
353 4019 442 4073 anne?

92 4103 118 4159 9.
146 4103 281 4161 corruerit
299 4104 359 4162 ium
371 4104 441 4163 inde
456 4124 510 4178 per
524 4123 591 4164 cors-

718 1576 800 1632 sules
828 1576 947 1652 reliqua
968 1576 1041 1633 betti
1061 1570 1185 1649 perse-¹

718 1671 781 1718 era:
798 1660 826 1718 tt
843 1682 878 1721 m.
898 1665 923 1721 1.
941 1660 1058 1723 P.-·lll
1075 1683 1110 1720 m.
1123 1664 1162 1720 t:

719 1750 870 1819 conueniet
885 1751 926 1805 eia
944 1747 1007 1804 inde
1019 1757 1070 1808 est.
1087 1749 1114 1806 b.
1125 1767 1164 1806 et
1195 1748 1198 1758 '

719 1830 904 1893 convenientis
913 1836 984 1895 iude.
1006 1853 1040 1877 ..;
1053 1837 1164 1892 Conse·

719 1925 764 1980 nit
780 1923 838 1982 scil.
856 1925 927 1980 inter
944 1927 1099 2004 scriptores.

650 2010 693 2069 10.
721 2030 787 2077 cuns
803 2010 979 2069 Frentanis:
997 2009 1019 2069 P
1040 2031 1076 2069 m.
1095 2007 1166 2069 ill
1224 2028 1231 2039 ·

719 2117 756 2156 m.
776 2101 800 2157 1.
817 2097 896 2158 Leid.
905 2101 938 2171 1.]
958 2118 1020 2159 eum
1037 2098 1165 2155 Forenta-

658 2236 661 2243 .
720 2187 764 2244 uis
781 2189 834 2254 (ex
857 2188 929 2246 coni.
950 2187 973 2244 l.
995 2184 1041 2244 Fr.
1059 2183 1165 2242 Grono-

720 2273 787 2342 vii).
805 2303 840 2320 ι-
866 2274 941 2336 Cum
955 2274 1115 2331 Frentanis
1132 2291 1166 2329 ex
1270 2326 1278 2335 ,

720 2359 830 2436 optimis
858 2358 936 2416 libris
970 2358 1167 2417 restituendum

721 2455 786 2506 erat.
817 2446 1011 2508 annuariam
1028 2448 1100 2506 enim
1117 2466 1166 2525 pu·

721 2545 830 2608 gnatum
852 2544 910 2597 erat
932 2544 959 2593 et
976 2534 1104 2593 Frentiui
1126 2532 1167 2590 illi

722 2622 782 2680 urbi
800 2622 908 2679 finitimi
926 2632 1016 2682 erant..
1028 2625 1069 2679 sic
1087 2623 1168 2680 etism
1278 2656 1284 2661 ·

722 2711 750 2775 9,
769 2710 811 2766 15.
823 2707 954 2765 Publilius
972 2729 1047 2769 cons.
1065 2707 1169 2786 aliquot

725 2796 796 2850 circs
813 2792 955 2854 Luceriam
972 2795 1168 2871 populossub·

724 2882 811 2954 egisse
820 2880 927 2939 dieitur.
940 2881 974 2940 cl.
984 2881 1118 2948 Strabob,
1129 2884 1171 2938 bs

726 2966 883 3041 Φρεντανοὶ
891 2969 1062 3029 Enerensis
1076 2957 1169 3036 ἐ’ἓνος.

725 3054 795 3114 Plio.
807 3058 901 3124 3‚103.
915 3059 989 3116 too:
1006 3057 1080 3131 regio
1088 3055 1111 3113 F
1112 3075 1170 3112 ren·

726 3152 787 3201 tans
800 3143 833 3203 al.
851 3142 953 3203 Urbem
963 3145 1048 3223 ipsam
1058 3145 1171 3212 veroin

726 3226 807 3308 cluam
822 3251 852 3288 se
861 3231 988 3291 Frentsiri
1001 3232 1172 3301 contulerint,

726 3318 820 3377 Livius
831 3339 886 3376 non
896 3324 1024 3388 nominat,
1031 3321 1090 3380 slve
1098 3319 1172 3397 quoti

728 3427 826 3464 nornen
844 3408 902 3464 eius
920 3409 949 3463 iu
961 3408 1074 3465 vetustis
1091 3427 1172 3465 suns·

728 3493 800 3551 libus
810 3496 1040 3553 noninvsnitsive
1048 3493 1174 3571 quodeb-

730 3580 835 3637 sidibus
854 3582 924 3638 dotis
945 3582 1087 3640 moenibus
1101 3583 1175 3660 ipsis
1214 3584 1217 3593 '

730 3671 863 3726 exercitus
890 3668 1014 3727 admotus
1040 3690 1096 3729 non
1126 3679 1176 3731 est.
1255 3674 1256 3678 ’

729 3758 1005 3832 siepraetennissnm
1021 3762 1073 3826 30,
1091 3761 1117 3818 7.
1135 3766 1177 3814 est
1259 3768 1261 3772 '

731 3863 829 3900 nornen
852 3848 910 3902 eius
932 3848 1019 3915 urbis,
1043 3848 1073 3903 in
1097 3865 1177 3922 quom

732 3929 882 3988 Hasdrubal
894 3932 1050 4008 confugerat
1062 3941 1090 3988 et
1100 3953 1177 4010 quse,

733 4039 793 4075 curn
808 4019 959 4077 Hasdrubal
976 4020 1145 4088 excessisset,
1162 4041 1177 4076 s

734 4106 863 4184 Scipione
880 4110 910 4168 iu
923 4106 1089 4168 delitionem
1105 4127 1181 4167 sees*
1223 4119 1225 4122 ·
