2618 4590
155 214 222 287 ooo
629 224 793 288 curor
863 182 867 187 ⁵

155 414 235 463 num
259 414 321 461 nec
346 390 448 482 magis
475 389 540 457 iam
565 388 643 458 dolo
670 391 741 482 capi
770 413 868 483 quam
895 390 995 459 arum
1020 390 1117 460 vinci
1147 399 1256 485 posset¹

155 496 238 567 haee
258 495 314 564 ubi
335 496 440 564 audita
461 504 537 564 snut
562 504 596 561 et
617 493 659 560 ad
680 518 737 564 eos
767 496 822 586 qui
848 495 1073 564 comederant
1095 496 1135 564 in
1160 498 1258 566 insidia

156 596 296 695 perlata,
323 610 564 670 consmrectum
584 609 716 689 repente
738 622 780 666 ex
807 598 936 669 latebris
965 611 1023 668 est
1047 611 1087 670 et
1110 601 1150 669 in
1172 615 1257 694 pater

155 712 224 774 tem
251 704 292 772 ad
318 716 529 796 conspectum
556 703 697 794 undique
724 727 875 796 campum
901 702 1034 797 prolata
1061 705 1175 798 signa.
1210 707 1258 774 via

125 807 263 901 olegato
290 810 392 878 maior
422 809 507 878 acies
534 832 633 901 quam
660 834 743 900 quae
772 810 813 877 ab
841 832 902 878 suo
930 808 1107 900 praesidio
1132 810 1258 879 scirtium

153 924 279 1006 posset:
301 915 409 1005 itaque
430 937 567 1007 propere
589 914 630 981 ad
651 914 839 983 dictatorem
861 912 978 983 auxilia
996 914 1156 984 accitum
1178 914 1258 999 mittit,

153 1018 236 1087 inter
256 1042 296 1088 ee
316 1019 385 1110 ipse
406 1018 545 1111 impetus
566 1017 708 1086 hostium
730 1019 877 1087 sustinet.

155 1150 158 1155 ·
190 1148 194 1155 ·
241 1124 284 1195 V.
325 1122 447 1193 Nuntio
476 1122 581 1189 adlato
610 1123 744 1192 dictator
769 1123 858 1215 signa
886 1121 962 1190 ferri
990 1146 1035 1191 ae
1065 1124 1173 1217 sequi
1192 1123 1259 1192 iubet

130 1256 134 1263 ·
155 1239 310 1296 armatos:
346 1226 404 1294 sed
426 1224 578 1295 celeriora
600 1251 702 1318 prope
729 1228 836 1296 omnia
862 1226 1001 1318 imperio
1032 1241 1157 1312 erant,
1190 1239 1259 1319 rapta

108 1328 319 1425 ldextemplo
341 1330 429 1421 signa
452 1354 604 1423 annaque
626 1343 659 1402 et
686 1333 742 1402 vix
769 1332 809 1400 ab
837 1332 960 1423 impetu
987 1345 1027 1402 et
1054 1356 1167 1401 cursu
1194 1343 1260 1400 tene

39 1426 43 1431 ¹
154 1436 287 1504 bantur:
316 1459 395 1504 cum
416 1435 462 1503 ira
485 1435 525 1504 ab
543 1448 680 1528 accepta
707 1456 811 1530 nuper
838 1437 930 1507 clade
956 1436 1178 1523 eliminabat,
1209 1448 1263 1505 tun

154 1539 341 1609 concitatior
368 1541 516 1609 accidens
543 1541 666 1611 clamor
693 1541 734 1610 ab
762 1541 959 1610 increscente
986 1542 1198 1610 certamine:
1225 1564 1263 1607 ur·

152 1652 231 1741 'g'e'nt
249 1643 360 1736 itaque
382 1644 435 1712 alii
456 1645 535 1713 ulios
556 1645 787 1738 hortanturque
809 1645 976 1738 signiferos
996 1656 1038 1713 ut
1068 1646 1172 1717 ocius
1194 1655 1263 1714 eant

152 1762 221 1841 quo
241 1749 342 1841 magis
364 1748 549 1818 testinantes
570 1749 658 1819 videt
680 1751 829 1834 dictator,
863 1773 904 1818 eo
931 1749 1108 1841 inpensius
1136 1760 1265 1820 retentat
1292 1740 1295 1745 ¹

107 1862 142 1924 15
154 1872 269 1944 agmen
291 1878 330 1923 ac
357 1855 476 1923 sensim
501 1854 650 1923 incedere
678 1854 784 1923 iubet:
816 1853 943 1922 Etrusci
970 1858 1089 1922 contra
1114 1855 1265 1946 principio

153 1957 249 2027 exciti
269 1982 395 2050 pugnae
424 1959 572 2028 omuibus
601 1958 701 2049 copiis
731 1959 875 2026 aderant:
909 1969 943 2026 et
970 1981 1075 2050 super
1108 1960 1195 2027 alios
1221 1957 1265 2026 alii

152 2061 298 2132 nuntiant
320 2063 464 2132 dictatori
487 2087 600 2131 omnes
614 2063 758 2154 legiones
771 2063 981 2135 Etruseorum
1001 2065 1195 2154 capessisse
1214 2087 1264 2155 pu·

149 2188 250 2287 gram
271 2191 332 2236 nec
354 2167 418 2234 iam
440 2167 479 2236 ab
503 2167 569 2235 suis
590 2167 693 2234 resisti
715 2190 820 2261 posse,
844 2178 876 2235 et
897 2168 966 2265 ipse
985 2167 1091 2235 cernit
1108 2191 1156 2236 ex
1178 2191 1262 2259 supe·

153 2270 236 2342 tiore
257 2270 364 2345 loco
353 2296 387 2339 m
410 2283 529 2366 quanto
553 2266 730 2343 discrimine
754 2271 949 2367 praesidium
976 2282 1082 2345 esset·
1122 2283 1261 2345 ceterum

168 2479 196 2537 8.
214 2480 325 2536 nmio
347 2480 453 2538 udluro
475 2480 604 2538 dictator
630 2483 668 2538 ei·

174 2585 286 2645 *gno
305 2565 392 2639 ferri
416 2587 453 2624 ue
478 2570 567 2644 ecqui
591 2570 670 2625 iubet

810 2482 863 2545 det
879 2481 1024 2539 Mutare
1036 2477 1096 2544 PM.
1109 2513 1147 2530 -
1160 2481 1224 2541 Pell.
1234 2500 1257 2543 u.

810 2569 872 2628 cod.
889 2567 946 2644 Sig.
965 2567 1014 2629 al:
1036 2569 1204 2629 festinantes
1222 2571 1256 2626 ire

149 2652 190 2689 ’ἦ
220 2662 371 2712 ammius:
391 2652 456 2728 ΡΜ]
475 2657 569 2713 nuntio
588 2654 668 2713 allato

221 2739 383 2799 dicutur
359 2760 435 2819 signa
456 2741 523 2804 ferri
544 2752 572 2799 et
590 2745 668 2821 sequi

162 2852 201 2889 ···,·
221 2836 275 2887 cet.
292 2831 380 2900 (rece.
399 2830 504 2901 codd).
514 2859 548 2872 -
560 2828 637 2890 leid.
649 2849 668 2890 1.

146 2938 151 2953 ·
221 2911 302 2974 lieet.
315 2934 359 2974 ιω
376 2919 452 2992 signa
464 2918 529 2978 larci
541 2937 573 2975 ac
590 2919 669 2995 sequi

222 3009 339 3058 armatos
357 3003 439 3063 iubet.
451 3035 486 3046 -
503 3003 565 3061 PM:
585 3013 611 3060 et
621 3007 668 3061 uix

163 3118 167 3131 ·
210 3088 256 3145 'alr
274 3089 376 3164 impetu
393 3098 421 3145 et
443 3109 523 3148 eursu
540 3091 667 3151 teneban-

219 3181 272 3232 tur.
304 3172 348 3235 cf.
365 3179 396 3246 9,
412 3179 471 3235 37.=
489 3176 574 3236 nihilo
592 3180 666 3256 quie·

809 2656 894 2714 uidet.

740 2743 784 2804 15.
808 2743 953 2819 prmcipio
971 2744 1066 2801 exciti
1078 2734 1255 2823 pugnuerl.

808 2861 845 2877 ·-
866 2829 907 2887 lle
930 2848 1027 2906 pugne.
1059 2827 1135 2891 Cod.
1152 2829 1255 2895 Kloclu

808 2917 944 2994 principio
962 2919 1073 2975 excitati
1089 2937 1206 2995 pugnae.
1225 2947 1254 2962 -

784 3003 851 3075 ,tlz
879 3024 973 3062 omnes
993 3003 1114 3079 legiones
1139 3015 1254 3063 etrusco.

808 3110 870 3149 rum
893 3093 1042 3169 capessisse
1065 3110 1195 3169 pugnam.
1223 3090 1254 3148 P:

809 3183 868 3234 ons
886 3182 1011 3254 regiones
1029 3189 1201 3240 etruscorum
1217 3200 1254 3236 ea·

221 3263 278 3317 tior
292 3281 422 3323 romanus
433 3268 566 3325 exercitus
582 3268 666 3343 impe·
807 3266 927 3344 pessisse
945 3275 996 3326 eet.
1013 3297 1048 3310 -
1066 3266 1137 3326 [ιον.
1150 3270 1190 3331 dn
1208 3286 1255 3323 nee

219 3349 269 3405 rio
282 3348 359 3408 ducis
378 3357 539 3414 continetur.
808 3351 842 3409 ab
865 3355 921 3410 suis
940 3385 974 3400 -
992 3363 1094 3433 quanto
1117 3356 1150 3412 iu
1175 3364 1254 3412 certa·

150 3433 193 3494 11.
219 3454 286 3493 eum
302 3439 351 3496 iro
372 3441 411 3496 ob
433 3449 553 3516 occepta
573 3460 667 3516 nuper
807 3441 890 3501 mine.
1197 3502 1203 3511 ,

220 3524 310 3581 elude
328 3528 519 3586 stimulabat.-
541 3527 569 3585 lll
586 3547 621 3586 m.
640 3530 665 3586 1.
737 3526 781 3585 19.
809 3537 938 3586 ceterum
963 3530 1040 3587 eutis
1060 3528 1170 3605 fretus
1191 3549 1255 3586 esse

155 3640 158 3649 ·
196 3640 253 3657 w-
281 3611 308 3669 ll
334 3634 370 3674 m.
392 3618 434 3675 3st
465 3625 523 3676 tum
549 3616 590 3673 ira
614 3622 664 3672 eet.
806 3616 895 3673 etium
918 3634 996 3673 nunc
1017 3616 1180 3677 tolerando
1197 3636 1254 3675 cer·

152 3736 156 3743 -
217 3695 254 3755 P:
285 3719 345 3757 oum
372 3703 414 3767 ira
438 3713 553 3780 occepta
578 3719 664 3778 nuper
806 3704 913 3759 tumori
931 3704 1080 3781 legatum:
1103 3702 1167 3760 Pol:
1195 3706 1253 3773 „in-

205 3783 295 3843 clude
312 3787 473 3849 stimulabat.
491 3789 566 3847 -Pall
589 3792 614 3848 1.
637 3791 663 3847 3.
807 3788 871 3845 dess
890 3789 923 3846 da
943 3810 973 3847 er
991 3789 1039 3847 der
1050 3788 1180 3867 lleiuung
1191 3812 1254 3860 war,

194 3872 299 3932 ¹llous.
308 3892 336 3933 11.
353 3874 401 3937 al:
420 3896 481 3939 cnm
499 3879 539 3935 ira
555 3885 665 3953 accepta
771 3933 774 3938 ,
807 3875 871 3933 dass
902 3876 951 3933 der
980 3874 1065 3953 Legat
1094 3879 1164 3939 auch
1193 3878 1256 3952 jetzt'

141 3964 145 4007 ἓ
167 3990 170 3995 -
216 3976 305 4034 nuper
326 3960 402 4019 clade
419 3963 634 4025 stimulabantur.
807 3962 878 4021 noch
896 3963 1060 4042 denKampi
1074 3984 1142 4040 ganz
1160 3977 1209 4042 gut
1220 3966 1254 4021 al·

147 4045 278 4119 ll...uuo
300 4050 398 4131 augis
414 4049 601 4121 festinantes
622 4049 663 4109 ui·
806 4048 862 4111 lein
872 4050 1009 4114 aushalten
1019 4052 1117 4125 lime,
1126 4054 1184 4115 uod
1194 4053 1255 4110 dese
