2618 4590
523 285 706 348 usuum.
846 333 850 341 ,
998 264 999 271 ‘
1098 275 1166 346 225

66 449 199 534 sulibus.
237 446 484 518 semunciarium
505 457 630 516 tontum
653 470 693 516 ex
714 447 854 515 unciario
876 449 968 519 lenus
989 453 1109 522 laetum
1131 462 1166 521 et

60 554 95 621 in
115 555 288 646 pensiones
311 576 431 644 aequas
453 551 579 619 triennii
599 589 644 600 -
664 552 707 620 ita
737 563 774 619 ut
802 565 913 643 quarto
940 580 1089 645 praesens
1116 580 1164 624 es·

61 671 114 727 set
128 698 172 709 —-
187 658 304 727 solutio
321 656 402 724 aeris
417 656 510 723 alieni
524 656 706 746 dispensata
724 667 788 723 est:
811 669 844 725 et
866 658 912 726 sie
928 683 1059 750 quoque
1072 672 1162 750 parts

59 765 166 853 plebis
190 763 313 829 adlecta
335 761 414 827 fides
435 772 543 828 tamen
564 761 692 850 publica
707 760 836 851 privatis
852 761 1086 830 difficultatibus
1107 746 1175 853 pos

58 868 125 934 tior
148 868 188 934 ad
211 889 320 934 euram
341 864 463 931 senatui
478 865 551 930 luit:
573 865 698 932 levatae
713 866 852 945 maxime
868 892 930 951 res,
953 868 1027 958 quia
1044 867 1194 935 tributos

62 995 104 1038 ae
127 972 244 1038 dilectu
265 992 497 1059 supersessum.
534 969 644 1035 Tertio
669 992 751 1035 anno
776 982 851 1061 post
867 972 1026 1039 Satricum
1041 971 1165 1039 restitu-

57 1086 131 1140 tum
158 1073 326 1142 aVulscis
347 1073 393 1141 Μ.
415 1072 562 1142 Valerius
585 1072 709 1142 Corvus
737 1075 853 1141 iterum
880 1077 993 1143 consul
1020 1099 1095 1143 cum
1124 1073 1163 1141 0.

57 1178 206 1245 Poetelio
234 1178 351 1260 factus,
379 1200 455 1245 eum
482 1201 525 1244 ex
546 1176 637 1244 Latio
665 1179 845 1246 nuntiatum
866 1190 952 1246 esset
976 1179 1099 1271 legatos
1122 1177 1163 1244 sb

61 1281 159 1349 Antio
182 1281 348 1348 circumire
362 1281 503 1372 populos
517 1275 703 1347 Lutinomm
726 1282 765 1348 ad
787 1283 1011 1350 concitandum
1032 1283 1164 1365 bellum,

59 1385 245 1477 priusquam
265 1386 339 1475 plus
361 1384 504 1452 hostium
523 1384 631 1469 fimet,
658 1386 787 1455 Volscis
808 1411 895 1454 anna
921 1387 1038 1456 inferre
1057 1389 1163 1455 iussus
1175 1401 1213 1456 to

61 1491 100 1556 ad
116 1490 275 1557 Satricum
296 1489 438 1556 exercitu
459 1487 575 1555 infesto
598 1490 710 1580 pergit.
749 1515 815 1582 quo
839 1516 914 1559 cum
934 1492 1077 1576 Antiates
1099 1492 1163 1559 elii·

62 1618 127 1683 que
146 1591 259 1661 Vulsci
281 1593 475 1684 praeparatis
498 1593 563 1658 iam
585 1603 668 1676 ante,
691 1593 718 1659 si
741 1595 819 1685 quid
841 1596 881 1661 ab
896 1597 999 1663 Roma
1021 1619 1163 1663 movere-

59 1709 127 1781 tur,
156 1698 255 1789 copiis
284 1697 511 1778 occurrissent,
543 1696 631 1763 nulla
653 1721 744 1764 mora
771 1699 854 1767 inter
880 1699 1021 1767 infensos
1042 1697 1163 1766 diutino

61 1801 138 1870 odio
167 1802 335 1870 cliniieandi
362 1802 447 1870 facta
478 1811 537 1868 est.
580 1800 692 1871 Vulsci
713 1843 757 1855 -
779 1802 916 1872 ferocior
943 1804 984 1870 ad
1011 1802 1164 1870 rebellan-

136 1956 170 1985 a.
194 1941 237 2001 cf.
255 1946 282 2010 7,
300 1945 344 2001 78.
362 1945 388 2010 8,
406 1944 433 1999 3.
453 1927 528 1998 'lllut
545 1955 582 1998 11
719 1921 906 2020 persessum:
924 1943 981 2005 PM.
999 1975 1033 1986 -
1054 1934 1128 2000 Harl.
1147 1960 1165 2002 r.

131 2028 200 2084 nihil
211 2029 284 2086 aliud
294 2027 491 2086 videturluisse
501 2048 581 2105 quom
721 2031 801 2090 Voss.
814 2051 841 2086 u.
860 2031 906 2089 ult:
926 2052 957 2087 ac
975 2031 1097 2089 dilectui.
1168 2064 1172 2071 ·

132 2116 263 2194 porticulo
275 2126 303 2174 et
312 2117 345 2173 ab
355 2116 505 2192 antiquiore
514 2135 580 2191 quo·
668 2121 694 2176 7.
719 2118 759 2176 M.
791 2118 934 2175 Valerius
963 2119 1080 2174 Coruus
1115 2117 1166 2174 ite·

133 2203 316 2261 damlibrario
329 2201 579 2282 porumintellecta.
721 2225 803 2262 rum:
832 2203 925 2261 Lovel.
954 2206 996 2276 1.]
1025 2204 1060 2262 ll.
1091 2201 1166 2261 Vele-

133 2294 174 2348 sio
202 2294 273 2348 enim
296 2291 328 2350 L.
355 2290 488 2347 similibus
510 2289 579 2346 loeis

133 2378 251 2435 seribere
261 2378 378 2434 solebat:
398 2399 438 2436 ex.
450 2398 489 2452 gr.
499 2381 526 2444 7,
540 2381 564 2436 1.
572 2386 582 2434 ἑ

134 2466 224 2536 „inde
241 2464 272 2525 L.
291 2465 412 2521 Genucio
430 2474 459 2521 et
471 2463 505 2538 Q
517 2463 580 2520 Ser·

136 2553 203 2610 vilio
227 2553 382 2610 consulibus
405 2562 432 2608 et
455 2551 488 2606 ab
509 2552 580 2607 sedi-

134 2642 210 2696 tione
237 2651 264 2696 et
286 2661 302 2695 a
325 2638 395 2695 bello
418 2640 516 2714 quietis
539 2657 580 2694 re·

134 2727 220 2785 bus“.
240 2731 267 2791 7,
286 2728 328 2784 12.
347 2725 380 2781 al.

82 2818 118 2875 1.·
138 2809 582 2878 semunciarium:P.Cl.7‚16.:

139 2901 175 2957 de
194 2900 313 2956 unciario
326 2898 427 2967 fenore.
440 2927 474 2937 -
485 2895 525 2952 M:
542 2915 583 2952 se·

56 2980 61 2989 ’
136 2988 319 3046 monticulum.
350 2983 431 3043 voss.
449 3003 477 3043 11.
494 2983 584 3040 multi·

137 3095 190 3152 que
200 3073 245 3129 ulii
254 3073 346 3131 eodd.:
359 3063 582 3130 seiniuncimlum.

140 3160 184 3219 cf.
197 3169 339 3230 semiustus,
350 3159 490 3216 semermis
501 3156 535 3216 ol.
549 3189 583 3200 -

106 3318 110 3323 Ι
138 3247 202 3304 PM:
224 3247 318 3304 loeuus
337 3248 443 3306 loetum.

83 3368 119 3380 -
138 3344 168 3394 et
186 3337 216 3391 in
233 3337 391 3410 pensiones
402 3351 518 3409 aequas
533 3333 584 3388 tri·

139 3420 316 3487 enniiel'll:
339 3421 365 3478 h.
389 3439 413 3479 e.
440 3429 471 3475 ut
492 3421 586 3495 aequis

138 3510 269 3585 temporis
301 3507 397 3584 spatiis
425 3526 474 3582 per
503 3510 585 3561 trien·

141 3597 218 3652 nium
229 3614 259 3650 ea
272 3592 371 3648 solutio
381 3591 586 3668 persolveretur.

140 3713 176 3726 —
188 3680 264 3738 multi
274 3700 343 3738 rece.
356 3677 450 3736 sudu:
465 3679 494 3733 in
505 3680 587 3734 trien-

78 3768 91 3829 '.
142 3773 227 3829 nium.
250 3800 284 3810 -
316 3765 359 3825 Cf.
377 3768 426 3831 33,
445 3767 501 3822 30.:
522 3783 587 3842 pen·

721 2294 779 2350 rius
797 2290 904 2348 Corvus
921 2290 1069 2348 secondum
1086 2293 1167 2362 (rece.

721 2378 829 2449 codd.).
848 2410 882 2420 -
909 2376 989 2438 Voss.
1007 2398 1033 2435 n.
1050 2377 1100 2437 al:
1125 2397 1168 2434 se·

723 2466 836 2525 condus.
866 2497 900 2507 —-
931 2464 974 2524 Cf.
1001 2469 1033 2533 6,
1057 2467 1112 2524 18.=
1134 2461 1168 2521 T.

723 2553 867 2627 Quinctius
903 2551 1080 2609 Cincinnatus
1119 2552 1168 2607 ite·

723 2661 792 2700 rum.
804 2674 837 2683 -
851 2640 911 2696 Plll:
930 2639 1058 2695 auolscis
1076 2645 1110 2696 eiu
1123 2657 1168 2695 uo-

723 2725 807 2782 letius
828 2745 934 2783 coruus.
947 2745 975 2783 n.
994 2732 1050 2783 eos.
1063 2743 1132 2779 eum.
1145 2729 1169 2782 ὃ.

724 2812 819 2888 petilio
838 2812 933 2869 lactus.
951 2808 996 2868 Cl.
1014 2815 1040 2875 7,
1059 2811 1103 2866 11.

672 2899 699 2957 8.
726 2917 792 2955 cum
822 2917 862 2955 ex
888 2897 975 2953 Latio
1005 2896 1171 2951 nuntiatum
1212 2955 1218 2964 ‚

727 2993 821 3043 esset.-
844 2982 874 3042 P.
899 3015 933 3025 -
960 2980 999 3038 ll:
1021 2981 1170 3052 numitiu-

726 3082 791 3130 tum.
817 3069 894 3129 Leid.
912 3087 945 3126 n:
964 3065 1170 3141 eumsxollstio
1283 3080 1284 3083 ’

726 3161 876 3216 nuntiatum
894 3167 973 3216 esset.
991 3187 1026 3200 -·
1052 3154 1114 3213 Pll:
1132 3152 1170 3209 lo·

726 3255 802 3320 gatos
817 3245 945 3302 obAotio
959 3244 1108 3301 circumice.
1126 3238 1173 3299 Cf.

727 3334 758 3400 lt,
780 3337 819 3389 7.:
846 3331 926 3404 legati
950 3331 983 3386 ob
1000 3326 1171 3384 Ardeatibus.

728 3450 762 3461 -
780 3417 815 3474 P:
834 3417 941 3476 uolscis.
964 3415 1006 3473 lll:
1024 3413 1119 3471 uoltis.
1136 3441 1171 3454 -·
1218 3417 1227 3431 ¹

729 3503 767 3560 M:
787 3506 936 3560 exereitum
948 3502 1016 3560 lesto
1029 3501 1124 3578 pergit.
1136 3529 1170 3543 -

727 3590 792 3646 PM:
811 3589 910 3666 aliique
927 3589 1021 3648 uolsci.
1038 3619 1072 3631 -
1089 3587 1117 3647 ll
1134 3606 1170 3646 m.

729 3679 770 3734 1.:
789 3676 949 3735 diutinodio.
968 3695 1003 3735 m.
1015 3678 1054 3735 3.:
1067 3675 1170 3732 diutino

730 3763 803 3820 odio.

139 3857 264 3914 sionibus
282 3854 375 3911 decem
397 3869 535 3908 annorum.
553 3880 588 3892 -
660 3849 703 3908 14.
730 3850 827 3906 uulsci
829 3849 967 3924 ferocior
975 3853 1018 3908 ad
1031 3850 1173 3921 rebellan-

140 3936 588 4001 Pl12aerisolienis.-Mm.7.:
730 3936 801 3991 duim
828 3958 917 4012 quom
942 3939 980 3995 ab
1003 3934 1175 3993 bellandum
1250 3970 1253 3975 -

143 4029 235 4088 alieni.
729 4042 805 4101 gens
832 4025 992 4079 certamino
1016 4022 1086 4078 uicti
1110 4026 1174 4076 ests

88 4121 118 4177 5.
145 4118 218 4196 quia
234 4117 342 4174 tributo
361 4135 401 4172 oo
414 4115 523 4172 dilectu
539 4131 589 4192 su-
730 4109 779 4168 ΡΜ
785 4133 792 4167 :
810 4111 865 4168 uisi
877 4109 950 4187 quod
963 4107 1023 4167 ioP
1034 4103 1174 4175 „uolsci“.

10 4288 12 4293 Ι
98 4221 128 4267 Τ.
143 4219 196 4266 Livi
210 4236 261 4280 pm
274 4220 306 4264 ll.
602 4272 614 4297 l
933 4199 974 4262 15
