2618 4590
111 226 113 234 “
163 253 207 319 70
630 264 738 324 uana
757 265 800 327 vr.

162 408 286 495 belluni
307 429 476 496 iusserunt.
512 439 702 518 apparatum
720 448 763 509 eo
786 449 869 497 anno
885 429 1007 495 bellum
1022 438 1080 510 est,
1103 429 1262 496 exereitus

163 545 297 623 propter
317 533 529 625 pestilentiam
550 556 616 599 non
644 533 789 600 eductus,
827 555 928 622 eaque
958 533 1116 599 cunetatio
1140 533 1263 599 colonis

161 638 302 727 spatium
332 638 460 705 dederat
488 636 679 726 deprecandi
700 648 862 704 senatum:
896 649 929 704 ct
956 661 1070 728 magna
1095 636 1264 703 bominum

163 765 236 832 pars
259 766 298 809 eo
320 753 356 809 ut
375 741 491 832 legatio
514 740 651 831 supplex
672 740 810 808 Romam
831 741 1008 810 mitteretur
1027 740 1208 824 inclinabat,
1230 741 1263 806 ni

100 922 102 931 Ι
133 845 285 935 oprivato
307 858 344 914 ut
364 845 401 914 tit
421 845 564 936 periculo
586 845 751 935 publicum
772 846 949 938 inplicitum
971 857 1070 929 esset,
1104 857 1263 913 auctores-

164 973 226 1039 que
254 949 441 1019 deiectionis
470 951 510 1016 ab
532 950 683 1018 Romanis
710 961 800 1017 metu
827 975 868 1018 nc
895 952 957 1019 soli
986 950 1107 1019 erluini
1130 949 1265 1017 subiecti

60 1124 63 1133 ,
162 1055 287 1144 piacula
309 1056 374 1122 irae
396 1054 617 1122 Romanorum
639 1055 844 1139 dederentur,
871 1057 1058 1123 avertissent
1080 1052 1222 1121 colonias
1245 1077 1264 1119 a

163 1158 301 1225 consiliis
322 1160 421 1249 pacis.
457 1183 563 1252 neque
585 1159 618 1227 in
644 1170 757 1226 senatu
785 1159 891 1226 solum
920 1184 979 1251 per
1001 1182 1057 1228 eos
1080 1158 1196 1247 legatio
1219 1156 1264 1223 in-

163 1262 270 1351 pedita
293 1275 342 1330 est
363 1263 421 1331 sed
442 1288 556 1353 magna
577 1286 651 1354 pars
679 1263 781 1355 plebis
809 1263 935 1331 incitata
958 1277 994 1332 ut
1022 1265 1210 1355 praedatum
1232 1261 1264 1326 in

117 1377 275 1454 roagium
313 1367 496 1436 Romanum
533 1369 664 1436 exirent.
700 1368 781 1436 haee
817 1393 902 1436 nova
938 1368 1048 1436 iniuria
1087 1364 1266 1434 exturbavit

165 1492 295 1537 omnem
316 1495 408 1562 spem
430 1472 528 1562 pacis.
565 1473 605 1540 de
628 1472 907 1540 Praenestinorum
930 1497 1060 1564 qnoque
1085 1470 1264 1539 delectione

164 1597 204 1642 eo
219 1598 310 1665 ⁸anno
331 1577 470 1666 primum
492 1576 577 1643 fama
600 1588 721 1658 exorta,
744 1577 1009 1667 arguentibusque
1033 1601 1089 1646 eos
1112 1574 1265 1643 'luscula-

164 1677 212 1745 nis
236 1691 268 1749 et
283 1680 412 1748 Gabinis
435 1693 468 1748 et
481 1680 658 1765 Labicanis,
679 1704 817 1771 quorum
832 1682 863 1747 in
878 1681 958 1749 [ines
974 1683 1169 1751 incursatum
1188 1689 1266 1759 erat,

75 1860 80 1869 Ι
162 1781 206 1847 ita
228 1783 351 1872 placide
374 1785 413 1850 ab
437 1796 550 1851 senatu
572 1808 764 1874 responsum
786 1797 844 1868 est,
864 1798 900 1852 ut
915 1787 1020 1852 minus
1043 1786 1128 1852 credi
1150 1785 1191 1851 dc
1208 1783 1264 1849 eri-

117 1893 152 1950 15
162 1887 309 1970 minibus,
332 1889 406 1979 quia
427 1889 550 1956 nollent
572 1913 609 1955 ea
632 1913 707 1956 vcra
729 1913 810 1972 esse,
833 1901 1009 1980 appareret.

201 2016 204 2023 ·
252 1992 353 2060 ΧΧΠ.
398 1993 579 2083 Insequenti
607 2017 690 2060 anno
713 1994 770 2084 sp.
799 2005 832 2061 et
853 1993 889 2060 L.
912 1993 1026 2084 Papirii
1053 1993 1129 2059 novi
1150 1991 1266 2059 tribuni

163 2095 299 2166 militum
322 2097 481 2165 consulari
502 2109 661 2186 potestate
684 2098 821 2167 Velitras
844 2098 986 2188 legiones
1015 2099 1150 2179 duxere,
1176 2106 1266 2187 quat-

820 2327 915 2394 dom't‚
937 2325 984 2382 alii
1004 2324 1182 2383 deturbaud.
1218 2323 1267 2380 Sic

819 2412 900 2490 paulo
918 2423 981 2491 post
998 2432 1068 2470 rece.
1082 2410 1156 2487 quid.
1171 2410 1266 2470 codd:

181 2322 208 2378 3.
235 2330 264 2377 et
285 2341 396 2402 magno
418 2324 569 2380 bominum
592 2343 680 2397 para:

234 2404 290 2465 Pil.
308 2400 338 2464 ln
350 2409 423 2469 Harl.
436 2429 452 2468 r.
471 2420 501 2466 et
511 2430 622 2489 arogno
634 2431 678 2467 ex·

236 2493 365 2553 ciderunt.
378 2529 412 2538 -
424 2498 466 2554 M:
484 2499 512 2552 ni
529 2500 634 2573 priuato
649 2509 679 2554 ut

234 2579 269 2635 fit
289 2582 411 2658 periculo
437 2583 577 2662 publicum
600 2584 677 2662 plici·

234 2674 292 2723 tum
310 2660 388 2730 esset.
406 2671 441 2728 P:
459 2672 513 2727 nisi
526 2681 558 2728 ut
572 2674 678 2746 priuato

235 2763 268 2810 ut
288 2753 320 2810 fit
341 2757 461 2833 periculo
483 2757 621 2835 publicum
639 2761 678 2814 in·

233 2840 356 2917 plicitum
365 2856 443 2905 esset.
452 2845 525 2908 Harl.
536 2864 552 2904 1.
561 2844 639 2905 Laid.
647 2865 677 2904 n:

233 2930 261 2985 ni
280 2928 384 3005 priuato
403 2940 432 2991 ut
448 2935 480 2990 lit
492 2934 611 3010 periculo
630 2954 678 3007 pn·

233 3016 333 3074 blicum
341 3020 502 3095 supplicium
511 3030 589 3077 esset.
609 3019 680 3076 Cot.

236 3100 347 3162 Kloclr.:
365 3105 525 3181 inplicatam
537 3115 616 3163 esset.
635 3104 678 3164 Cf.

235 3188 262 3254 5,
279 3190 335 3247 31.:
357 3191 565 3268 consulibusque
583 3193 678 3249 morbo

234 3274 372 3352 inplicitis.
404 3281 428 3346 1,
445 3282 505 3338 31.:
522 3277 678 3357 inplicatus.

234 3365 278 3430 30,
296 3365 337 3424 5.:
360 3364 573 3442 explieauerunt.

820 2511 894 2560 orta.

750 2642 793 2700 13.
819 2592 1265 2711 Labicanis:Pllllarl.1.bcid.1.]

819 2726 961 2783 Lavicanis
978 2726 1055 2795 (eod.
1074 2725 1194 2798 Sigoui).
1220 2724 1264 2784 Cf.

819 2817 846 2881 2,
864 2816 924 2872 39.:
941 2815 1075 2871 Labicos.
1089 2844 1124 2854 --
1142 2811 1203 2868 Plll:
1222 2832 1263 2868 ar·

819 2901 1021 2977 guentibusque
1042 2899 1145 2968 („aber
1171 2898 1263 2970 als“):

819 2989 854 3048 el.
867 2992 893 3057 6,
906 2991 944 3044 ab:
962 2985 1097 3062 laborque
1111 2988 1264 3045 continuus.

749 3129 792 3189 14.
819 3130 862 3184 itu
882 3127 1000 3202 placide
1022 3128 1060 3182 ab
1086 3136 1194 3183 senatu
1219 3147 1264 3184 rc·

820 3234 961 3288 sponsum
971 3223 1028 3270 est.-
1039 3212 1094 3271 Plll.
1103 3213 1265 3273 Haeoverba

819 3300 976 3356 exciderunt
993 3304 1021 3358 in
1038 3300 1111 3359 llari.
1122 3320 1140 3360 r.
1156 3300 1233 3358 beid.
1246 3321 1265 3361 1.

819 3419 853 3430 ·-
875 3386 947 3444 Harl.
967 3408 997 3446 r.:
1015 3390 1076 3464 quia
1100 3389 1203 3448 nolent.
1229 3420 1264 3430 -

818 3475 904 3532 P:·ea
921 3495 1001 3531 uersa
1019 3496 1078 3532 esse
1096 3485 1218 3553 apparet.

749 3610 791 3676 16.
820 3615 872 3691 Sp.
891 3625 919 3671 et
931 3617 965 3672 L.
977 3615 1106 3692 Papirii:
1125 3616 1167 3677 ed.
1181 3616 1265 3677 l'rob.

819 3704 897 3760 1531.
937 3703 979 3761 Cf.
1005 3703 1089 3781 'paulo
1120 3714 1196 3782 post:
1230 3705 1263 3764 Α.

817 3801 844 3846 et
854 3789 885 3846 b.
896 3791 1024 3850 Postumi.
1043 3826 1076 3835 —
1096 3791 1144 3848 Plll
1162 3791 1237 3852 llari.
1246 3812 1264 3850 1.

815 3876 893 3936 Laid.
910 3899 941 3937 1.:
960 3878 1007 3952 Sp.
1027 3890 1054 3934 et
1070 3876 1103 3937 L.
1121 3879 1263 3956 Papirius.

791 4034 795 4038 ι
816 3995 850 4007 -
868 3965 895 4020 dl
914 3987 948 4023 m.
972 3968 996 4024 2.
1015 3966 1047 4022 P:
1066 3967 1129 4022 noui
1152 3972 1186 4024 tr.
1204 3965 1262 4024 mil.

816 4050 843 4107 dl
861 4072 895 4109 m.
916 4055 953 4110 1.:
972 4054 1049 4108 nouit
1066 4059 1099 4110 ti.
1118 4052 1177 4112 mil.

182 3489 208 3544 8.
235 3508 330 3565 neque
343 3493 374 3547 ira
386 3502 491 3550 senatu
505 3496 616 3551 solum:
634 3494 677 3553 ed.

233 3574 314 3635 Frob.
333 3581 411 3639 1531.
424 3612 457 3623 —
469 3579 531 3636 PM:
550 3601 637 3656 neque
648 3583 678 3636 in

234 3673 356 3720 senatum
373 3668 459 3723 solum
477 3688 527 3743 per
543 3688 589 3725 eos
606 3668 677 3744 le'ga·

234 3752 273 3806 tio
291 3753 409 3828 inpedita
428 3765 477 3814 est.

165 3874 207 3931 10.
235 3873 308 3930 haee
324 3898 404 3933 raouu
418 3880 526 3934 iniuria
539 3876 676 3934 esturba-

233 3964 277 4018 uit
288 3983 401 4020 omnem
414 3985 495 4038 spem
503 3969 604 4038 pacis:
619 3963 675 4022 Pll.

213 4047 267 4090 ’-
289 4047 369 4108 Reec.
393 4049 472 4108 codd.
496 4049 541 4105 alii
562 4060 675 4124 pertur-
