2618 4590
165 215 232 285 3¹78
624 223 734 283 LIBER
750 223 821 286 vm.

166 393 277 482 ingens
298 389 462 458 vinculum
484 388 575 472 fidei,
602 386 742 478 iussique
770 389 919 458 consules
942 390 1025 456 fene
1050 388 1091 454 ad
1113 388 1271 478 populum

166 519 208 563 ne
230 495 311 586 quis,
332 494 392 561 nisi
413 495 469 585 qui
491 517 610 562 noxam
632 493 803 562 meruisset
824 496 927 562 donec
949 519 1088 586 poenam
1104 494 1222 576 lueret,
1242 495 1269 560 in

139 616 142 621 '
169 600 367 691 conpedibus
392 600 500 667 autin
523 623 622 667 nervo
644 609 820 683 teneretur,
847 600 1002 691 pecuniae
1024 599 1167 667 creditae
1190 600 1268 668 bona

167 704 317 772 debitoris
338 729 404 773 non
426 729 544 795 corpus
567 703 744 772 obnoxium
771 716 865 773 esset.
899 706 942 772 ita
970 704 1046 772 nexi
1073 703 1175 772 soluti
1203 729 1267 772 eau-

135 821 300 901 btumque
322 811 354 877 iu
376 821 542 900 posterum
564 835 605 877 ne
628 819 839 877 necterentur.

253 915 372 983 XXIX.
413 914 543 1001 ,Eodem
571 940 655 982 anno
678 939 753 983 cum
781 908 858 982 satis
879 938 938 1005 per
960 938 995 982 se
1017 914 1126 1004 ipsum
1148 915 1265 983 Samni·

164 1021 245 1090 tium
266 1021 389 1089 bellum
411 1031 444 1087 et
466 1021 603 1088 defectio
625 1044 741 1110 repens
756 1019 959 1087 Lucanorum
982 1031 1197 1110 auctoresque
1220 1021 1265 1087 do

165 1125 311 1194 iectionis
332 1125 496 1192 Tarentini
517 1106 671 1195 solliditos
694 1125 849 1192 haberent
869 1137 993 1215 patres,
1021 1125 1159 1193 accessit
1181 1135 1218 1192 ut
1237 1135 1265 1192 ct

164 1231 317 1299 Vestinus
345 1230 486 1319 populus
516 1230 710 1298 Samnitibus
745 1253 817 1297 sese
846 1231 1060 1320 coniungeret.
1103 1254 1190 1321 quae
1218 1253 1263 1296 res

117 1337 248 1404 tosicut
274 1360 314 1405 eo
341 1359 425 1402 anno
459 1335 659 1403 sermonibus
680 1335 781 1426 magis
807 1335 928 1425 passim
956 1336 1125 1403 hominum
1153 1337 1264 1404 iactata

102 1508 109 1518 ,
163 1465 262 1532 quam
282 1442 315 1507 in
337 1440 467 1530 publico
489 1440 558 1508 ullo
580 1439 718 1509 concilio
741 1452 799 1522 est,
820 1441 862 1507 ita
885 1441 1081 1531 insequentis
1105 1441 1181 1508 anni
1196 1465 1264 1509 con·

162 1548 285 1641 solibus
306 1545 343 1613 L.
367 1546 393 1611 F
395 1530 626 1612 urio‘Camillo
648 1545 765 1612 itemm
787 1546 876 1612 lunio
897 1545 998 1613 Bruto
1014 1547 1158 1615 Scaevae
1181 1546 1264 1612 nulla

161 1652 250 1743 prior
275 1651 446 1743 potiorque
468 1650 536 1718 visa
566 1661 616 1717 est
638 1650 678 1717 dc
702 1675 765 1740 qua
793 1650 834 1716 ad
856 1661 1004 1718 senatum
1031 1653 1197 1721 referrent.
1234 1661 1264 1718 et

161 1780 357 1849 quamquam
379 1780 464 1822 nova
486 1779 538 1823 res
561 1767 642 1839 erat,
671 1766 778 1822 tamen
800 1766 888 1821 tanta
911 1780 986 1824 cura
1008 1768 1115 1846 patres
1138 1757 1264 1825 incessit

114 1873 148 1929 15
160 1874 197 1930 ut
217 1863 333 1952 pariter
362 1885 434 1927 eam
461 1871 646 1951 susceptam
673 1860 917 1950 neglectamque
945 1862 1108 1946 timerent,
1142 1887 1183 1930 ne
1212 1871 1264 1927 aut

158 1966 317 2060 inpunitas
341 1989 454 2032 eorum
475 1966 604 2034 lascivia
626 1958 839 2057 superbiaque
871 1977 926 2033 aut
954 1965 1039 2034 bello
1062 1990 1190 2057 poenae
1213 1989 1263 2032 ex·

143 2169 147 2187 ·
227 2159 356 2234 iussuque
382 2165 453 2216 co'ss.
476 2157 546 2214 sorra
569 2157 604 2214 ad
624 2177 673 2232 po·

228 2244 330 2320 pulum.
350 2266 385 2301 m.
404 2247 444 2304 2:
463 2247 584 2322 iussique
603 2252 673 2301 coss.

227 2331 303 2392 ferre.
323 2332 362 2389 M:
381 2335 501 2409 iussique
520 2340 576 2390 cos.
595 2332 673 2390 ferre.

227 2450 261 2459 -
279 2418 307 2474 M
325 2441 360 2477 m.
379 2422 404 2475 4.
418 2419 453 2476 P:
469 2421 613 2493 pecuniae
631 2418 673 2484 (M

194 2564 198 2570 ,
224 2526 260 2564 ιιι.
271 2507 311 2564 1.:
322 2508 445 2583 pecunia)
456 2507 587 2562 creditae
596 2506 674 2561 bona

226 2594 370 2650 debitoris
388 2614 448 2650 non
460 2613 568 2667 corpus
587 2593 674 2648 obno-

228 2683 314 2739 xium
332 2690 426 2739 esset:
444 2681 471 2740 h.
490 2701 513 2740 e.
532 2689 561 2738 et
579 2690 610 2737 ut
628 2700 673 2758 pe-

225 2772 320 2828 cuniae
338 2769 456 2827 creditae
474 2778 525 2830 cet.

170 2896 197 2952 7.
226 2901 255 2950 et
273 2892 402 2966 defectio
420 2913 527 2967 repens
539 2893 672 2949 Lucano-

224 3000 308 3037 rum:
326 2979 375 3037 PM
389 2978 423 3038 al.
436 3012 470 3021 -
483 2979 551 3038 Lor.
564 2984 604 3038 d:
622 2988 671 3047 „et

224 3068 340 3124 deiectio
359 3072 490 3123 recens“:
520 3066 569 3122 sed
593 3067 626 3124 ef.
644 3069 671 3134 8,

185 3159 188 3163 ’
223 3157 268 3214 27.
285 3153 333 3211 ubi
351 3153 445 3209 eadem
462 3174 506 3209 res
525 3153 597 3209 dicta
616 3153 670 3209 sue·

176 3244 178 3249 ’
223 3251 266 3300 rat
286 3245 434 3321 repentina.

153 3369 196 3427 11.
223 3367 255 3422 in
269 3366 388 3441 publico
408 3365 470 3421 ullo
483 3363 622 3420 concilio:
640 3361 671 3421 P.

223 3485 257 3496 -
269 3453 311 3509 M:
329 3453 358 3509 iu
375 3452 485 3530 publico
498 3451 623 3509 concilio.
635 3482 669 3491 -

221 3538 285 3596 PM:
312 3542 480 3617 insequentis
507 3541 571 3595 anni
599 3543 669 3596 coss.

220 3625 253 3687 L.
271 3627 353 3684 Furio
373 3627 488 3685 Camillo
512 3629 609 3683 iterum
627 3625 669 3682 lu·

222 3717 268 3770 nio
286 3715 371 3774 Bruto
391 3716 519 3774 Scaeuae.

154 3826 196 3884 13.
223 3833 252 3882 et
274 3829 400 3902 ᾳιιᾶᾳιιᾶ
421 3847 502 3884 noua
524 3847 574 3882 res
602 3834 668 3883 erut

220 3923 320 3970 tomen
331 3921 416 3969 tanto
426 3935 500 3972 cura
508 3925 612 3990 potres
625 3916 667 3970 in·

221 4003 326 4057 cessit:
344 3999 392 4056 PM
418 4001 475 4061 rell.
512 4000 601 4069 „Und
620 4000 666 4055 ob·

220 4086 306 4159 gleicb
320 4107 381 4144 man
394 4089 465 4146 noch
478 4089 555 4146 nicht
565 4090 666 4145 crissen

814 2157 925 2226 lronnte,
946 2178 1001 2216 von
1016 2155 1138 2213 welcher
1159 2157 1262 2212 Beden-

815 2256 881 2322 tung
890 2247 964 2303 dicae
971 2245 1148 2320 Verbindung
1158 2243 1262 2304 derVe·

814 2337 900 2389 stiner
917 2337 967 2391 mit
986 2333 1036 2389 den
1051 2333 1192 2389 Samniten
1205 2333 1263 2386 sein

814 2420 919 2488 wi'rrde,
938 2441 969 2477 so
989 2419 1095 2479 ertutlte
1113 2420 1158 2476 die
1176 2419 1264 2474 Sache

816 2508 869 2564 den
879 2507 963 2563 Senat
970 2507 1042 2564 docb
1054 2510 1104 2564 mit
1114 2528 1146 2563 ro
1154 2526 1265 2583 grosser

816 2595 902 2672 Sorge
930 2596 1018 2652 dass“
1039 2617 1066 2653 u.
1084 2615 1106 2654 s.
1123 2615 1160 2651 rr.
1190 2591 1264 2648 Cum

815 2703 859 2740 res
886 2704 972 2740 novae
1002 2693 1083 2760 atquo
1106 2682 1264 2758 inopinatae

814 2773 917 2828 maiore
947 2792 1010 2829 cura
1041 2772 1146 2829 animos
1168 2788 1264 2845 -quam

816 2879 928 2937 quarum
942 2862 983 2916 vis
1001 2862 1055 2916 iam
1066 2859 1173 2934 cognita
1191 2867 1263 2912 esset

813 2947 922 3005 afficere
931 2948 1058 3015 solerent,
1070 2945 1197 3003 Doberos
1208 2963 1261 2999 uon

812 3055 890 3091 nova
912 3056 962 3093 res
985 3035 1035 3092 sed
1057 3042 1131 3090 nota
1148 3053 1198 3091 res
1216 3039 1261 3087 aut

812 3142 872 3178 non
889 3143 969 3178 nouo
986 3143 1036 3179 res
1052 3123 1163 3197 antiqua
1181 3139 1261 3177 mann

811 3211 943 3287 scriptum
956 3210 1038 3269 fuisse
1050 3210 1213 3285 suspicatur.
1226 3239 1260 3248 -

811 3296 873 3354 PM:
901 3308 932 3355 ut
952 3288 1065 3372 pariter
1089 3315 1147 3352 eam
1167 3314 1260 3351 susce·

811 3394 886 3461 ptam
894 3383 1102 3460 neglectamque
1115 3382 1160 3454 (M
1172 3404 1207 3442 m.
1221 3387 1260 3459 1.;

811 3471 1028 3549 neclectamque)
1038 3476 1173 3532 timerent.
1190 3470 1224 3529 cf.
1234 3478 1260 3538 8,

811 3563 851 3620 o:
869 3563 906 3617 ita
925 3560 1066 3636 utpopulo
1084 3559 1260 3635 patribusque

812 3651 903 3705 audita
921 3669 975 3706 vox
993 3651 1095 3724 pariter
1112 3648 1157 3706 sit.
1176 3645 1209 3704 al.
1227 3675 1260 3687 —-

811 3738 833 3794 P
851 3760 886 3796 m.
908 3739 934 3798 2.
952 3735 980 3792 Μ
1002 3757 1037 3793 m.
1056 3737 1096 3792 2:
1121 3737 1260 3790 concirent

809 3826 940 3881 finitimos
961 3821 1087 3899 populos.
1117 3820 1145 3877 Μ
1162 3841 1199 3880 m.
1221 3825 1258 3878 1.:

809 3912 934 3991 populus.
965 3909 1035 3966 cod.
1057 3907 1168 3968 klock:
1195 3928 1258 3963 con·

810 4002 925 4057 citarent
942 3998 1073 4055 finitimos
1091 3996 1218 4075 populos.
1237 3994 1258 4050 P

808 4107 844 4147 m.
864 4091 907 4148 1.r
926 4091 1100 4164 conciperent
1117 4095 1167 4144 cet.
