2618 4590
461 220 463 229 ’
538 268 722 333 unbem
1118 210 1184 331 leb

81 433 261 501 certaminis
282 433 315 498 in
338 432 496 522 proelium
518 441 615 497 ruunt
642 432 794 524 priusque
821 459 927 527 pugna
952 439 1061 530 coepit
1083 461 1183 530 quum

81 540 208 630 signum
230 538 270 604 ab
295 535 429 603 ducibus
452 535 588 602 daretur.
1195 606 1199 613 Ι

89 695 92 698 ,
168 642 243 712 XV.
287 640 401 707 Acrius
426 641 571 708 invasere
599 641 683 708 Galli
716 643 866 712 dextrum
891 667 1041 728 comum,
1074 646 1198 737 neque'

82 746 231 813 sustineri
257 745 436 836 potuissent
461 743 496 811 ni
523 744 605 811 forte
634 770 673 813 eo
701 747 775 816 loco
804 748 939 816 dictator
965 748 1077 816 luisset
1103 749 1180 818 Sex.

82 850 226 917 Tullium
257 850 385 919 nomine
412 850 579 940 increpans
607 850 826 946 rogitansque,
858 853 956 920 sicine
986 863 1216 943 pugnatuross

82 954 198 1021 milites
225 955 469 1044 spopondisset?
504 954 561 1022 ubi
588 954 634 1022 illi
662 956 821 1024 clamores
847 957 911 1025 sint
938 980 1027 1024 arms
1048 979 1181 1046 poscen-

79 1059 175 1140 tium,
202 1057 258 1124 ubi
278 1063 383 1128 minue
404 1060 525 1126 irrinssu
546 1059 746 1150 imperatoris
774 1062 933 1152 proelium
955 1062 1109 1129 inituros?
1141 1084 1182 1128 en

77 1163 184 1252 ipsum
204 1163 530 1253 imperotorem‘clara
554 1188 634 1233 voce
649 1174 765 1234 vocure
788 1167 829 1233 ad
843 1167 1003 1257 proelium
1018 1177 1052 1234 et
1072 1166 1119 1231 ire
1134 1188 1181 1233 er·

76 1277 200 1335 matum
221 1279 295 1336 oute
310 1268 412 1360 prima
424 1269 529 1360 signs!
551 1271 661 1363 ecquis
678 1283 868 1363 sequeretur
882 1294 995 1339 eorum
1010 1271 1066 1362 qui
1080 1269 1180 1337 modo

92 1489 120 1547 ³.
147 1489 248 1546 αινίιω
265 1489 405 1547 inuasere
421 1488 506 1547 Galli
521 1490 595 1548 dex·

147 1582 228 1632 trum
244 1596 382 1635 comum.-
399 1576 438 1649 P]
457 1579 546 1634 sedus
560 1607 595 1623 -··
621 1634 625 1639 .
643 1636 647 1647 ,

148 1681 234 1719 cornu
252 1662 323 1734 (Μ).
342 1661 385 1724 Cf.
398 1665 425 1733 6,
437 1667 476 1723 8.=
494 1666 524 1721 in
540 1662 594 1723 lue·

62 1808 73 1818 „
146 1767 210 1807 vum
229 1769 350 1810 cornum.
368 1783 404 1796 -
424 1740 595 1809 Drilenbor·

145 1834 224 1893 obius
252 1856 285 1894 ex
307 1839 343 1894 iis
365 1857 434 1915 qnae
451 1856 595 1915 sequeren-

144 1920 191 1980 tur
218 1924 327 1981 dextro
357 1945 450 1983 cornu
474 1926 594 1983 scriben-

146 2011 211 2068 dum
239 2030 299 2067 esse
324 2013 454 2082 coniecit,
480 2032 595 2090 eumque

145 2097 192 2157 rlii
222 2100 308 2157 secuti
337 2109 409 2160 sunt.
444 2100 493 2158 sed
520 2110 595 2157 recto

144 2186 198 2243 lam
210 2184 339 2244 viderunt
355 2187 515 2264 interpretes
534 2188 593 2265 qui-

143 2272 219 2342 dam,
245 2276 275 2329 in
293 2273 340 2330 bis
363 2273 593 2353 descriptionibus

145 2359 220 2439 qnod
232 2361 373 2418 dextrum
385 2382 477 2419 cornu
490 2361 592 2420 dictum

144 2457 226 2515 esset,
244 2447 318 2504 idem
336 2469 369 2506 ex
381 2447 464 2505 altera
482 2449 539 2505 scie
552 2450 592 2504 si-

89 2582 92 2587 ,
144 2537 271 2592 nistrum
295 2535 390 2593 haberi
411 2545 490 2612 atque
507 2535 592 2591 scribi

142 2621 372 2704 potuissentque
390 2627 426 2681 its
445 2624 526 2679 etium
538 2621 592 2678 boc

144 2709 206 2765 loco
226 2712 314 2767 omnir
329 2712 430 2785 optime
442 2731 472 2766 se
483 2710 593 2770 bibent.

145 2797 234 2851 scrius
252 2800 323 2852 enim
339 2800 428 2874 primo
440 2800 594 2854 invaserant

144 2880 217 2938 Galli
253 2883 378 2940 dextrum
409 2880 593 2952 Romanorum

143 2987 239 3039 cornu,
257 2991 310 3047 quo
323 2969 394 3027 sorte
406 2970 522 3049 dictator
534 2973 593 3049 ipss
610 3034 613 3039 ,

110 3088 114 3095 -
144 3065 216 3126 eret,
239 3056 286 3135 qni
309 3053 504 3121 dumetorum
521 3057 591 3118 mili-

144 3153 202 3203 tum
215 3148 319 3202 animos
332 3146 507 3216 accendisset,
525 3148 591 3204 sini·

144 3241 231 3291 strum
242 3232 381 3292 Gallorum
399 3252 483 3291 cornu
501 3235 591 3311 equits

143 3320 224 3377 etiam
242 3322 355 3383 inmisso
368 3323 487 3380 turbavit
505 3332 533 3379 et
550 3323 592 3379 lu·

142 3407 192 3468 dit.
211 3408 308 3465 deinde
321 3409 437 3467 dictator
448 3412 478 3467 in
494 3409 525 3466 id
541 3409 590 3465 bo·

140 3499 223 3553 stium
235 3517 328 3577 cornu,
344 3497 417 3573 quod
430 3499 492 3574 ipsi,
509 3515 592 3574 quem

142 3582 299 3644 admodum
312 3583 407 3640 Livius
417 3586 536 3661 scripsit,
549 3585 588 3641 si-

141 3674 269 3729 nistrum
291 3670 380 3728 videri
407 3671 513 3738 debuit,
538 3669 589 3727 sed

143 3759 217 3837 quod
240 3761 273 3816 ab
301 3757 425 3815 hostibus
448 3758 589 3815 demum

142 3857 217 3915 erut,
238 3850 313 3922 signe
336 3845 453 3903 confert:
479 3866 533 3922 quo
551 3845 587 3902 al·

141 3944 202 3992 tero
223 3938 304 3995 etism
329 3954 413 3990 cornu
437 3931 527 4009 fugato
547 3933 587 3989 vi-

141 4024 227 4081 ctoris
243 4022 428 4079 Romanorum
447 4029 512 4079 eret.
538 4021 588 4076 itr-

141 4128 198 4188 <pue¹
222 4129 256 4166 ex
284 4108 378 4168 eudem
405 4109 588 4169 Rornanorum

735 1497 811 1568 purte
819 1488 914 1547 Livius
922 1491 1018 1568 pergit,
1027 1491 1182 1564 magistrun

737 1599 779 1658 eq.
801 1577 944 1656 profligato
970 1578 1081 1634 denno
1098 1595 1182 1633 cornu

737 1664 858 1721 bostium
885 1666 981 1721 castris
1004 1665 1183 1740 obequitans,

737 1773 899 1832 quamquam
916 1751 970 1808 boc
987 1770 1085 1820 cornu,
1108 1749 1183 1829 quod

736 1841 790 1897 ium
819 1841 909 1917 primo
938 1837 1042 1917 proelio
1070 1837 1104 1893 sb
1130 1837 1184 1891 boc

736 1929 797 2004 ipso
816 1930 943 2000 magistro
962 1935 990 1983 et
1005 1926 1039 1982 ab
1052 1925 1184 1983 dictatore

737 2013 827 2070 lusum
859 2023 929 2082 erut,
959 2012 1084 2069 hostibus
1113 2011 1184 2070 sini·

737 2110 833 2158 strum
862 2100 950 2159 videri
979 2119 1091 2157 necesse
1117 2105 1182 2155 ent.

735 2189 765 2244 iu
781 2186 832 2243 buc
850 2190 924 2245 omni
948 2190 1031 2265 igitur
1053 2185 1184 2243 relatione

734 2273 843 2333 Livium
865 2296 899 2333 ex
921 2295 974 2335 una
998 2274 1184 2334 Romanorum

733 2373 811 2442 parte
822 2366 930 2421 stetisse
946 2373 974 2419 et
985 2365 1125 2440 utriusque
1136 2380 1182 2418 ex·

733 2453 833 2508 ercitus
851 2451 986 2509 fortunam
1004 2450 1182 2529 descripsisse

732 2548 816 2616 putet.
839 2571 874 2582 ··-
897 2537 975 2601 Leid.
992 2559 1010 2600 r.
1031 2538 1079 2598 ab:
1100 2537 1181 2594 susti·

733 2647 808 2686 nere.
826 2624 900 2688 Harl.
916 2645 933 2686 1.
952 2627 999 2686 rb:
1016 2625 1163 2704 potuisset.

680 2716 707 2775 5.
733 2714 825 2770 sicine
852 2722 1041 2792 pugnaturos
1071 2712 1181 2767 milites

735 2800 965 2876 spopondisset:
986 2797 1054 2869 ΡΜ]
1079 2797 1181 2854 siccine

734 2895 785 2945 cet.
821 2882 1088 2954 ct.6‚1o.sl.-
1116 2881 1180 2940 Ptl:

734 2974 782 3031 nbi
798 2975 888 3030 minae
910 2973 1016 3033 iniussu
1036 2972 1180 3046 imperato·
1249 2970 1253 2975 '

733 3064 772 3119 ris
807 3059 941 3138 proelium
976 3060 1101 3119 inituros.
1148 3056 1181 3114 lu
1212 3085 1213 3088 ¹

732 3148 810 3210 Leid.
846 3167 865 3209 1.
910 3146 1012 3206 excidit
1052 3147 1179 3204 iniussu.

730 3236 812 3297 Voss.
833 3255 876 3294 m:
902 3235 950 3292 nbi
973 3255 1051 3292 nunc
1074 3234 1180 3291 iniussu

733 3334 784 3383 cet.
802 3322 873 3381 Cod
891 3322 1001 3380 Gttrtn.:
1024 3320 1074 3378 ubi
1090 3321 1179 3376 minae

732 3429 805 3468 nunc
822 3411 927 3469 iniussu
945 3416 996 3466 cet.

679 3503 705 3562 9.
732 3497 835 3572 ecquis
870 3502 1046 3570 sequeretur
1075 3510 1179 3549 eorum

731 3585 785 3661 qui
804 3581 894 3640 modo
912 3581 1032 3637 ducturi
1041 3579 1178 3652 fuerint:

681 3700 689 3711 -
730 3670 787 3731 ΡΜ.
816 3673 850 3711 -“-
878 3667 952 3728 llsrl.
970 3687 988 3729 1.
1006 3667 1054 3726 ab:
1073 3669 1176 3744 eqursss:

730 3757 804 3836 quod
824 3776 875 3834 pro
899 3765 952 3825 „rt
972 3757 1056 3832 (Ῑιιίειι
1082 3755 1177 3810 baberi

729 3853 827 3924 potest.
844 3843 922 3903 Leid.
938 3864 976 3903 ιε,
991 3845 1054 3920 equi
1072 3845 1116 3899 uis
1133 3863 1174 3899 se·

729 3942 865 4009 queretur.
888 3933 915 3990 b.
935 3953 959 3992 e.
978 3939 1024 3988 sut
1042 3933 1113 4005 equi
1129 3939 1197 3985 sut.

727 4022 823 4097 equis.
858 4020 984 4096 Denique
1008 4017 1087 4076 multi
1103 4036 1174 4076 rece.

729 4107 823 4169 codd:
840 4101 869 4165 et
885 4109 948 4184 quis
965 4117 1129 4184 sequoretur.
1139 4134 1173 4148 -·
