2618 4590
17 172 20 179 ¹
168 211 234 281 684
632 168 792 295 uorax
861 200 865 209 ’

172 401 293 458 tuntum
318 392 551 461 multitudinem
572 404 684 484 portae
705 417 770 461 non
791 416 953 485 recepere,
982 405 1157 485 temptata
1174 397 1216 463 ab
1233 423 1260 465 er·

109 578 113 589 Ι
167 493 265 563 elusis
283 497 376 564 turba
398 520 529 565 suorum
551 522 656 589 pugna
681 509 746 567 est:
781 498 823 564 ibi
846 499 974 566 Gellius
998 499 1171 590 Egnatius
1196 502 1261 593 impe-

165 610 251 667 rator
271 601 461 668 Samnitium
488 603 616 670 cecidit:
652 601 799 693 conpulsi
828 602 943 670 deinde
968 604 1062 670 intra
1089 606 1260 675 vattunsr

165 705 280 773 mnites
306 730 470 796 parvoque
499 708 669 775 certamine
699 717 792 797 capta
821 719 924 775 castra
946 718 984 775 et
1009 709 1108 776 Galli
1134 711 1177 784 ub
1203 722 1260 802 terp

22 856 28 863 .
133 810 379 878 tcircumventi.
416 834 509 878 caesa
538 835 578 879 co
608 811 659 879 die
689 810 831 878 hostium
857 810 971 900 viginti
1005 813 1168 904 quinque
1194 817 1259 898 milit

164 927 239 984 octo
262 927 365 1006 capta.
404 939 466 983 nec
493 914 657 984 incruenta
685 916 816 982 victoria
843 914 911 998 fuit,
947 941 1034 983 nam
1066 942 1116 984 ex
1142 919 1179 988 Ρ.
1200 921 1260 988 Deci

162 1020 303 1088 exercitu
325 1043 418 1087 caesa
441 1032 565 1110 septem
587 1021 682 1104 milia,
705 1044 746 1088 ex
767 1019 846 1086 Fabi
867 1019 956 1086 mille
981 1021 1204 1113 septingenti.
1227 1025 1260 1090 lb

160 1124 232 1201 bins
255 1124 389 1192 dimissis
412 1126 453 1190 ad
475 1127 693 1214 quaerendum
715 1124 857 1214 collegae
872 1147 995 1214 corpus
1012 1127 1133 1216 spolia
1149 1128 1259 1196 hostiurn

161 1228 305 1297 coniecta
327 1230 360 1294 in
382 1251 532 1296 acervum
553 1230 620 1297 lovi
646 1229 765 1297 Victori
788 1229 955 1295 cremavitr
986 1231 1152 1299 consulis
1174 1258 1258 1322 corpu

113 1339 200 1400 1⁰eo
228 1333 294 1415 dic,
323 1332 396 1421 quia
426 1333 576 1399 obrutum
605 1328 805 1424 superstratis
827 1331 1015 1400 Gallorum·
1031 1337 1187 1404 cumulis
1211 1349 1258 1418 erat

158 1435 292 1505 inveniri
312 1460 378 1503 non
405 1437 525 1527 potuit,
558 1451 688 1527 postcro
721 1437 771 1504 die
795 1437 964 1504 inventum
992 1438 1215 1531 relatumque
1231 1453 1258 1508 ut

158 1565 234 1608 curu
257 1540 365 1608 multis
386 1541 525 1607 militum
547 1541 711 1609 lacrumis:
733 1540 911 1608 intermissa
932 1542 1014 1610 inde
1032 1545 1194 1611 omniurn
1213 1545 1258 1612 alia

157 1668 230 1713 rum
258 1668 366 1712 rerum
393 1669 469 1711 cura
491 1645 609 1712 Fabius
637 1646 779 1738 collegae
807 1645 903 1712 funus
932 1647 1029 1713 omni
1059 1647 1199 1717 honore
1217 1650 1259 1716 ln

157 1748 314 1838 ‹libusque
337 1749 456 1816 meritis
480 1750 630 1817 celebrat.

110 1861 144 1915 15
207 1912 210 1925 ,
244 1850 350 1919 XXX.
393 1853 436 1920 Et
456 1853 490 1919 in
510 1852 635 1922 Etruria
657 1878 716 1944 per
744 1855 877 1922 eosdem
904 1853 973 1920 dies
1005 1854 1052 1920 ab
1078 1855 1148 1925 Cn.
1171 1858 1259 1925 Fulvio

154 1968 361 2047 propraetore
383 1980 434 2025 res
457 1959 674 2026 exsertantia
697 1969 802 2050 gestu,
828 1968 861 2025 ct
882 1969 1016 2047 practer
1039 1961 1216 2053 ingentem
1231 1963 1287 2135 inp

174 2156 200 2215 1.
224 2164 366 2231 temptata
383 2159 565 2216 obexclusis
582 2160 670 2216 turba
759 2160 785 2216 7.
813 2156 924 2213 Fabius
948 2156 1099 2217 dimissis
1124 2162 1173 2219 ad
1194 2181 1258 2239 quoe·

226 2264 350 2303 cuorum
369 2265 473 2325 pugna
495 2255 555 2303 cst:
577 2245 608 2305 Ρ.
636 2276 669 2287 -
810 2243 937 2300 rendum
967 2247 1122 2325 collegae
1156 2269 1259 2325 corpus:

223 2326 265 2385 Ill:
285 2338 420 2409 temptati.
439 2364 473 2373 -
496 2329 537 2388 lll:
561 2331 600 2387 ibi
616 2331 669 2404 gel·
811 2328 884 2386 Pur
904 2330 929 2386 2.
949 2329 984 2388 ill.
1012 2363 1052 2373 -
1079 2332 1106 2388 Ρ
1132 2355 1171 2393 m.
1192 2338 1226 2394 1.:
1243 2341 1259 2392 tl

224 2413 277 2470 lius
287 2419 406 2490 egnatius
415 2418 560 2493 imperator
572 2419 670 2475 samni-
811 2414 974 2493 quaerendo.
1004 2450 1045 2461 —
1076 2418 1166 2480 Voss.
1180 2442 1208 2481 rr.
1228 2419 1258 2478 tl:

222 2504 291 2558 tium
315 2504 419 2563 cecidit.
449 2503 471 2559 P
493 2524 529 2564 m.
550 2508 593 2564 ·1.:
621 2507 669 2561 ubi
810 2523 837 2580 q.
861 2501 957 2558 sobius.
984 2533 1025 2547 -
1057 2505 1138 2569 Cod.
1164 2505 1259 2587 Neapul

222 2589 317 2666 gellius
335 2593 480 2668 imperator
498 2592 548 2651 c'et.
572 2613 608 2652 m.
627 2595 672 2651 Ἅι
807 2587 921 2646 Latinii:
944 2588 1065 2650 collecta
1086 2598 1120 2652 in
1143 2617 1260 2654 aceruum

171 2697 173 2703 ·
222 2677 270 2736 ibi.
297 2710 332 2722 -
355 2677 434 2736 Voss.
451 2697 493 2737 m:
517 2689 546 2735 ot
566 2679 628 2755 galli
652 2702 666 2736 a
809 2675 887 2734 Voss.
910 2696 928 2733 r.
964 2677 1015 2736 alr
1055 2696 1207 2745 conuecta.
1236 2714 1260 2725 -

159 2748 171 2777 ²
222 2773 298 2841 tergo
317 2767 502 2823 circumuenti.
806 2761 1260 2832 Leid.1.:eoocremauir.-,-Ptt:
1299 2830 1302 2835 ,

169 2856 195 2909 5.
221 2871 311 2910 caeru
328 2873 362 2910 eo
382 2853 431 2909 die
443 2853 573 2910 bostium
586 2868 671 2911 xxr
807 2855 870 2926 quta
881 2851 1006 2909 obrutum
1021 2862 1212 2933 superstratis
1220 2857 1259 2934 gal·

175 2980 185 3001 ,
221 2940 283 2997 mrl.
315 2949 378 2996 acto
408 2951 511 3016 capta:
541 2939 598 2998 Ptt
631 2974 665 2982 —
806 2935 894 3000 lorum
913 2939 1030 2998 cumulis
1051 2955 1125 3005 erat.
1157 2947 1234 3004 Voss.
1247 2966 1259 3001 r.

222 3026 299 3098 Quae
326 3036 473 3101 sequuntur
490 3026 572 3082 verba
599 3048 667 3094 „nec
807 3023 856 3086 tl:
869 3046 921 3101 quo
940 3027 1071 3084 obrutum
1087 3042 1145 3090 cet.
1165 3033 1260 3089 Leid.t

221 3114 359 3169 incruenta
379 3114 491 3169 uictoria
512 3113 564 3170 luit
581 3120 665 3168 num“
807 3109 885 3168 Voss.
897 3132 924 3169 rr.
942 3111 1009 3172 Lor.
1026 3118 1054 3173 4.
1076 3116 1129 3177 al.:
1151 3121 1261 3177 tumulio

222 3198 404 3255 exciderunt
396 3219 423 3255 1n
437 3199 572 3258 Drulrenb.
591 3201 665 3255 codi·
808 3229 841 3241 -
861 3197 924 3255 Pul:
951 3220 1012 3264 cum
1032 3205 1135 3263 multis
1154 3207 1261 3269 militum

113 3294 136 3335 ¹·
222 3287 363 3345 ribua-
391 3285 452 3343 Pu.
476 3308 560 3354 „nam
583 3298 665 3366 exp
807 3283 943 3348 lacrumis

221 3372 292 3428 dccii
318 3375 437 3429 exercitu
462 3394 538 3430 caesa
561 3395 606 3432 rrr.
633 3396 666 3430 cx
738 3373 782 3435 15.
807 3393 862 3447 per
880 3374 1001 3430 eosdem
1019 3376 1109 3436 dier:
1130 3379 1185 3438 ΡΜ
1197 3379 1262 3451 rell]
1299 3334 1303 3441 l

221 3461 277 3515 labi
308 3459 380 3516 mille
410 3461 467 3527 (llr
495 3465 558 3531 rml)
588 3470 665 3519 acc.“
730 3513 732 3519 ,
808 3479 858 3536 per
872 3479 918 3515 eos
931 3459 1084 3531 dreslcod
1098 3464 1181 3527 Harl.
1190 3480 1261 3534 rec..)

220 3547 276 3601 Dra
265 3547 442 3603 lrenborobio
473 3559 583 3607 auctore
612 3551 665 3605 iam
807 3575 842 3588 -
870 3547 891 3601 P
913 3567 947 3605 rn.
972 3551 1011 3606 2..
1040 3552 1078 3604 ab
1107 3562 1156 3613 οἵ).
1184 3552 1262 3612 suluio

220 3633 240 3692 1.
269 3633 406 3688 Belrlrerus
437 3634 469 3692 al.
500 3638 666 3712 scripserunt
809 3640 877 3730 ppi.
901 3654 944 3694 rer
966 3655 1000 3692 cx
1022 3643 1168 3703 sententia
1187 3651 1261 3718 gesta.

221 3722 304 3777 mille
314 3723 498 3798 septingenti.
510 3721 542 3780 ol.
554 3725 596 3789 10,
610 3727 665 3780 ist:
807 3750 843 3786 m.
864 3731 902 3786 1.:
922 3749 955 3784 ex
968 3735 1138 3810 sententiaq.
1159 3736 1262 3806 („nacb

220 3809 291 3878 capti
310 3809 456 3888 octingenti
473 3807 556 3865 ferme
574 3819 601 3864 et
619 3813 664 3864 tri·
806 3814 985 3885 Wunscht‘).
1003 3815 1047 3874 Cl'.
1069 3823 1117 3888 ⁶23,
1142 3827 1200 3882 tt:
1220 3825 1261 3891 „si

91 3940 93 3944 .
139 3968 141 3972 v
219 3895 301 3966 ginta.
320 3926 354 3935 -
376 3892 447 3953 cod.
466 3894 572 3952 Gtrtn.:
592 3897 665 3955 mille
808 3902 845 3957 ita
856 3902 944 3958 irritis
956 3900 1085 3972 Romani,
1099 3921 1213 3967 vestrae
1224 3931 1263 3967 res

147 3975 158 3987 ’“
217 3987 243 4032 et
254 3981 370 4039 ducenti.
385 3979 465 4040 Voss.
474 4002 513 4041 tn:
531 3983 604 4040 mille
616 3985 664 4040 rlu·
805 3987 930 4045 meliores
956 3989 1157 4072 facilioresque
1191 4008 1264 4056 erunt

216 4066 295 4124 renti.
335 4110 337 4115 .
589 4109 592 4114 -
780 4091 784 4096 ·
805 4077 943 4154 magisque
956 4086 1144 4167 exsertantia
1162 4107 1263 4165 respu-
