2618 4590
158 189 226 261 598
634 198 796 262 utum

160 364 249 457 quod
280 365 308 435 si
334 387 398 455 qua
419 363 481 432 alia
510 374 577 433 arte
605 386 786 455 cognomen
810 385 906 431 suum
935 360 1097 453 aeqruvit
1119 371 1195 429 tum
1214 385 1265 427 ma

160 493 260 543 xume
282 469 404 539 bellicis
425 468 587 552 laudibus,
615 469 675 537 sed
696 467 792 537 etiam
813 468 901 559 quod
929 490 1061 535 memor
1085 464 1265 558 Papirianae
1292 464 1296 483 '

160 574 309 647 saevitiae
340 598 517 667 numquam
547 584 587 643 ut
618 571 778 641 dictatoris
805 571 927 641 iniussu
954 571 1136 640 dimicaret
1164 570 1265 639 adduci

122 700 126 711 ’
160 678 327 770 potuisset

129 798 149 855 t
246 783 302 854 lv.
346 782 498 853 Nuntiata
529 807 570 851 oa
596 783 705 851 clades
729 781 869 851 Romam
895 781 1056 853 maiorem
1088 802 1199 871 quam
1226 803 1265 847 res

158 898 231 957 erat
250 898 406 958 terrorem
427 886 559 957 excivit:
588 910 665 955 nam
686 897 723 955 ut
744 886 885 956 exercitu
912 884 1096 957 deleto-ita
1120 882 1266 953 inaurium

158 988 323 1076 indictum,
344 991 507 1063 custodiae
529 992 563 1059 in
583 991 683 1083 portis
705 990 829 1082 vigiliae
851 990 980 1059 vicatim
1001 1000 1171 1071 exactae,
1194 1012 1266 1055 arne

160 1094 225 1163 tela
245 1094 280 1163 in
300 1118 411 1165 muros
428 1106 594 1186 congestat
617 1095 765 1165 omnibus
779 1093 953 1163 iunioribus
967 1105 1188 1165 sacramento
1210 1092 1267 1161 ada

109 1250 112 1257 .
159 1198 219 1269 ctis
239 1199 375 1269 dictator
396 1200 437 1268 ad
459 1201 772 1271 exercitium-missus
794 1197 902 1269 omnia
921 1222 981 1291 spe
995 1198 1267 1290 tranquilliorem

112 1319 149 1377 10
159 1304 325 1395 conposita
346 1304 488 1396 magistri
508 1304 653 1396 equitum
674 1329 765 1389 cura,
791 1315 895 1372 castra
916 1303 949 1371 in
976 1305 1143 1372 tutiorem
1167 1303 1266 1371 locum

158 1407 302 1491 redacta,
331 1410 481 1479 cohortos
508 1432 592 1500 quae
620 1410 710 1502 signa
735 1408 906 1477 amiserant
932 1418 1024 1476 extra
1047 1408 1187 1477 vallum
1211 1406 1268 1473 sine

160 1511 306 1581 tentoriis
334 1513 500 1582 destitutas
526 1513 663 1597 invenit,
693 1513 870 1583 exercitium
891 1510 1021 1579 avidum
1049 1536 1192 1605 pugnae
1213 1534 1269 1601 quo

157 1616 311 1685 mamrius
332 1617 503 1709 ignoninia
525 1616 721 1685 aboleretur:
743 1618 852 1711 itaque
874 1616 1045 1684 confestim
1065 1628 1183 1686 castra
1204 1615 1271 1682 inde

140 1712 193 1787 ''iu
214 1742 326 1813 agrum
346 1720 557 1790 Rusellanum
578 1722 748 1812 promovit
783 1746 824 1790 eo
847 1732 881 1789 et
901 1719 1012 1789 hostes
1035 1721 1149 1790 secuti
1166 1744 1271 1813 quam-

112 1840 261 1915 sstquam¹
279 1849 321 1895 ex
343 1825 426 1895 bene
447 1839 537 1918 gesta
560 1850 595 1895 re
617 1850 779 1897 summam
799 1837 834 1895 et
854 1824 1014 1916 inaperta
1030 1825 1218 1893 certamine
1233 1822 1271 1891 vi·

150 1926 240 1997 ¹rium
260 1952 354 2023 spem
375 1930 558 2014 habebant,
585 1940 693 1999 tomen
714 1929 833 2001 insidiis
855 1953 1001 2021 quoque,
1026 1953 1114 2020 quas
1139 1930 1272 1999 feliciter

227 2127 293 2186 abor
310 2129 386 2188 nicht
396 2149 448 2187 nur
458 2131 552 2187 darum
564 2127 612 2185 aul
621 2128 674 2184 den

213 2212 327 2274 'Fabius
348 2236 396 2293 gar
417 2214 495 2275 nlclrt
516 2236 613 2292 possen
639 2233 673 2272 zu

226 2300 344 2371 konnen,
370 2302 435 2359 weil
451 2303 575 2359 darselba
592 2322 673 2359 wenu

226 2386 312 2445 (lorch
330 2389 425 2465 irgeud
443 2390 504 2446 eine
520 2408 612 2464 grosso
627 2390 672 2446 lli·

226 2473 364 2547 gensclralt
381 2494 413 2531 so
430 2477 530 2551 gewiss
547 2495 673 2550 vorzngs·

225 2562 311 2617 walse
329 2559 414 2619 durclr
437 2563 513 2620 seina
528 2562 673 2620 Erlalrren·

226 2643 285 2704 tut
308 2648 348 2707 lm
372 2646 472 2725 Krioge
498 2648 559 2707 sich
583 2652 674 2707 seinos

225 2733 388 2794 Marmora
398 2736 487 2794 wortlr
504 2739 607 2815 geaeigt
617 2737 672 2807 hat,

223 2821 345 2881 soudern
361 2823 431 2882 areu
447 2824 513 2882 weil
530 2828 575 2882 ein
591 2825 673 2882 lllnnn

225 2910 280 2966 wia
297 2929 336 2978 er,
354 2910 403 2968 der
413 2932 447 2968 an
459 2913 519 2969 sicli
530 2911 616 2970 selbot
627 2914 672 2969 die

224 2993 340 3072 Stncuge
356 2999 430 3055 einos
441 2998 566 3076 Papirius
583 2999 672 3056 erlalr·

171 3106 174 3113 ·
224 3102 274 3141 ron
291 3083 374 3154 hatte,
389 3083 449 3141 sicli
466 3084 671 3143 wolrlanlrwer·

223 3169 283 3227 -liolr
302 3170 370 3228 drzu
387 3171 460 3228 hatto
473 3172 602 3231 vorleileu
619 3172 671 3230 las·

215 3277 285 3326 sou,
303 3257 374 3315 olrne
391 3255 494 3317 Willeu
513 3261 561 3318 des
578 3261 672 3320 Dicta·

226 3353 284 3402 tora
314 3347 392 3402 einen
420 3346 523 3426 Kampl
549 3352 671 3426 eiuzuge·

177 3470 181 3477 -
225 3430 311 3492 lron“.
329 3462 363 3476 -·
381 3430 419 3490 Pr
438 3433 571 3496 (liminari.

166 3517 198 3577 ὁ.
223 3519 351 3578 exciuit:
370 3520 396 3578 ll
413 3542 449 3580 m.
467 3525 494 3581 3.
506 3521 537 3582 P.
550 3554 583 3566 —
595 3523 623 3581 ll
635 3546 671 3586 m.

227 3607 378 3666 1.ιοιίιιίῐ.
404 3639 439 3651 -
465 3607 527 3666 llll:
547 3619 580 3666 ut
597 3630 671 3667 exer·

224 3692 281 3749 citu
302 3691 402 3750 deletot
427 3699 503 3765 „wia
520 3718 601 3755 werin
621 3698 670 3755 das

224 3776 296 3836 lloer
313 3780 483 3857 aulgcrieben
500 3791 605 3844 wtre“.
635 3784 670 3843 cl.

223 3868 274 3934 3⁰.
299 3870 353 3924 10.:
382 3880 536 3947 tamquam
558 3873 669 3929 exituris

168 3992 171 3997 -
223 3963 317 4012 eontra
334 3955 478 4015 Romanis:
502 3959 669 4034 „gleichsam

221 4039 262 4098 ala
270 4049 383 4104 wena“.
394 4048 421 4113 9,
430 4046 473 4105 45.
483 4045 518 4106 al.
531 4078 564 4089 -
584 4047 667 4104 Panlo

814 2128 878 2206 post
895 2125 918 2183 P
938 2145 974 2186 m·
996 2129 1036 2187 t:
1062 2137 1158 2186 matra
1181 2131 1211 2186 in
1232 2139 1269 2186 to·

813 2217 910 2272 tioro-
926 2213 1018 2272 locum
1035 2215 1185 2278 reallracta.

745 2300 788 2362 13.
813 2301 1269 2380 idoqueoonsestimcastmr'nde

814 2390 846 2445 ln
863 2409 971 2468 agrum
987 2392 1184 2449 mellarium
1200 2411 1267 2467 pro·

813 2478 923 2534 moad:
939 2475 975 2536 ll·
997 2509 1032 2521 —
1055 2477 1136 2538 Pru.
1158 2480 1198 2538 1.=
1218 2480 1265 2535 ita·

803 2582 868 2640 -quo
897 2563 1038 2621 confestim
1075 2575 1168 2623 castra
1203 2565 1264 2623 inde

813 2670 908 2726 agrum
946 2649 1104 2711 maellanim
1145 2655 1262 2752 grunnit

812 2748 904 2806 ιι.9.ι
921 2755 1007 2804 namra
1025 2748 1176 2824 inegram
1195 2748 1261 2807 cod.

813 2830 923 2892 Klocl.=
941 2836 1071 2910 inagnum
1080 2834 1263 2895 rusellanium.

813 2917 858 2979 (ll.
886 2922 934 2989 1⁰,
960 2923 1019 2980 32:
1044 2923 1074 2980 lu
1098 2922 1261 2980 rosellanum

813 3026 906 3082 agrum
923 3005 992 3076 (M).
1019 3010 1064 3078 28,
1082 3013 1142 3070 45³
1161 3010 1261 3068 russel·

814 3092 870 3153 lari
888 3092 965 3165 (Put.
984 3093 1089 3165 colb).
1112 3114 1116 3121 ·

742 3180 787 3242 ll.
813 3201 849 3239 eo
867 3189 898 3238 et
914 3179 1018 3241 lanam
1039 3183 1136 3242 semi
1159 3203 1260 3261 quom·

813 3286 906 3343 quam
917 3288 958 3326 ex
968 3270 1142 3350 benegesto
1152 3291 1187 3328 re
1199 3281 1259 3329 cet:

812 3352 864 3411 ΡΜ
902 3352 981 3416 Leia.
1006 3375 1024 3417 ι.
1066 3356 1129 3418 cod.
1165 3357 1261 3419 Klocl.

810 3439 1118 3506 mansoni-1.
1141 3477 1175 3490 -
1204 3446 1261 3519 Sig.

812 3549 846 3587 ex
862 3549 912 3588 suo
935 3530 1007 3588 libro
1028 3541 1059 3590 nt
1077 3550 1262 3610 quamquam

810 3618 896 3674 scribi
908 3616 1003 3679 voluit.
1013 3648 1048 3660 -
1064 3616 1109 3676 uh
1127 3639 1260 3677 summam

810 3713 838 3761 ct
855 3707 884 3762 in
897 3715 990 3783 aperta
1002 3707 1148 3763 certamine
1161 3709 1260 3763 uirium

809 3811 887 3869 spem
904 3791 1046 3853 habebant.
1064 3792 1102 3850 P:
1121 3804 1149 3850 et
1164 3805 1259 3871 aperto

811 3881 964 3938 certamine.
980 3913 1013 3924 -
1032 3879 1061 3938 ll
1077 3901 1114 3939 m.
1134 3884 1173 3940 1.=
1192 3902 1259 3959 quas

810 3964 898 4023 leliter
921 3971 1023 4045 experti
1047 3976 1132 4049 erant.
1163 3988 1202 4028 ur.
1219 3972 1258 4027 ³.=

809 4051 931 4119 feliciter.
999 4091 1002 4097 ·
