2618 4590
153 289 222 361 388

605 298 717 361 ldBllll
734 298 805 361 vm.

160 466 249 561 perio
263 492 348 537 ‚meo
369 478 478 558 spreto
500 464 627 540 incertis
649 463 798 554 auspiciis
819 462 953 531 turbatis
979 457 1187 550 religionibus
1212 458 1255 523 ad-

160 597 272 644 versus
293 596 418 640 morem
439 570 609 638 militarem
631 569 892 660 disciplinamque
906 567 1064 634 maiorum
1087 575 1122 632 et
1144 586 1256 631 numen

144 664 295 747 deorum
317 701 414 745 ausus
436 700 472 745 es
495 700 571 744 cum
598 674 692 742 hoste
722 675 903 764 conlligerc.
941 673 981 738 ad
1008 670 1091 738 baec
1113 668 1255 759 quaein

161 794 338 874 tenogatus
359 807 395 850 es
417 780 575 875 responde
594 789 627 844 at
644 790 733 845 extra
755 803 793 845 ea
817 803 896 845 cave
917 799 1033 846 vocem
1053 773 1176 840 mittas.
1211 794 1254 838 ac·

133 887 241 956 beede
268 887 395 957 lictor“.
433 888 585 954 adversus
614 881 737 972 singula
760 908 842 974 quae
865 907 940 950 cum
960 880 1160 971 respondere
1181 876 1256 944 baud

163 991 256 1060 facile
278 1003 365 1059 esset
385 1003 419 1058 et
440 1013 525 1058 nnnc
547 997 734 1078 quereretur
756 989 894 1055 eundem
910 997 1133 1055 accusatorem
1156 980 1256 1072 eapitis

157 1095 214 1163 sui
234 1118 272 1164 ac
293 1095 430 1162 iudicem
453 1116 533 1174 esse,
554 1093 654 1160 modo
676 1091 776 1159 vitam
796 1092 857 1159 sibi
879 1091 959 1183 eripi
980 1090 1071 1171 citius
1088 1112 1190 1186 quam
1203 1086 1257 1178 glo

98 1190 103 1205 ’
164 1199 243 1267 riam
265 1223 372 1267 rerum
394 1209 554 1289 gestarum
576 1221 672 1287 posse
695 1197 922 1265 vociferaretur
939 1206 1157 1286 purgaretque
1178 1216 1212 1260 se
1231 1190 1257 1255 in

166 1303 271 1372 vicem
293 1313 390 1393 atque
412 1303 496 1370 ultro
519 1306 697 1384 accusaret,
724 1314 801 1371 tunc
823 1301 966 1393 Papirius
988 1294 1229 1390 redintegrata
1221 1317 1259 1360 rra

122 1419 157 1483 ιι)
167 1406 296 1527 spoliari
319 1406 505 1497 magistrum
527 1406 672 1495 equitum
686 1431 723 1474 ae
738 1407 841 1498 virgas
857 1412 889 1474 et
904 1429 1032 1474 secures
1049 1400 1216 1496 expediri
1208 1422 1259 1467 rus

166 1510 217 1580 sit.
254 1511 372 1580 Fabius
393 1511 491 1579 {idern
512 1510 649 1578 militrun
670 1511 832 1602 inplorans
854 1511 1066 1580 lacerantibus
1088 1503 1261 1577 vestcmli

158 1614 308 1685 etoribus
330 1615 371 1685 ad
393 1616 515 1685 triarios
534 1616 743 1684 tumultum'
734 1641 799 1684 ram
825 1617 857 1684 in
885 1616 1072 1685 contionem
1098 1613 1263 1680 miscentes

187 1784 213 1840 3.

240 1784 284 1841 ed
301 1783 375 1841 boec
393 1803 471 1861 quoe
483 1783 685 1863 interrogatur

236 1878 271 1928 ee
298 1872 446 1947 responde
472 1881 505 1928 ιιι
530 1879 620 1928 extro
648 1886 686 1927 ee

228 1977 312 2014 -eeue
324 1979 425 2016 uocem
437 1960 554 2030 mittes]
573 1956 685 2014 adhaec

238 2065 307 2122 qnae
325 2047 473 2122 interrogas
492 2066 522 2104 es
541 2043 685 2122 responde.

238 2139 312 2188 extra
337 2153 367 2190 ea
390 2154 456 2190 cave
473 2153 567 2191 vocem
584 2133 684 2188 mittar.

240 2249 274 2260 -
298 2218 346 2276 ΡΜ
369 2220 448 2280 Voss.
465 2241 511 2280 n:
538 2221 596 2289 „ad
618 2220 684 2275 haec

239 2327 308 2383 quae
327 2310 504 2384 interrogatus
522 2317 684 2385 estrespon·

239 2393 302 2450 deae
330 2405 404 2451 extra
435 2415 465 2450 ea
496 2414 562 2451 caue
590 2414 685 2452 uocem

161 2502 163 2507 ·
236 2481 361 2538 mittet“:
374 2483 426 2538 uiei
439 2483 513 2559 quod
525 2485 553 2538 in
564 2482 591 2538 Μ
600 2503 638 2541 ιιι.
652 2485 686 2540 le

199 2596 205 2615 a
236 2585 313 2624 'reoee
330 2579 396 2624 erat.
413 2567 488 2629 Harl.
505 2590 533 2629 u.
552 2568 598 2628 el:
617 2589 686 2645 quae

237 2654 417 2731 iuterrogatus
446 2677 477 2714 es
512 2657 686 2736 respondeas.

185 2774 188 2781 ‚
238 2738 320 2802 nece.
339 2745 448 2820 qnidam
461 2744 555 2804 codd:
570 2763 638 2801 caue
651 2763 686 2800 ne

165 3437 211 3494 b.

235 2844 333 2885 uocem
352 2833 451 2911 mittas.
475 2831 542 2892 bor.
561 2838 600 2892 [ιι
619 2851 685 2888 caue

237 2932 293 2971 uox
311 2918 455 2978 emittatur.
474 2918 550 2979 Leid.
567 2939 599 2980 r.:
618 2941 685 2979 cava

239 3021 309 3058 noce
325 3005 453 3064 mittatur.
476 3004 550 3065 Harl.
565 3028 598 3067 ιι
620 3028 685 3065 caue
753 3058 756 3063 .

238 3107 293 3146 uox
305 3108 370 3146 nece
382 3088 510 3152 mittatur.
521 3126 556 3137 —
566 3094 686 3151 Omnem

236 3194 357 3234 errorem
383 3199 418 3236 ex
443 3200 476 3236 eo
503 3188 593 3237 ortum
616 3200 685 3249 esse,

237 3262 311 3341 quod
333 3267 481 3342 responde
501 3276 534 3324 at
556 3287 607 3348 pro
630 3287 685 3325 uno

215 3350 322 3407 verbo
340 3351 461 3411 habitum
479 3363 529 3423 est,
547 3364 668 3433 apparet.

236 3436 387 3496 aduersae
404 3442 526 3518 eiergulo
544 3458 602 3519 que
618 3462 686 3499 eum

214 3552 217 3561 ·
237 3526 419 3598 respondere
433 3525 519 3584 baud
528 3529 628 3602 serite
640 3551 686 3587 ee·

171 3640 174 3644 ’
238 3611 334 3668 setall
343 3610 433 3679 (Harl.
443 3632 460 3672 a
469 3612 547 3676 Laud.
554 3637 572 3676 ι.
584 3616 649 3677 Pell.
659 3620 684 3678 1.

236 3696 263 3754 3.
292 3696 370 3757 Voss.
395 3712 424 3759 rt.
453 3700 521 3775 al.)]
554 3704 685 3763 adversus

139 3794 144 3809 '
236 3802 305 3859 qnae
323 3785 426 3862 singula
446 3809 507 3848 cum
525 3800 575 3851 eet.
594 3821 628 3835 -
648 3793 684 3849 P:

234 3871 417 3949 aduersusque
435 3896 496 3934 cum
518 3879 684 3956 respondere

304 3959 396 4019 -P·
418 3976 624 4024 accussatorem.
648 3999 683 4010 —

151 4080 155 4088 .
233 4039 263 4098 Μ
285 4047 576 4108 m.1'.=rnodosibi
603 4053 681 4128 eripi.

234 4147 270 4187 m
288 4133 328 4188 3.
351 4133 434 4190 modo
455 4137 511 4194 uiti
522 4139 585 4197 sibi
602 4141 680 4216 eripi.

828 1783 915 1841 -Ρ,
939 1782 1142 1841 uociferaretur.
1164 1776 1264 1835 llarla

826 1872 875 1932 al:
893 1872 1063 1930 uociferatur.
1080 1866 1123 1939 rh
1143 1864 1266 1925 noeilere·

825 1970 878 2019 tur.
890 1991 922 2004 -
936 1959 958 2016 P
974 1972 1011 2016 ιιι.
1032 1959 1071 2016 1.=
1090 1961 1267 2035 pugnaretque

825 2066 855 2104 se
877 2049 906 2103 in
928 2048 1017 2103 nicern
1039 2053 1121 2122 atque
1142 2040 1215 2100 ultro
1232 2057 1268 2094 ac·

820 2134 1268 2211 cursaret.m.2.rpurgaretque-

826 2228 972 2280 accusaret.
989 2220 1028 2277 ll:
1041 2218 1130 2296 adque
1140 2216 1214 2274 ultro
1224 2220 1269 2271 cet.

826 2339 862 2353 -
891 2309 968 2367 Leid.
996 2326 1027 2368 ιι
1053 2308 1272 2380 redintegraturo.

826 2395 948 2455 Harl-ar
976 2394 1103 2474 impediri
1125 2394 1215 2450 iussit.
1241 2419 1272 2432 -

826 2483 871 2540 Ad
887 2502 967 2540 nune
984 2515 1018 2525 -
1036 2482 1127 2538 modo
1144 2479 1181 2540 cl.
1194 2476 1273 2535 Ovid.

827 2569 935 2629 Metam.
955 2572 998 2639 13,
1011 2571 1087 2629 933.ι
1104 2567 1176 2627 Nam
1194 2563 1273 2623 modo

826 2658 958 2715 ducebam
968 2656 1092 2714 ducentia
1102 2657 1169 2717 retia
1176 2655 1275 2731 pisces,

825 2745 904 2804 Nunc
922 2748 951 2803 in
968 2745 1040 2800 mole
1060 2740 1159 2818 sedens
1183 2737 1275 2794 mode·

824 2834 905 2891 rebar
923 2830 1074 2887 harundine
1090 2828 1186 2887 linum.

756 2920 799 2980 13.
825 2921 983 2978 tumultum
1005 2911 1066 2974 iem
1088 2917 1119 2972 in
1135 2913 1279 2970 contione*

828 3010 999 3069 marcentes.-
1011 3004 1053 3077 Μ]
1065 2999 1210 3061 tumultum
1222 3003 1277 3056 iern

826 3095 856 3151 in
871 3095 997 3151 contione
1009 3095 1152 3153 miscentes
1161 3085 1228 3158 (P).
1242 3117 1278 3130 -

827 3180 1078 3255 Quonamalioloeo
1087 3195 1189 3256 quaeso
1196 3193 1278 3252 quam

779 3271 782 3275 ’
800 3317 801 3321 ,
825 3266 856 3326 in
866 3269 1001 3337 contione,
1013 3271 1043 3325 ln
1050 3282 1102 3346 qua
1112 3265 1237 3321 eterierii
1249 3271 1278 3319 et

826 3354 924 3434 reliqui
951 3353 1050 3413 milites
1080 3350 1279 3412 constiterunt?

826 3461 876 3499 cnr
893 3444 975 3518 igitur
992 3442 1022 3499 id
1039 3439 1113 3519 quod
1131 3456 1212 3495 nemo
1230 3457 1279 3494 ne·

825 3531 929 3587 sciebat
964 3529 1020 3586 dici
1054 3546 1165 3584 necesse
1194 3524 1279 3581 'erati

826 3615 897 3675 Vera
914 3619 1046 3695 scriptura
1065 3623 1171 3672 serrata
1181 3621 1233 3683 ‚eet
1247 3613 1278 3667 in

812 3703 854 3761 ,Μ
876 3706 907 3761 ιἰι
933 3707 1098 3762 contionem
1124 3701 1152 3761 b.
1174 3720 1199 3760 e.
1226 3719 1280 3778 per

826 3794 990 3860 contionem,
1008 3789 1037 3847 ln
1056 3808 1150 3847 omnes
1172 3791 1279 3844 contio·

825 3880 868 3936 nis
892 3890 992 3956 partes.
1019 3877 1050 3934 ln
1073 3876 1147 3936 Harl.
1165 3895 1184 3935 ι.
1209 3877 1279 3932 scri·

824 3977 903 4042 ptum
920 3977 962 4025 est
979 3965 1222 4024 incorrectione.
1241 3990 1278 4001 -

822 4053 851 4111 M
869 4074 905 4114 m.
925 4058 963 4115 1.:
983 4055 1017 4110 ad
1036 4056 1112 4105 arios.
1130 4065 1166 4104 m.
1179 4048 1220 4106 3.:
1239 4045 1277 4104 ad

821 4140 940 4197 triarios.
1033 4143 1035 4147 ’
