<?xml version="1.0" encoding="UTF-8"?>
<!DOCTYPE html PUBLIC "-//W3C//DTD XHTML 1.0 Transitional//EN"
    "http://www.w3.org/TR/xhtml1/DTD/xhtml1-transitional.dtd">
<html xmlns="http://www.w3.org/1999/xhtml" xml:lang="en" lang="en">
 <head>
  <title>
</title>
<meta http-equiv="Content-Type" content="text/html;charset=utf-8" />
  <meta name='ocr-system' content='tesseract 3.04.00' />
  <meta name='ocr-capabilities' content='ocr_page ocr_carea ocr_par ocr_line ocrx_word'/>
</head>
<body>
  <div class='ocr_page' id='page_1' title='image "./titilivirerumro01alscgoog_0396.png"; bbox 0 0 2842 4724; ppageno 0'>
   <div class='ocr_carea' id='block_1_1' title="bbox 523 239 1294 384">
    <p class='ocr_par' dir='ltr' id='par_1_1' title="bbox 523 239 1294 384">
     <span class='ocr_line' id='line_1_1' title="bbox 523 239 1294 384; baseline -0.013 -33"><span class='ocrx_word' id='word_1_1' title='bbox 523 291 755 384; x_wconf 55' lang='grc' dir='ltr'>1111111111.Ι</span> <span class='ocrx_word' id='word_1_2' title='bbox 937 239 991 360; x_wconf 79' lang='grc'>’,</span> <span class='ocrx_word' id='word_1_3' title='bbox 1106 275 1172 343; x_wconf 79' lang='lat' dir='ltr'>are</span> <span class='ocrx_word' id='word_1_4' title='bbox 1292 375 1294 382; x_wconf 68' lang='lat'><em>,</em></span> 
     </span>
    </p>
   </div>
   <div class='ocr_carea' id='block_1_2' title="bbox 53 452 1224 1808">
    <p class='ocr_par' dir='ltr' id='par_1_2' title="bbox 53 452 1224 1808">
     <span class='ocr_line' id='line_1_2' title="bbox 54 452 1175 551; baseline -0.004 -28"><span class='ocrx_word' id='word_1_5' title='bbox 54 456 191 551; x_wconf 73' lang='lat' dir='ltr'>petitae</span> <span class='ocrx_word' id='word_1_6' title='bbox 212 465 303 523; x_wconf 89' lang='lat' dir='ltr'>metu</span> <span class='ocrx_word' id='word_1_7' title='bbox 325 456 507 547; x_wconf 90' lang='lat' dir='ltr'>propinque</span> <span class='ocrx_word' id='word_1_8' title='bbox 530 465 626 546; x_wconf 84' lang='lat' dir='ltr'>atque</span> <span class='ocrx_word' id='word_1_9' title='bbox 647 453 693 521; x_wconf 87' lang='lat' dir='ltr'>ira</span> <span class='ocrx_word' id='word_1_10' title='bbox 716 453 878 521; x_wconf 85' lang='lat' dir='ltr'>concirent</span> <span class='ocrx_word' id='word_1_11' title='bbox 898 452 1049 520; x_wconf 85' lang='lat' dir='ltr'>finitimos</span> <span class='ocrx_word' id='word_1_12' title='bbox 1071 475 1175 544; x_wconf 86' lang='lat' dir='ltr'>pepu-</span> 
     </span>
     <span class='ocr_line' id='line_1_3' title="bbox 53 556 1173 650; baseline -0.001 -25"><span class='ocrx_word' id='word_1_13' title='bbox 53 561 127 627; x_wconf 89' lang='lat' dir='ltr'>los.</span> <span class='ocrx_word' id='word_1_14' title='bbox 171 572 205 628; x_wconf 90' lang='lat' dir='ltr'>et</span> <span class='ocrx_word' id='word_1_15' title='bbox 227 571 295 628; x_wconf 86' lang='lat' dir='ltr'>erat</span> <span class='ocrx_word' id='word_1_16' title='bbox 316 583 416 650; x_wconf 84' lang='lat' dir='ltr'>genus</span> <span class='ocrx_word' id='word_1_17' title='bbox 440 573 535 628; x_wconf 82' lang='lat' dir='ltr'>omne</span> <span class='ocrx_word' id='word_1_18' title='bbox 551 560 676 627; x_wconf 80' lang='lat' dir='ltr'><strong>abunde</strong></span> <span class='ocrx_word' id='word_1_19' title='bbox 691 557 778 626; x_wconf 89' lang='lat' dir='ltr'>belle</span> <span class='ocrx_word' id='word_1_20' title='bbox 795 556 989 626; x_wconf 87' lang='lat' dir='ltr'>Samnitibus</span> <span class='ocrx_word' id='word_1_21' title='bbox 1003 580 1061 646; x_wconf 92' lang='lat' dir='ltr'>par</span> <span class='ocrx_word' id='word_1_22' title='bbox 1075 556 1173 624; x_wconf 85' lang='lat' dir='ltr'>Marsi</span> 
     </span>
     <span class='ocr_line' id='line_1_4' title="bbox 53 661 1172 757; baseline -0.002 -26"><span class='ocrx_word' id='word_1_23' title='bbox 53 664 257 757; x_wconf 87' lang='lat' dir='ltr'>Pelignique</span> <span class='ocrx_word' id='word_1_24' title='bbox 275 676 308 733; x_wconf 91' lang='lat' dir='ltr'>et</span> <span class='ocrx_word' id='word_1_25' title='bbox 320 665 500 749; x_wconf 83' lang='lat' dir='ltr'>Marrucini,</span> <span class='ocrx_word' id='word_1_26' title='bbox 525 689 608 756; x_wconf 90' lang='lat' dir='ltr'>quos</span> <span class='ocrx_word' id='word_1_27' title='bbox 625 664 656 731; x_wconf 86' lang='lat' dir='ltr'>si</span> <span class='ocrx_word' id='word_1_28' title='bbox 672 663 822 756; x_wconf 60' lang='lat' dir='ltr'>,Vestinus</span> <span class='ocrx_word' id='word_1_29' title='bbox 841 661 1044 752; x_wconf 76' lang='lat' dir='ltr'>attingeretur</span> <span class='ocrx_word' id='word_1_30' title='bbox 1060 685 1172 729; x_wconf 87' lang='lat' dir='ltr'>omues</span> 
     </span>
     <span class='ocr_line' id='line_1_5' title="bbox 55 765 1173 862; baseline 0 -28"><span class='ocrx_word' id='word_1_31' title='bbox 55 769 238 837; x_wconf 86' lang='lat' dir='ltr'>habendes</span> <span class='ocrx_word' id='word_1_32' title='bbox 260 769 382 838; x_wconf 89' lang='lat' dir='ltr'>hostes.</span> <span class='ocrx_word' id='word_1_33' title='bbox 420 769 497 862; x_wconf 84' lang='lat' dir='ltr'>vicit</span> <span class='ocrx_word' id='word_1_34' title='bbox 517 781 625 837; x_wconf 89' lang='lat' dir='ltr'>tamen</span> <span class='ocrx_word' id='word_1_35' title='bbox 650 792 724 859; x_wconf 93' lang='lat' dir='ltr'>pars</span> <span class='ocrx_word' id='word_1_36' title='bbox 753 793 836 859; x_wconf 91' lang='lat' dir='ltr'>quae</span> <span class='ocrx_word' id='word_1_37' title='bbox 863 765 1102 859; x_wconf 86' lang='lat' dir='ltr'>inpraesentia</span> <span class='ocrx_word' id='word_1_38' title='bbox 1128 767 1173 834; x_wconf 86' lang='lat' dir='ltr'>vi-</span> 
     </span>
     <span class='ocr_line' id='line_1_6' title="bbox 57 863 1203 965; baseline 0 -25"><span class='ocrx_word' id='word_1_39' title='bbox 57 875 138 941; x_wconf 87' lang='lat' dir='ltr'>deri</span> <span class='ocrx_word' id='word_1_40' title='bbox 146 875 267 965; x_wconf 39' lang='lat' dir='ltr'>*potnit</span> <span class='ocrx_word' id='word_1_41' title='bbox 288 875 417 943; x_wconf 80' lang='lat' dir='ltr'>maioris</span> <span class='ocrx_word' id='word_1_42' title='bbox 439 863 535 942; x_wconf 87' lang='lat' dir='ltr'>animi</span> <span class='ocrx_word' id='word_1_43' title='bbox 557 899 655 964; x_wconf 88' lang='lat' dir='ltr'>quam</span> <span class='ocrx_word' id='word_1_44' title='bbox 678 874 809 957; x_wconf 87' lang='lat' dir='ltr'>consilii,</span> <span class='ocrx_word' id='word_1_45' title='bbox 830 873 887 941; x_wconf 89' lang='lat' dir='ltr'>sed</span> <span class='ocrx_word' id='word_1_46' title='bbox 910 883 1043 940; x_wconf 88' lang='lat' dir='ltr'>eventus</span> <span class='ocrx_word' id='word_1_47' title='bbox 1066 871 1203 940; x_wconf 90' lang='lat' dir='ltr'>docuit5</span> 
     </span>
     <span class='ocr_line' id='line_1_7' title="bbox 56 978 1175 1068; baseline -0.002 -23"><span class='ocrx_word' id='word_1_48' title='bbox 56 979 170 1046; x_wconf 79' lang='lat' dir='ltr'>fortes</span> <span class='ocrx_word' id='word_1_49' title='bbox 192 979 355 1047; x_wconf 89' lang='lat' dir='ltr'>fortunam</span> <span class='ocrx_word' id='word_1_50' title='bbox 374 979 499 1048; x_wconf 87' lang='lat' dir='ltr'>iuvare:</span> <span class='ocrx_word' id='word_1_51' title='bbox 521 979 653 1048; x_wconf 51' lang='lat' dir='ltr'>bellurn.</span> <span class='ocrx_word' id='word_1_52' title='bbox 666 1003 705 1046; x_wconf 87' lang='lat' dir='ltr'>ex</span> <span class='ocrx_word' id='word_1_53' title='bbox 729 978 916 1056; x_wconf 85' lang='lat' dir='ltr'>auctoritate</span> <span class='ocrx_word' id='word_1_54' title='bbox 932 987 1059 1068; x_wconf 86' lang='lat' dir='ltr'>patrum</span> <span class='ocrx_word' id='word_1_55' title='bbox 1073 1000 1175 1067; x_wconf 90' lang='lat' dir='ltr'>pepu-</span> 
     </span>
     <span class='ocr_line' id='line_1_8' title="bbox 57 1081 1174 1174; baseline 0 -26"><span class='ocrx_word' id='word_1_56' title='bbox 57 1084 118 1150; x_wconf 90' lang='lat' dir='ltr'>lus</span> <span class='ocrx_word' id='word_1_57' title='bbox 143 1085 298 1152; x_wconf 88' lang='lat' dir='ltr'>adversus</span> <span class='ocrx_word' id='word_1_58' title='bbox 320 1085 471 1154; x_wconf 83' lang='lat' dir='ltr'><strong>Vestinos</strong></span> <span class='ocrx_word' id='word_1_59' title='bbox 492 1084 592 1162; x_wconf 87' lang='lat' dir='ltr'>iussit.</span> <span class='ocrx_word' id='word_1_60' title='bbox 629 1083 791 1174; x_wconf 87' lang='lat' dir='ltr'>provincia</span> <span class='ocrx_word' id='word_1_61' title='bbox 814 1107 853 1152; x_wconf 89' lang='lat' dir='ltr'>ea</span> <span class='ocrx_word' id='word_1_62' title='bbox 874 1082 985 1165; x_wconf 90' lang='lat' dir='ltr'>Brute,</span> <span class='ocrx_word' id='word_1_63' title='bbox 1007 1081 1174 1150; x_wconf 88' lang='lat' dir='ltr'>Samnium</span> 
     </span>
     <span class='ocr_line' id='line_1_9' title="bbox 60 1187 1174 1279; baseline -0.001 -24"><span class='ocrx_word' id='word_1_64' title='bbox 60 1188 209 1257; x_wconf 85' lang='lat' dir='ltr'>Camillo</span> <span class='ocrx_word' id='word_1_65' title='bbox 231 1201 324 1264; x_wconf 84' lang='lat' dir='ltr'>sorte</span> <span class='ocrx_word' id='word_1_66' title='bbox 342 1191 457 1258; x_wconf 79' lang='lat' dir='ltr'>evenit.</span> <span class='ocrx_word' id='word_1_67' title='bbox 494 1189 652 1258; x_wconf 88' lang='lat' dir='ltr'>exercitus</span> <span class='ocrx_word' id='word_1_68' title='bbox 674 1200 812 1279; x_wconf 89' lang='lat' dir='ltr'>utroque</span> <span class='ocrx_word' id='word_1_69' title='bbox 832 1187 919 1256; x_wconf 90' lang='lat' dir='ltr'>ducti</span> <span class='ocrx_word' id='word_1_70' title='bbox 941 1198 974 1255; x_wconf 88' lang='lat' dir='ltr'>et</span> <span class='ocrx_word' id='word_1_71' title='bbox 989 1211 1065 1255; x_wconf 89' lang='lat' dir='ltr'>cura</span> <span class='ocrx_word' id='word_1_72' title='bbox 1085 1197 1174 1255; x_wconf 87' lang='lat' dir='ltr'>tuen-</span> 
     </span>
     <span class='ocr_line' id='line_1_10' title="bbox 61 1293 1175 1386; baseline -0.001 -27"><span class='ocrx_word' id='word_1_73' title='bbox 61 1293 189 1361; x_wconf 84' lang='lat' dir='ltr'>dorum</span> <span class='ocrx_word' id='word_1_74' title='bbox 216 1293 328 1361; x_wconf 90' lang='lat' dir='ltr'>linium</span> <span class='ocrx_word' id='word_1_75' title='bbox 354 1295 465 1362; x_wconf 88' lang='lat' dir='ltr'>hostes</span> <span class='ocrx_word' id='word_1_76' title='bbox 495 1294 646 1386; x_wconf 79' lang='lat' dir='ltr'>prohibiti</span> <span class='ocrx_word' id='word_1_77' title='bbox 673 1295 866 1386; x_wconf 81' lang='lat' dir='ltr'>coniungere</span> <span class='ocrx_word' id='word_1_78' title='bbox 896 1315 994 1360; x_wconf 84' lang='lat' dir='ltr'>arma.</span> <span class='ocrx_word' id='word_1_79' title='bbox 1032 1303 1175 1360; x_wconf 85' lang='lat' dir='ltr'>ceterum</span> 
     </span>
     <span class='ocr_line' id='line_1_11' title="bbox 64 1397 1224 1487; baseline 0.002 -23"><span class='ocrx_word' id='word_1_80' title='bbox 64 1397 209 1466; x_wconf 87' lang='lat' dir='ltr'>alterum</span> <span class='ocrx_word' id='word_1_81' title='bbox 231 1400 398 1469; x_wconf 89' lang='lat' dir='ltr'>consulem</span> <span class='ocrx_word' id='word_1_82' title='bbox 419 1400 456 1468; x_wconf 85' lang='lat' dir='ltr'>L.</span> <span class='ocrx_word' id='word_1_83' title='bbox 472 1401 613 1484; x_wconf 84' lang='lat' dir='ltr'>Furium,</span> <span class='ocrx_word' id='word_1_84' title='bbox 635 1399 687 1468; x_wconf 90' lang='lat' dir='ltr'>cui</span> <span class='ocrx_word' id='word_1_85' title='bbox 708 1400 811 1468; x_wconf 85' lang='lat' dir='ltr'>maior</span> <span class='ocrx_word' id='word_1_86' title='bbox 831 1398 936 1466; x_wconf 85' lang='lat' dir='ltr'>meles</span> <span class='ocrx_word' id='word_1_87' title='bbox 958 1420 1066 1464; x_wconf 88' lang='lat' dir='ltr'>rerum</span> <span class='ocrx_word' id='word_1_88' title='bbox 1086 1397 1176 1487; x_wconf 88' lang='lat' dir='ltr'>inpo-</span> <span class='ocrx_word' id='word_1_89' title='bbox 1189 1409 1224 1466; x_wconf 84' lang='lat'>1⁰</span> 
     </span>
     <span class='ocr_line' id='line_1_12' title="bbox 64 1487 1178 1598; baseline -0.003 -29"><span class='ocrx_word' id='word_1_90' title='bbox 64 1502 129 1570; x_wconf 87' lang='lat' dir='ltr'>sita</span> <span class='ocrx_word' id='word_1_91' title='bbox 153 1515 232 1588; x_wconf 81' lang='lat' dir='ltr'>erat,</span> <span class='ocrx_word' id='word_1_92' title='bbox 253 1505 367 1573; x_wconf 85' lang='lat' dir='ltr'>r&#39;nerbo</span> <span class='ocrx_word' id='word_1_93' title='bbox 391 1487 478 1598; x_wconf 72' lang='lat' dir='ltr'>grdvi</span> <span class='ocrx_word' id='word_1_94' title='bbox 492 1505 670 1596; x_wconf 82' lang='lat' dir='ltr'><strong>inplicitum</strong></span> <span class='ocrx_word' id='word_1_95' title='bbox 684 1505 812 1572; x_wconf 89' lang='lat' dir='ltr'>lortuna</span> <span class='ocrx_word' id='word_1_96' title='bbox 825 1502 913 1571; x_wconf 88' lang='lat' dir='ltr'>bello</span> <span class='ocrx_word' id='word_1_97' title='bbox 928 1502 1094 1586; x_wconf 78' lang='lat' dir='ltr'><strong>subtraxit,</strong></span> <span class='ocrx_word' id='word_1_98' title='bbox 1108 1501 1178 1585; x_wconf 76' lang='lat' dir='ltr'>‘ius-</span> 
     </span>
     <span class='ocr_line' id='line_1_13' title="bbox 64 1605 1178 1713; baseline -0.002 -39"><span class='ocrx_word' id='word_1_99' title='bbox 64 1630 191 1699; x_wconf 87' lang='lat' dir='ltr'>susque</span> <span class='ocrx_word' id='word_1_100' title='bbox 214 1609 403 1678; x_wconf 88' lang='lat' dir='ltr'>dictatnrenr</span> <span class='ocrx_word' id='word_1_101' title='bbox 426 1611 530 1679; x_wconf 86' lang='lat' dir='ltr'>dicere</span> <span class='ocrx_word' id='word_1_102' title='bbox 552 1611 598 1679; x_wconf 88' lang='lat' dir='ltr'>rei</span> <span class='ocrx_word' id='word_1_103' title='bbox 619 1609 777 1702; x_wconf 83' lang='lat' dir='ltr'>gerendae</span> <span class='ocrx_word' id='word_1_104' title='bbox 805 1631 901 1676; x_wconf 74' lang='lat' dir='ltr'>carisa</span> <span class='ocrx_word' id='word_1_105' title='bbox 923 1607 1019 1697; x_wconf 88' lang='lat' dir='ltr'>longe</span> <span class='ocrx_word' id='word_1_106' title='bbox 1046 1605 1178 1713; x_wconf 43' lang='lat' dir='ltr'>clarissi]</span> 
     </span>
     <span class='ocr_line' id='line_1_14' title="bbox 64 1703 1178 1808; baseline -0.001 -29"><span class='ocrx_word' id='word_1_107' title='bbox 64 1737 163 1780; x_wconf 86' lang='lat' dir='ltr'>mum</span> <span class='ocrx_word' id='word_1_108' title='bbox 190 1714 278 1782; x_wconf 89' lang='lat' dir='ltr'>bello</span> <span class='ocrx_word' id='word_1_109' title='bbox 307 1739 345 1782; x_wconf 89' lang='lat' dir='ltr'>ea</span> <span class='ocrx_word' id='word_1_110' title='bbox 373 1703 565 1808; x_wconf 78' lang='lat' dir='ltr'>tempestate</span> <span class='ocrx_word' id='word_1_111' title='bbox 593 1715 673 1784; x_wconf 79' lang='lat' dir='ltr'>dixit</span> <span class='ocrx_word' id='word_1_112' title='bbox 693 1713 731 1782; x_wconf 88' lang='lat' dir='ltr'>L.</span> <span class='ocrx_word' id='word_1_113' title='bbox 752 1712 914 1802; x_wconf 87' lang='lat' dir='ltr'>Papirium</span> <span class='ocrx_word' id='word_1_114' title='bbox 937 1711 1125 1794; x_wconf 86' lang='lat' dir='ltr'>Cursorem,</span> <span class='ocrx_word' id='word_1_115' title='bbox 1159 1733 1178 1778; x_wconf 83' lang='lat' dir='ltr'>a</span> 
     </span>
    </p>
   </div>
   <div class='ocr_carea' id='block_1_3' title="bbox 84 1863 594 2991">
    <p class='ocr_par' dir='ltr' id='par_1_3' title="bbox 84 1863 594 2991">
     <span class='ocr_line' id='line_1_15' title="bbox 84 1863 592 1944; baseline 0.016 -30"><span class='ocrx_word' id='word_1_116' title='bbox 84 1863 112 1922; x_wconf 71' lang='lat'>2.</span> <span class='ocrx_word' id='word_1_117' title='bbox 143 1871 175 1920; x_wconf 80' lang='lat' dir='ltr'>et</span> <span class='ocrx_word' id='word_1_118' title='bbox 191 1873 258 1921; x_wconf 81' lang='lat' dir='ltr'>erut</span> <span class='ocrx_word' id='word_1_119' title='bbox 266 1883 364 1944; x_wconf 83' lang='lat' dir='ltr'>genus</span> <span class='ocrx_word' id='word_1_120' title='bbox 376 1883 461 1922; x_wconf 80' lang='lat' dir='ltr'>omne</span> <span class='ocrx_word' id='word_1_121' title='bbox 471 1865 592 1923; x_wconf 78' lang='lat' dir='ltr'>abunde</span> 
     </span>
     <span class='ocr_line' id='line_1_16' title="bbox 140 1951 593 2028; baseline 0.009 -22"><span class='ocrx_word' id='word_1_122' title='bbox 140 1951 221 2009; x_wconf 82' lang='lat' dir='ltr'>bello</span> <span class='ocrx_word' id='word_1_123' title='bbox 234 1951 418 2010; x_wconf 82' lang='lat' dir='ltr'>Samnitibus</span> <span class='ocrx_word' id='word_1_124' title='bbox 427 1972 486 2028; x_wconf 85' lang='lat' dir='ltr'>par</span> <span class='ocrx_word' id='word_1_125' title='bbox 494 1954 593 2010; x_wconf 77' lang='lat' dir='ltr'>Marsi</span> 
     </span>
     <span class='ocr_line' id='line_1_17' title="bbox 141 2037 591 2118; baseline 0.002 -23"><span class='ocrx_word' id='word_1_126' title='bbox 141 2037 322 2118; x_wconf 75' lang='lat' dir='ltr'>Peligniqne</span> <span class='ocrx_word' id='word_1_127' title='bbox 351 2049 381 2096; x_wconf 83' lang='lat' dir='ltr'>et</span> <span class='ocrx_word' id='word_1_128' title='bbox 409 2041 591 2098; x_wconf 79' lang='lat' dir='ltr'>Marrucini:</span> 
     </span>
     <span class='ocr_line' id='line_1_18' title="bbox 142 2125 591 2200; baseline 0.007 -20"><span class='ocrx_word' id='word_1_129' title='bbox 142 2125 207 2181; x_wconf 87' lang='lat' dir='ltr'>Plll:</span> <span class='ocrx_word' id='word_1_130' title='bbox 234 2127 315 2195; x_wconf 92' lang='lat' dir='ltr'>„und</span> <span class='ocrx_word' id='word_1_131' title='bbox 337 2126 418 2184; x_wconf 78' lang='lat' dir='ltr'>dalei</span> <span class='ocrx_word' id='word_1_132' title='bbox 436 2147 496 2184; x_wconf 82' lang='lat' dir='ltr'>war</span> <span class='ocrx_word' id='word_1_133' title='bbox 516 2127 591 2200; x_wconf 84' lang='lat' dir='ltr'>jener</span> 
     </span>
     <span class='ocr_line' id='line_1_19' title="bbox 143 2213 591 2287; baseline 0.011 -19"><span class='ocrx_word' id='word_1_134' title='bbox 143 2231 228 2287; x_wconf 79' lang='lat' dir='ltr'>ganne</span> <span class='ocrx_word' id='word_1_135' title='bbox 246 2213 350 2282; x_wconf 84' lang='lat' dir='ltr'>Strich‚</span> <span class='ocrx_word' id='word_1_136' title='bbox 372 2215 421 2272; x_wconf 89' lang='lat' dir='ltr'>der</span> <span class='ocrx_word' id='word_1_137' title='bbox 445 2213 490 2272; x_wconf 87' lang='lat' dir='ltr'>die</span> <span class='ocrx_word' id='word_1_138' title='bbox 506 2215 542 2275; x_wconf 87' lang='grc'><strong>11.</strong></span> <span class='ocrx_word' id='word_1_139' title='bbox 559 2214 591 2274; x_wconf 92' lang='grc' dir='ltr'>Ρ.</span> 
     </span>
     <span class='ocr_line' id='line_1_20' title="bbox 142 2299 591 2372; baseline 0.009 -16"><span class='ocrx_word' id='word_1_140' title='bbox 142 2300 200 2357; x_wconf 88' lang='lat' dir='ltr'>und</span> <span class='ocrx_word' id='word_1_141' title='bbox 209 2299 245 2360; x_wconf 90' lang='grc'><strong>11.</strong></span> <span class='ocrx_word' id='word_1_142' title='bbox 258 2301 396 2372; x_wconf 74' lang='lat' dir='ltr'>minente,</span> <span class='ocrx_word' id='word_1_143' title='bbox 410 2302 591 2361; x_wconf 81' lang='lat' dir='ltr'>rellkemrnen</span> 
     </span>
     <span class='ocr_line' id='line_1_21' title="bbox 143 2387 591 2464; baseline 0.009 -21"><span class='ocrx_word' id='word_1_144' title='bbox 143 2408 178 2443; x_wconf 88' lang='lat' dir='ltr'>an</span> <span class='ocrx_word' id='word_1_145' title='bbox 195 2387 398 2464; x_wconf 86' lang='lat' dir='ltr'>Kriegesmacht</span> <span class='ocrx_word' id='word_1_146' title='bbox 417 2391 469 2449; x_wconf 88' lang='lat' dir='ltr'>den</span> <span class='ocrx_word' id='word_1_147' title='bbox 486 2392 591 2452; x_wconf 86' lang='lat' dir='ltr'>Samni-</span> 
     </span>
     <span class='ocr_line' id='line_1_22' title="bbox 143 2475 592 2552; baseline 0.004 -21"><span class='ocrx_word' id='word_1_148' title='bbox 143 2485 189 2532; x_wconf 86' lang='lat' dir='ltr'>ten</span> <span class='ocrx_word' id='word_1_149' title='bbox 195 2475 282 2552; x_wconf 76' lang='lat' dir='ltr'>glei&#39;ch</span> <span class='ocrx_word' id='word_1_150' title='bbox 288 2499 320 2535; x_wconf 89' lang='lat' dir='ltr'>zu</span> <span class='ocrx_word' id='word_1_151' title='bbox 326 2485 442 2540; x_wconf 86' lang='lat' dir='ltr'>setzen“.</span> <span class='ocrx_word' id='word_1_152' title='bbox 452 2478 592 2546; x_wconf 68' lang='lat' dir='ltr'>Cl.8‚24.:</span> 
     </span>
     <span class='ocr_line' id='line_1_23' title="bbox 143 2554 591 2646; baseline 0.009 -28"><span class='ocrx_word' id='word_1_153' title='bbox 143 2573 174 2619; x_wconf 89' lang='lat' dir='ltr'>nt</span> <span class='ocrx_word' id='word_1_154' title='bbox 190 2563 319 2643; x_wconf 76' lang='lat' dir='ltr'>pleraque</span> <span class='ocrx_word' id='word_1_155' title='bbox 337 2567 394 2623; x_wconf 87' lang='lat' dir='ltr'>eius</span> <span class='ocrx_word' id='word_1_156' title='bbox 413 2568 534 2646; x_wconf 79' lang='lat' dir='ltr'>generis</span> <span class='ocrx_word' id='word_1_157' title='bbox 550 2554 591 2622; x_wconf 73' lang='lat' dir='ltr'>in&#39;·</span> 
     </span>
     <span class='ocr_line' id='line_1_24' title="bbox 144 2652 592 2732; baseline 0.011 -28"><span class='ocrx_word' id='word_1_158' title='bbox 144 2653 222 2724; x_wconf 83' lang='lat' dir='ltr'>genia</span> <span class='ocrx_word' id='word_1_159' title='bbox 239 2663 312 2712; x_wconf 83' lang='lat' dir='ltr'>eunt.</span> <span class='ocrx_word' id='word_1_160' title='bbox 328 2684 364 2696; x_wconf 95' lang='lat'><em>-</em></span> <span class='ocrx_word' id='word_1_161' title='bbox 381 2652 444 2712; x_wconf 77' lang='lat' dir='ltr'>Pu:</span> <span class='ocrx_word' id='word_1_162' title='bbox 463 2673 555 2732; x_wconf 84' lang='lat' dir='ltr'>„quus</span> <span class='ocrx_word' id='word_1_163' title='bbox 568 2655 592 2710; x_wconf 91' lang='lat' dir='ltr'>si</span> 
     </span>
     <span class='ocr_line' id='line_1_25' title="bbox 145 2736 593 2816; baseline 0.009 -22"><span class='ocrx_word' id='word_1_164' title='bbox 145 2736 268 2794; x_wconf 87' lang='lat' dir='ltr'>nesliuus</span> <span class='ocrx_word' id='word_1_165' title='bbox 297 2741 470 2816; x_wconf 79' lang='lat' dir='ltr'>attingeretur</span> <span class='ocrx_word' id='word_1_166' title='bbox 500 2761 593 2798; x_wconf 85' lang='lat' dir='ltr'>omnes</span> 
     </span>
     <span class='ocr_line' id='line_1_26' title="bbox 146 2823 594 2906; baseline 0.013 -27"><span class='ocrx_word' id='word_1_167' title='bbox 146 2823 285 2882; x_wconf 85' lang='lat' dir='ltr'>habendes</span> <span class='ocrx_word' id='word_1_168' title='bbox 297 2827 427 2884; x_wconf 85' lang='lat' dir='ltr'>hostes“:</span> <span class='ocrx_word' id='word_1_169' title='bbox 445 2827 534 2906; x_wconf 89' lang='lat' dir='ltr'>suppl.</span> <span class='ocrx_word' id='word_1_170' title='bbox 546 2849 594 2885; x_wconf 79' lang='lat' dir='ltr'>ne·</span> 
     </span>
     <span class='ocr_line' id='line_1_27' title="bbox 146 2913 594 2991; baseline 0.013 -24"><span class='ocrx_word' id='word_1_171' title='bbox 146 2931 231 2969; x_wconf 80' lang='lat' dir='ltr'>cesse</span> <span class='ocrx_word' id='word_1_172' title='bbox 253 2925 319 2970; x_wconf 82' lang='lat' dir='ltr'>erat</span> <span class='ocrx_word' id='word_1_173' title='bbox 341 2913 384 2972; x_wconf 84' lang='lat' dir='ltr'>rel</span> <span class='ocrx_word' id='word_1_174' title='bbox 408 2915 498 2972; x_wconf 86' lang='lat' dir='ltr'>simile</span> <span class='ocrx_word' id='word_1_175' title='bbox 520 2915 594 2991; x_wconf 87' lang='lat' dir='ltr'>quid.</span> 
     </span>
    </p>
   </div>
   <div class='ocr_carea' id='block_1_4' title="bbox 147 2997 648 3082">
    <p class='ocr_par' dir='ltr' id='par_1_4' title="bbox 147 2997 648 3082">
     <span class='ocr_line' id='line_1_28' title="bbox 147 2997 648 3082; baseline 0.01 -28"><span class='ocrx_word' id='word_1_176' title='bbox 147 2997 182 3057; x_wconf 83' lang='lat' dir='ltr'>cl.</span> <span class='ocrx_word' id='word_1_177' title='bbox 201 3001 228 3067; x_wconf 83' lang='lat'>8,</span> <span class='ocrx_word' id='word_1_178' title='bbox 240 3003 300 3059; x_wconf 55' lang='lat'>24:</span> <span class='ocrx_word' id='word_1_179' title='bbox 319 3023 405 3082; x_wconf 87' lang='lat' dir='ltr'>eoque</span> <span class='ocrx_word' id='word_1_180' title='bbox 420 3005 496 3062; x_wconf 88' lang='lat' dir='ltr'>ocius</span> <span class='ocrx_word' id='word_1_181' title='bbox 509 3013 594 3060; x_wconf 85' lang='lat' dir='ltr'>traus-</span> <span class='ocrx_word' id='word_1_182' title='bbox 646 3061 648 3073; x_wconf 66' lang='grc'><strong>,</strong></span> 
     </span>
    </p>
   </div>
   <div class='ocr_carea' id='block_1_5' title="bbox 91 3087 594 3428">
    <p class='ocr_par' dir='ltr' id='par_1_5' title="bbox 147 3087 263 3147">
     <span class='ocr_line' id='line_1_29' title="bbox 147 3087 263 3147; baseline 0.034 -5"><span class='ocrx_word' id='word_1_183' title='bbox 147 3087 263 3147; x_wconf 77' lang='lat' dir='ltr'>misisse.</span> 
     </span>
    </p>

    <p class='ocr_par' dir='ltr' id='par_1_6' title="bbox 91 3175 594 3428">
     <span class='ocr_line' id='line_1_30' title="bbox 91 3175 594 3252; baseline 0.012 -23"><span class='ocrx_word' id='word_1_184' title='bbox 91 3176 120 3234; x_wconf 85' lang='lat'>5.</span> <span class='ocrx_word' id='word_1_185' title='bbox 149 3175 206 3230; x_wconf 81' lang='lat' dir='ltr'>sed</span> <span class='ocrx_word' id='word_1_186' title='bbox 227 3187 352 3236; x_wconf 66' lang='lat' dir='ltr'>suemus</span> <span class='ocrx_word' id='word_1_187' title='bbox 375 3179 477 3238; x_wconf 78' lang='lat' dir='ltr'>docuit</span> <span class='ocrx_word' id='word_1_188' title='bbox 490 3179 594 3252; x_wconf 79' lang='lat' dir='ltr'>fortes</span> 
     </span>
     <span class='ocr_line' id='line_1_31' title="bbox 141 3261 594 3336; baseline 0.002 -17"><span class='ocrx_word' id='word_1_189' title='bbox 141 3261 303 3336; x_wconf 80' lang='lat' dir='ltr'>fortunam</span> <span class='ocrx_word' id='word_1_190' title='bbox 320 3267 440 3325; x_wconf 80' lang='lat' dir='ltr'>innare:</span> <span class='ocrx_word' id='word_1_191' title='bbox 456 3265 492 3326; x_wconf 83' lang='lat' dir='ltr'>tt.</span> <span class='ocrx_word' id='word_1_192' title='bbox 506 3297 540 3308; x_wconf 94' lang='lat'>-·-</span> <span class='ocrx_word' id='word_1_193' title='bbox 558 3262 594 3321; x_wconf 86' lang='lat' dir='ltr'>P:</span> 
     </span>
     <span class='ocr_line' id='line_1_32' title="bbox 148 3351 594 3428; baseline 0 -20"><span class='ocrx_word' id='word_1_194' title='bbox 148 3351 367 3428; x_wconf 82' lang='lat' dir='ltr'>quam.eensulii</span> <span class='ocrx_word' id='word_1_195' title='bbox 393 3359 444 3426; x_wconf 78' lang='lat' dir='ltr'>(m.</span> <span class='ocrx_word' id='word_1_196' title='bbox 467 3357 506 3414; x_wconf 53' lang='grc' dir='ltr'>Ἅι</span> <span class='ocrx_word' id='word_1_197' title='bbox 532 3373 594 3410; x_wconf 87' lang='lat' dir='ltr'>cen-</span> 
     </span>
    </p>
   </div>
   <div class='ocr_carea' id='block_1_6' title="bbox 148 3437 655 3508">
    <p class='ocr_par' dir='ltr' id='par_1_7' title="bbox 148 3437 655 3508">
     <span class='ocr_line' id='line_1_33' title="bbox 148 3437 655 3508; baseline 0.006 -14"><span class='ocrx_word' id='word_1_198' title='bbox 148 3437 220 3508; x_wconf 86' lang='lat' dir='ltr'>eilii)</span> <span class='ocrx_word' id='word_1_199' title='bbox 238 3439 288 3495; x_wconf 86' lang='lat' dir='ltr'>sed</span> <span class='ocrx_word' id='word_1_200' title='bbox 305 3452 416 3499; x_wconf 85' lang='lat' dir='ltr'>euentus</span> <span class='ocrx_word' id='word_1_201' title='bbox 431 3442 523 3499; x_wconf 87' lang='lat' dir='ltr'>docuit</span> <span class='ocrx_word' id='word_1_202' title='bbox 541 3441 595 3498; x_wconf 86' lang='lat' dir='ltr'>ler-</span> <span class='ocrx_word' id='word_1_203' title='bbox 653 3441 655 3455; x_wconf 92' lang='lat'>&#39;</span> 
     </span>
    </p>
   </div>
   <div class='ocr_carea' id='block_1_7' title="bbox 147 3527 598 4220">
    <p class='ocr_par' dir='ltr' id='par_1_8' title="bbox 147 3527 598 4220">
     <span class='ocr_line' id='line_1_34' title="bbox 148 3527 596 3589; baseline 0.013 -8"><span class='ocrx_word' id='word_1_204' title='bbox 148 3534 241 3583; x_wconf 85' lang='lat' dir='ltr'>tunam</span> <span class='ocrx_word' id='word_1_205' title='bbox 269 3529 371 3588; x_wconf 86' lang='lat' dir='ltr'>iuuare.</span> <span class='ocrx_word' id='word_1_206' title='bbox 399 3559 435 3572; x_wconf 93' lang='lat'>·-</span> <span class='ocrx_word' id='word_1_207' title='bbox 464 3528 508 3589; x_wconf 82' lang='lat' dir='ltr'>Cf.</span> <span class='ocrx_word' id='word_1_208' title='bbox 536 3527 596 3587; x_wconf 87' lang='lat' dir='ltr'>Cic.</span> 
     </span>
     <span class='ocr_line' id='line_1_35' title="bbox 147 3613 596 3686; baseline 0.002 -16"><span class='ocrx_word' id='word_1_209' title='bbox 147 3613 230 3673; x_wconf 87' lang='lat' dir='ltr'>Tusc.</span> <span class='ocrx_word' id='word_1_210' title='bbox 248 3616 309 3684; x_wconf 66' lang='lat' dir='ltr'>M.</span> <span class='ocrx_word' id='word_1_211' title='bbox 323 3619 366 3676; x_wconf 89' lang='lat'>11.</span> <span class='ocrx_word' id='word_1_212' title='bbox 384 3617 506 3686; x_wconf 82' lang='lat' dir='ltr'>„Fortis</span> <span class='ocrx_word' id='word_1_213' title='bbox 524 3617 596 3672; x_wconf 86' lang='lat' dir='ltr'>euim</span> 
     </span>
     <span class='ocr_line' id='line_1_36' title="bbox 149 3701 596 3777; baseline 0.002 -18"><span class='ocrx_word' id='word_1_214' title='bbox 149 3723 206 3759; x_wconf 88' lang='lat' dir='ltr'>nen</span> <span class='ocrx_word' id='word_1_215' title='bbox 224 3701 309 3760; x_wconf 86' lang='lat' dir='ltr'>uredo</span> <span class='ocrx_word' id='word_1_216' title='bbox 318 3703 451 3777; x_wconf 82' lang='lat' dir='ltr'>fortuna</span> <span class='ocrx_word' id='word_1_217' title='bbox 462 3705 596 3771; x_wconf 78' lang='lat' dir='ltr'>adiuuet,</span> 
     </span>
     <span class='ocr_line' id='line_1_37' title="bbox 150 3785 596 3871; baseline 0 -25"><span class='ocrx_word' id='word_1_218' title='bbox 150 3798 182 3846; x_wconf 93' lang='lat' dir='ltr'>ut</span> <span class='ocrx_word' id='word_1_219' title='bbox 209 3801 250 3846; x_wconf 78' lang='lat' dir='ltr'>eet</span> <span class='ocrx_word' id='word_1_220' title='bbox 276 3793 305 3848; x_wconf 93' lang='lat' dir='ltr'>in</span> <span class='ocrx_word' id='word_1_221' title='bbox 327 3802 418 3849; x_wconf 86' lang='lat' dir='ltr'>vetere</span> <span class='ocrx_word' id='word_1_222' title='bbox 441 3785 596 3871; x_wconf 83' lang='lat' dir='ltr'>pre&#39;rerbie‚</span> 
     </span>
     <span class='ocr_line' id='line_1_38' title="bbox 149 3874 597 3957; baseline 0.004 -25"><span class='ocrx_word' id='word_1_223' title='bbox 149 3876 199 3932; x_wconf 83' lang='lat' dir='ltr'>sed</span> <span class='ocrx_word' id='word_1_224' title='bbox 217 3874 302 3937; x_wconf 82' lang='lat' dir='ltr'>multo</span> <span class='ocrx_word' id='word_1_225' title='bbox 320 3882 404 3951; x_wconf 84' lang='lat' dir='ltr'>magis</span> <span class='ocrx_word' id='word_1_226' title='bbox 421 3882 504 3947; x_wconf 85' lang='lat' dir='ltr'>ratio,</span> <span class='ocrx_word' id='word_1_227' title='bbox 528 3899 597 3957; x_wconf 85' lang='lat' dir='ltr'>quae</span> 
     </span>
     <span class='ocr_line' id='line_1_39' title="bbox 150 3963 598 4045; baseline 0.007 -26"><span class='ocrx_word' id='word_1_228' title='bbox 150 3963 314 4040; x_wconf 85' lang='lat' dir='ltr'>quibusdam</span> <span class='ocrx_word' id='word_1_229' title='bbox 344 3969 420 4041; x_wconf 91' lang='lat' dir='ltr'>qnasi</span> <span class='ocrx_word' id='word_1_230' title='bbox 447 3969 598 4045; x_wconf 84' lang='lat' dir='ltr'>praeceptis</span> 
     </span>
     <span class='ocr_line' id='line_1_40' title="bbox 153 4051 597 4114; baseline 0.011 -8"><span class='ocrx_word' id='word_1_231' title='bbox 153 4051 597 4114; x_wconf 79' lang='lat' dir='ltr'>confirmntvimfortitudinis“.&#39;-</span> 
     </span>
     <span class='ocr_line' id='line_1_41' title="bbox 153 4137 519 4220; baseline 0.019 -24"><span class='ocrx_word' id='word_1_232' title='bbox 153 4137 229 4198; x_wconf 86' lang='lat' dir='ltr'>Harl.</span> <span class='ocrx_word' id='word_1_233' title='bbox 240 4157 272 4198; x_wconf 90' lang='lat' dir='ltr'>r.:</span> <span class='ocrx_word' id='word_1_234' title='bbox 290 4139 375 4196; x_wconf 89' lang='lat' dir='ltr'>uideri</span> <span class='ocrx_word' id='word_1_235' title='bbox 394 4145 519 4220; x_wconf 86' lang='lat' dir='ltr'>potnerit.</span> 
     </span>
    </p>
   </div>
   <div class='ocr_carea' id='block_1_8' title="bbox 678 1857 1179 1938">
    <p class='ocr_par' dir='ltr' id='par_1_9' title="bbox 678 1857 1179 1938">
     <span class='ocr_line' id='line_1_42' title="bbox 678 1857 1179 1938; baseline -0.016 -17"><span class='ocrx_word' id='word_1_236' title='bbox 678 1865 705 1924; x_wconf 85' lang='lat'>7.</span> <span class='ocrx_word' id='word_1_237' title='bbox 720 1861 1017 1938; x_wconf 81' lang='lat' dir='ltr'>prouinciaeaBruto</span> <span class='ocrx_word' id='word_1_238' title='bbox 1023 1857 1179 1918; x_wconf 78' lang='lat' dir='ltr'>Samnium</span> 
     </span>
    </p>
   </div>
   <div class='ocr_carea' id='block_1_9' title="bbox 732 1945 1179 2466">
    <p class='ocr_par' dir='ltr' id='par_1_10' title="bbox 732 1945 1179 2466">
     <span class='ocr_line' id='line_1_43' title="bbox 733 1945 1178 2010; baseline -0.013 -2"><span class='ocrx_word' id='word_1_239' title='bbox 733 1950 860 2010; x_wconf 82' lang='lat' dir='ltr'>Camillo</span> <span class='ocrx_word' id='word_1_240' title='bbox 879 1958 960 2006; x_wconf 79' lang='lat' dir='ltr'>sorte</span> <span class='ocrx_word' id='word_1_241' title='bbox 972 1949 1084 2006; x_wconf 79' lang='lat' dir='ltr'>euenit:</span> <span class='ocrx_word' id='word_1_242' title='bbox 1102 1945 1178 2003; x_wconf 81' lang='lat' dir='ltr'>M‘m.</span> 
     </span>
     <span class='ocr_line' id='line_1_44' title="bbox 733 2035 1178 2114; baseline -0.011 -20"><span class='ocrx_word' id='word_1_243' title='bbox 733 2040 759 2098; x_wconf 78' lang='grc'><strong>4.</strong></span> <span class='ocrx_word' id='word_1_244' title='bbox 777 2038 808 2096; x_wconf 87' lang='lat' dir='ltr'>P.</span> <span class='ocrx_word' id='word_1_245' title='bbox 826 2070 861 2080; x_wconf 90' lang='lat'><em>-</em></span> <span class='ocrx_word' id='word_1_246' title='bbox 882 2035 910 2092; x_wconf 85' lang='grc'>111</span> <span class='ocrx_word' id='word_1_247' title='bbox 928 2056 963 2094; x_wconf 89' lang='lat' dir='ltr'>nr.</span> <span class='ocrx_word' id='word_1_248' title='bbox 984 2040 1021 2095; x_wconf 86' lang='lat' dir='ltr'>l.:</span> <span class='ocrx_word' id='word_1_249' title='bbox 1039 2035 1178 2114; x_wconf 74' lang='lat' dir='ltr'>prouincie</span> 
     </span>
     <span class='ocr_line' id='line_1_45' title="bbox 732 2121 1178 2184; baseline -0.009 -2"><span class='ocrx_word' id='word_1_250' title='bbox 732 2147 772 2184; x_wconf 87' lang='lat' dir='ltr'>ea.</span> <span class='ocrx_word' id='word_1_251' title='bbox 784 2125 815 2184; x_wconf 87' lang='lat' dir='ltr'>ln</span> <span class='ocrx_word' id='word_1_252' title='bbox 827 2123 900 2183; x_wconf 86' lang='lat' dir='ltr'>Harl.</span> <span class='ocrx_word' id='word_1_253' title='bbox 910 2142 928 2183; x_wconf 91' lang='lat' dir='ltr'>r.</span> <span class='ocrx_word' id='word_1_254' title='bbox 940 2121 1017 2182; x_wconf 85' lang='lat' dir='ltr'>Leid.</span> <span class='ocrx_word' id='word_1_255' title='bbox 1026 2142 1044 2183; x_wconf 87' lang='lat'>1.</span> <span class='ocrx_word' id='word_1_256' title='bbox 1057 2121 1136 2180; x_wconf 86' lang='lat' dir='ltr'>Voss.</span> <span class='ocrx_word' id='word_1_257' title='bbox 1148 2139 1178 2178; x_wconf 86' lang='lat' dir='ltr'>n.</span> 
     </span>
     <span class='ocr_line' id='line_1_46' title="bbox 732 2208 1178 2273; baseline -0.016 -4"><span class='ocrx_word' id='word_1_258' title='bbox 732 2212 766 2273; x_wconf 85' lang='lat' dir='ltr'>al.</span> <span class='ocrx_word' id='word_1_259' title='bbox 784 2211 885 2268; x_wconf 81' lang='lat' dir='ltr'>excidit</span> <span class='ocrx_word' id='word_1_260' title='bbox 901 2233 946 2271; x_wconf 78' lang='lat' dir='ltr'>ea.</span> <span class='ocrx_word' id='word_1_261' title='bbox 972 2241 1005 2254; x_wconf 89' lang='lat'><em>-</em></span> <span class='ocrx_word' id='word_1_262' title='bbox 1026 2208 1120 2268; x_wconf 87' lang='lat' dir='ltr'>Level.</span> <span class='ocrx_word' id='word_1_263' title='bbox 1138 2209 1178 2264; x_wconf 67' lang='lat' dir='ltr'>d:</span> 
     </span>
     <span class='ocr_line' id='line_1_47' title="bbox 735 2298 1179 2376; baseline -0.009 -20"><span class='ocrx_word' id='word_1_264' title='bbox 735 2303 869 2356; x_wconf 78' lang='lat' dir='ltr'>exercitus</span> <span class='ocrx_word' id='word_1_265' title='bbox 887 2299 1030 2376; x_wconf 85' lang='lat' dir='ltr'>utrobique</span> <span class='ocrx_word' id='word_1_266' title='bbox 1049 2298 1131 2356; x_wconf 89' lang='lat' dir='ltr'>ducti.</span> <span class='ocrx_word' id='word_1_267' title='bbox 1144 2325 1179 2338; x_wconf 91' lang='lat'><em>-</em></span> 
     </span>
     <span class='ocr_line' id='line_1_48' title="bbox 733 2378 1171 2466; baseline -0.007 -21"><span class='ocrx_word' id='word_1_268' title='bbox 733 2388 769 2445; x_wconf 85' lang='lat' dir='ltr'>P:</span> <span class='ocrx_word' id='word_1_269' title='bbox 785 2389 917 2466; x_wconf 81' lang='lat' dir='ltr'>prohibiti</span> <span class='ocrx_word' id='word_1_270' title='bbox 936 2378 1077 2462; x_wconf 81' lang='lat' dir='ltr'>coningere</span> <span class='ocrx_word' id='word_1_271' title='bbox 1089 2405 1171 2456; x_wconf 84' lang='lat' dir='ltr'>arrna.</span> 
     </span>
    </p>
   </div>
   <div class='ocr_carea' id='block_1_10' title="bbox 681 2470 1181 2535">
    <p class='ocr_par' dir='ltr' id='par_1_11' title="bbox 681 2470 1181 2535">
     <span class='ocr_line' id='line_1_49' title="bbox 681 2470 1181 2535; baseline -0.012 0"><span class='ocrx_word' id='word_1_272' title='bbox 681 2470 712 2535; x_wconf 68' lang='lat'>9.</span> <span class='ocrx_word' id='word_1_273' title='bbox 733 2486 862 2534; x_wconf 78' lang='lat' dir='ltr'>ceterum</span> <span class='ocrx_word' id='word_1_274' title='bbox 870 2477 998 2532; x_wconf 84' lang='lat' dir='ltr'>alterum</span> <span class='ocrx_word' id='word_1_275' title='bbox 1010 2481 1069 2534; x_wconf 70' lang='lat' dir='ltr'>coi.</span> <span class='ocrx_word' id='word_1_276' title='bbox 1078 2475 1112 2534; x_wconf 86' lang='lat' dir='ltr'>L.</span> <span class='ocrx_word' id='word_1_277' title='bbox 1122 2473 1152 2530; x_wconf 87' lang='lat' dir='ltr'><em>F</em></span> <span class='ocrx_word' id='word_1_278' title='bbox 1150 2493 1181 2529; x_wconf 85' lang='lat' dir='ltr'>u-</span> 
     </span>
    </p>
   </div>
   <div class='ocr_carea' id='block_1_11' title="bbox 734 2559 1185 3776">
    <p class='ocr_par' dir='ltr' id='par_1_12' title="bbox 734 2559 1185 3776">
     <span class='ocr_line' id='line_1_50' title="bbox 735 2559 1180 2623; baseline -0.011 -3"><span class='ocrx_word' id='word_1_279' title='bbox 735 2566 826 2621; x_wconf 79' lang='lat' dir='ltr'>rium:</span> <span class='ocrx_word' id='word_1_280' title='bbox 844 2561 880 2623; x_wconf 87' lang='grc'><strong>111.</strong></span> <span class='ocrx_word' id='word_1_281' title='bbox 900 2593 934 2605; x_wconf 91' lang='grc'><strong>-</strong></span> <span class='ocrx_word' id='word_1_282' title='bbox 954 2563 985 2619; x_wconf 87' lang='lat' dir='ltr'>P:</span> <span class='ocrx_word' id='word_1_283' title='bbox 1007 2573 1125 2620; x_wconf 85' lang='lat' dir='ltr'>ceterum</span> <span class='ocrx_word' id='word_1_284' title='bbox 1143 2559 1180 2616; x_wconf 88' lang='lat' dir='ltr'>al·</span> 
     </span>
     <span class='ocr_line' id='line_1_51' title="bbox 734 2648 1180 2713; baseline -0.013 -5"><span class='ocrx_word' id='word_1_285' title='bbox 734 2661 821 2708; x_wconf 87' lang='lat' dir='ltr'>terum</span> <span class='ocrx_word' id='word_1_286' title='bbox 840 2657 910 2709; x_wconf 77' lang='lat' dir='ltr'>cess.</span> <span class='ocrx_word' id='word_1_287' title='bbox 941 2650 1009 2713; x_wconf 80' lang='lat' dir='ltr'>Lov.</span> <span class='ocrx_word' id='word_1_288' title='bbox 1028 2653 1053 2709; x_wconf 79' lang='lat' dir='ltr'>d.</span> <span class='ocrx_word' id='word_1_289' title='bbox 1073 2648 1119 2708; x_wconf 85' lang='lat' dir='ltr'>al.=</span> <span class='ocrx_word' id='word_1_290' title='bbox 1138 2667 1180 2704; x_wconf 90' lang='lat' dir='ltr'>ce·</span> 
     </span>
     <span class='ocr_line' id='line_1_52' title="bbox 734 2733 1180 2796; baseline -0.009 -1"><span class='ocrx_word' id='word_1_291' title='bbox 734 2750 819 2796; x_wconf 85' lang='lat' dir='ltr'>lerum</span> <span class='ocrx_word' id='word_1_292' title='bbox 839 2738 951 2795; x_wconf 87' lang='lat' dir='ltr'>alterurn</span> <span class='ocrx_word' id='word_1_293' title='bbox 970 2737 1117 2794; x_wconf 87' lang='lat' dir='ltr'>consulum.</span> <span class='ocrx_word' id='word_1_294' title='bbox 1136 2733 1180 2792; x_wconf 85' lang='lat' dir='ltr'>cf.</span> 
     </span>
     <span class='ocr_line' id='line_1_53' title="bbox 735 2825 1181 2900; baseline -0.013 -19"><span class='ocrx_word' id='word_1_295' title='bbox 735 2831 766 2891; x_wconf 81' lang='grc'>8,</span> <span class='ocrx_word' id='word_1_296' title='bbox 785 2829 844 2884; x_wconf 65' lang='grc' dir='ltr'><strong>93.ε</strong></span> <span class='ocrx_word' id='word_1_297' title='bbox 870 2825 903 2884; x_wconf 80' lang='lat' dir='ltr'>ab</span> <span class='ocrx_word' id='word_1_298' title='bbox 925 2833 1040 2900; x_wconf 84' lang='lat' dir='ltr'>utreque</span> <span class='ocrx_word' id='word_1_299' title='bbox 1062 2829 1118 2881; x_wconf 72' lang='lat' dir='ltr'>ces.</span> <span class='ocrx_word' id='word_1_300' title='bbox 1145 2851 1181 2864; x_wconf 91' lang='lat'><em>-</em></span> 
     </span>
     <span class='ocr_line' id='line_1_54' title="bbox 739 2909 1184 2984; baseline -0.013 -16"><span class='ocrx_word' id='word_1_301' title='bbox 739 2913 798 2970; x_wconf 71' lang='lat' dir='ltr'>vll:</span> <span class='ocrx_word' id='word_1_302' title='bbox 812 2953 830 2981; x_wconf 82' lang='lat'>,‚</span> <span class='ocrx_word' id='word_1_303' title='bbox 836 2914 998 2984; x_wconf 81' lang='lat' dir='ltr'>iussusque</span> <span class='ocrx_word' id='word_1_304' title='bbox 1009 2909 1184 2965; x_wconf 81' lang='lat' dir='ltr'>dictatorem</span> 
     </span>
     <span class='ocr_line' id='line_1_55' title="bbox 736 2997 1181 3078; baseline -0.027 -16"><span class='ocrx_word' id='word_1_305' title='bbox 736 3001 836 3062; x_wconf 80' lang='lat' dir='ltr'>dicere</span> <span class='ocrx_word' id='word_1_306' title='bbox 846 2999 895 3060; x_wconf 78' lang='lat' dir='ltr'>rei</span> <span class='ocrx_word' id='word_1_307' title='bbox 900 2997 1053 3078; x_wconf 80' lang='lat' dir='ltr'>gerendae</span> <span class='ocrx_word' id='word_1_308' title='bbox 1062 2998 1181 3052; x_wconf 82' lang='lat' dir='ltr'>cunsa“.</span> 
     </span>
     <span class='ocr_line' id='line_1_56' title="bbox 736 3081 1183 3164; baseline -0.02 -19"><span class='ocrx_word' id='word_1_309' title='bbox 736 3089 827 3164; x_wconf 78' lang='lat' dir='ltr'>Quem</span> <span class='ocrx_word' id='word_1_310' title='bbox 844 3086 879 3143; x_wconf 86' lang='lat' dir='ltr'>ad</span> <span class='ocrx_word' id='word_1_311' title='bbox 896 3084 1007 3142; x_wconf 91' lang='lat' dir='ltr'>medum</span> <span class='ocrx_word' id='word_1_312' title='bbox 1018 3087 1045 3154; x_wconf 89' lang='lat'>7,</span> <span class='ocrx_word' id='word_1_313' title='bbox 1057 3087 1083 3144; x_wconf 84' lang='lat'>3.</span> <span class='ocrx_word' id='word_1_314' title='bbox 1095 3081 1129 3140; x_wconf 87' lang='lat' dir='ltr'>al.</span> <span class='ocrx_word' id='word_1_315' title='bbox 1142 3081 1183 3136; x_wconf 91' lang='lat' dir='ltr'>di-</span> 
     </span>
     <span class='ocr_line' id='line_1_57' title="bbox 737 3171 1183 3248; baseline -0.02 -14"><span class='ocrx_word' id='word_1_316' title='bbox 737 3187 866 3234; x_wconf 85' lang='lat' dir='ltr'>ctatorem</span> <span class='ocrx_word' id='word_1_317' title='bbox 888 3173 958 3231; x_wconf 85' lang='lat' dir='ltr'>clari</span> <span class='ocrx_word' id='word_1_318' title='bbox 979 3171 1082 3248; x_wconf 83' lang='lat' dir='ltr'>ligendi</span> <span class='ocrx_word' id='word_1_319' title='bbox 1103 3189 1183 3226; x_wconf 79' lang='lat' dir='ltr'>cauea</span> 
     </span>
     <span class='ocr_line' id='line_1_58' title="bbox 736 3261 1182 3331; baseline -0.025 -8"><span class='ocrx_word' id='word_1_320' title='bbox 736 3265 848 3331; x_wconf 87' lang='lat' dir='ltr'>dietum,</span> <span class='ocrx_word' id='word_1_321' title='bbox 866 3268 893 3331; x_wconf 89' lang='lat'>7,</span> <span class='ocrx_word' id='word_1_322' title='bbox 911 3265 955 3322; x_wconf 72' lang='lat'>28.</span> <span class='ocrx_word' id='word_1_323' title='bbox 973 3261 1100 3319; x_wconf 86' lang='lat' dir='ltr'>feriarum</span> <span class='ocrx_word' id='word_1_324' title='bbox 1118 3278 1182 3315; x_wconf 90' lang='lat' dir='ltr'>cen·</span> 
     </span>
     <span class='ocr_line' id='line_1_59' title="bbox 738 3350 1183 3416; baseline -0.018 -8"><span class='ocrx_word' id='word_1_325' title='bbox 738 3350 934 3408; x_wconf 81' lang='lat' dir='ltr'>etituendernm</span> <span class='ocrx_word' id='word_1_326' title='bbox 945 3368 1032 3416; x_wconf 83' lang='lat' dir='ltr'>causa,</span> <span class='ocrx_word' id='word_1_327' title='bbox 1045 3351 1072 3415; x_wconf 80' lang='lat'>8,</span> <span class='ocrx_word' id='word_1_328' title='bbox 1082 3350 1125 3404; x_wconf 70' lang='grc'><strong>93.</strong></span> <span class='ocrx_word' id='word_1_329' title='bbox 1138 3365 1183 3402; x_wconf 88' lang='lat' dir='ltr'>ne·</span> 
     </span>
     <span class='ocr_line' id='line_1_60' title="bbox 737 3437 1183 3510; baseline -0.025 -11"><span class='ocrx_word' id='word_1_330' title='bbox 737 3441 876 3499; x_wconf 84' lang='lat' dir='ltr'>mitiorum</span> <span class='ocrx_word' id='word_1_331' title='bbox 894 3457 983 3505; x_wconf 85' lang='lat' dir='ltr'>causa,</span> <span class='ocrx_word' id='word_1_332' title='bbox 1001 3441 1027 3504; x_wconf 88' lang='lat'>9,</span> <span class='ocrx_word' id='word_1_333' title='bbox 1041 3437 1085 3493; x_wconf 67' lang='lat'>26.</span> <span class='ocrx_word' id='word_1_334' title='bbox 1104 3453 1183 3510; x_wconf 87' lang='lat' dir='ltr'>quae·</span> 
     </span>
     <span class='ocr_line' id='line_1_61' title="bbox 736 3519 1184 3591; baseline -0.011 -8"><span class='ocrx_word' id='word_1_335' title='bbox 736 3527 871 3584; x_wconf 84' lang='lat' dir='ltr'>stieuibne</span> <span class='ocrx_word' id='word_1_336' title='bbox 889 3524 1054 3582; x_wconf 82' lang='lat' dir='ltr'>exercendis.</span> <span class='ocrx_word' id='word_1_337' title='bbox 1072 3527 1099 3591; x_wconf 90' lang='lat'>7,</span> <span class='ocrx_word' id='word_1_338' title='bbox 1112 3523 1138 3583; x_wconf 89' lang='grc'><strong>9.</strong></span> <span class='ocrx_word' id='word_1_339' title='bbox 1151 3519 1184 3578; x_wconf 84' lang='lat' dir='ltr'>al.</span> 
     </span>
     <span class='ocr_line' id='line_1_62' title="bbox 738 3611 1185 3684; baseline -0.013 -14"><span class='ocrx_word' id='word_1_340' title='bbox 738 3612 802 3671; x_wconf 87' lang='lat' dir='ltr'>belli</span> <span class='ocrx_word' id='word_1_341' title='bbox 825 3634 918 3682; x_wconf 87' lang='lat' dir='ltr'>causa,</span> <span class='ocrx_word' id='word_1_342' title='bbox 940 3615 981 3669; x_wconf 88' lang='lat' dir='ltr'>sic</span> <span class='ocrx_word' id='word_1_343' title='bbox 999 3612 1026 3670; x_wconf 87' lang='lat' dir='ltr'>lr.</span> <span class='ocrx_word' id='word_1_344' title='bbox 1043 3611 1062 3674; x_wconf 85' lang='grc'><strong>1.</strong></span> <span class='ocrx_word' id='word_1_345' title='bbox 1083 3613 1125 3667; x_wconf 89' lang='lat' dir='ltr'>rei</span> <span class='ocrx_word' id='word_1_346' title='bbox 1142 3627 1185 3684; x_wconf 85' lang='lat' dir='ltr'>ge·</span> 
     </span>
     <span class='ocr_line' id='line_1_63' title="bbox 737 3698 1183 3776; baseline -0.009 -18"><span class='ocrx_word' id='word_1_347' title='bbox 737 3702 838 3758; x_wconf 82' lang='lat' dir='ltr'>rendae</span> <span class='ocrx_word' id='word_1_348' title='bbox 855 3721 935 3758; x_wconf 85' lang='lat' dir='ltr'>cauea</span> <span class='ocrx_word' id='word_1_349' title='bbox 948 3701 1050 3758; x_wconf 87' lang='lat' dir='ltr'>dietum</span> <span class='ocrx_word' id='word_1_350' title='bbox 1063 3698 1183 3776; x_wconf 84' lang='lat' dir='ltr'>legimus.</span> 
     </span>
    </p>
   </div>
   <div class='ocr_carea' id='block_1_12' title="bbox 669 3787 1185 3866">
    <p class='ocr_par' dir='ltr' id='par_1_13' title="bbox 669 3787 1185 3866">
     <span class='ocr_line' id='line_1_64' title="bbox 669 3787 1185 3866; baseline -0.012 -18"><span class='ocrx_word' id='word_1_351' title='bbox 669 3793 712 3848; x_wconf 79' lang='lat'>13.</span> <span class='ocrx_word' id='word_1_352' title='bbox 738 3810 759 3844; x_wconf 84' lang='grc' dir='ltr'><em>α</em></span> <span class='ocrx_word' id='word_1_353' title='bbox 783 3809 841 3866; x_wconf 86' lang='lat' dir='ltr'>qno</span> <span class='ocrx_word' id='word_1_354' title='bbox 863 3787 897 3864; x_wconf 77' lang='lat' dir='ltr'>Q.</span> <span class='ocrx_word' id='word_1_355' title='bbox 915 3787 1042 3845; x_wconf 79' lang='lat' dir='ltr'>Fadius:</span> <span class='ocrx_word' id='word_1_356' title='bbox 1060 3788 1083 3843; x_wconf 93' lang='lat' dir='ltr'>P</span> <span class='ocrx_word' id='word_1_357' title='bbox 1104 3805 1139 3844; x_wconf 88' lang='lat' dir='ltr'>m.</span> <span class='ocrx_word' id='word_1_358' title='bbox 1158 3787 1185 3842; x_wconf 66' lang='lat'>2.</span> 
     </span>
    </p>
   </div>
   <div class='ocr_carea' id='block_1_13' title="bbox 740 3873 1185 4200">
    <p class='ocr_par' dir='ltr' id='par_1_14' title="bbox 740 3873 1185 4200">
     <span class='ocr_line' id='line_1_65' title="bbox 740 3873 1185 3953; baseline -0.016 -19"><span class='ocrx_word' id='word_1_359' title='bbox 740 3909 775 3920; x_wconf 82' lang='lat'>-</span> <span class='ocrx_word' id='word_1_360' title='bbox 793 3877 915 3935; x_wconf 86' lang='lat' dir='ltr'>Pm.1.:</span> <span class='ocrx_word' id='word_1_361' title='bbox 933 3897 946 3931; x_wconf 85' lang='lat' dir='ltr'>a</span> <span class='ocrx_word' id='word_1_362' title='bbox 966 3882 1020 3953; x_wconf 85' lang='lat' dir='ltr'>qud</span> <span class='ocrx_word' id='word_1_363' title='bbox 1033 3893 1086 3948; x_wconf 80' lang='lat' dir='ltr'>que</span> <span class='ocrx_word' id='word_1_364' title='bbox 1097 3873 1185 3928; x_wconf 78' lang='lat' dir='ltr'>sebius</span> 
     </span>
     <span class='ocr_line' id='line_1_66' title="bbox 740 3959 1184 4021; baseline -0.011 0"><span class='ocrx_word' id='word_1_365' title='bbox 740 3966 872 4021; x_wconf 85' lang='lat' dir='ltr'>maximus</span> <span class='ocrx_word' id='word_1_366' title='bbox 885 3963 1036 4020; x_wconf 83' lang='lat' dir='ltr'>rutilianus.</span> <span class='ocrx_word' id='word_1_367' title='bbox 1054 3959 1083 4017; x_wconf 83' lang='lat' dir='ltr'>Ill</span> <span class='ocrx_word' id='word_1_368' title='bbox 1095 3979 1131 4019; x_wconf 85' lang='lat' dir='ltr'>nr.</span> <span class='ocrx_word' id='word_1_369' title='bbox 1145 3963 1184 4019; x_wconf 78' lang='lat'>1.:</span> 
     </span>
     <span class='ocr_line' id='line_1_67' title="bbox 740 4049 1185 4130; baseline -0.004 -22"><span class='ocrx_word' id='word_1_370' title='bbox 740 4052 759 4112; x_wconf 95' lang='grc'><strong>1.</strong></span> <span class='ocrx_word' id='word_1_371' title='bbox 778 4054 912 4130; x_wconf 87' lang='lat' dir='ltr'>papirium</span> <span class='ocrx_word' id='word_1_372' title='bbox 925 4049 1185 4125; x_wconf 83' lang='lat' dir='ltr'>cursoreml†quoq.</span> 
     </span>
     <span class='ocr_line' id='line_1_68' title="bbox 740 4137 1185 4200; baseline -0.009 0"><span class='ocrx_word' id='word_1_373' title='bbox 740 4141 827 4200; x_wconf 88' lang='lat' dir='ltr'>labins</span> <span class='ocrx_word' id='word_1_374' title='bbox 869 4141 1001 4198; x_wconf 84' lang='lat' dir='ltr'>maximus</span> <span class='ocrx_word' id='word_1_375' title='bbox 1035 4137 1185 4196; x_wconf 83' lang='lat' dir='ltr'>rutilianus.</span> 
     </span>
    </p>
   </div>
   <div class='ocr_carea' id='block_1_14' title="bbox 0 0 1446 4724">
    <p class='ocr_par' dir='ltr' id='par_1_15' title="bbox 0 0 1446 4724">
     <span class='ocr_line' id='line_1_69' title="bbox 0 0 1446 4724; baseline 0 0"><span class='ocrx_word' id='word_1_376' title='bbox 0 0 1446 4724; x_wconf 95' lang='lat' dir='ltr'> </span> 
     </span>
    </p>
   </div>
  </div>
 </body>
</html>
