2618 4590
132 270 199 341 606
599 253 760 342 'arunas

133 446 328 516 admodum
350 445 390 514 ad
413 456 562 539 quattuor
584 468 739 538 augurum
761 468 930 515 numerum
953 443 1019 511 nisi
1042 453 1159 512 morte
1180 445 1239 512 dua

132 576 205 621 unu
225 551 259 619 id
280 549 378 641 redigi
400 550 570 642 collegium
591 550 731 641 potuerit
751 572 817 616 nou
834 548 974 633 invenio,
997 572 1087 616 cum
1104 550 1238 617 interm
1260 556 1263 563 '

51 656 54 671 '
134 654 230 750 gures
251 666 377 726 constet
397 655 540 748 inparem
562 678 731 723 numerum
752 654 869 723 debere
891 676 981 736 esse,
1011 664 1057 721 ut
1087 656 1238 722 tresenti

132 785 216 854 qrrae
242 762 343 830 tribus
363 761 504 829 Ramnes
532 760 688 828 Titienses
716 758 855 827 Luceres
882 781 980 826 suum
1009 780 1176 850 quaeque
1201 784 1237 826 au

103 884 246 959 tgurem
267 866 406 935 babeant
427 877 496 949 aut,
525 863 553 933 si
574 864 717 955 pluribus
739 865 781 933 sit
803 886 900 955 opus,
928 862 999 953 pari
1023 862 1120 932 inter
1141 888 1179 933 se
1197 889 1237 931 nu

132 994 223 1039 meru
244 973 429 1040 sacerdotes
451 969 662 1060 multiplicent
690 969 736 1037 sie
763 980 801 1037 ut
827 967 1035 1058 multiplicati
1067 980 1152 1037 sunt
1179 994 1236 1037 eum

96 1068 100 1075 ’
132 1077 174 1143 ad
197 1087 347 1167 quattuor
369 1075 509 1165 quinque
532 1074 646 1141 adiecti
673 1098 793 1143 novem
819 1095 1006 1156 numerum,
1046 1084 1090 1141 ut
1118 1074 1235 1142 teruiiu

132 1181 271 1271 singulas
284 1189 416 1260 essent,
444 1176 663 1269 expleverunt.
702 1190 846 1247 ceterum
874 1177 1015 1269 quiade
1041 1177 1149 1268 plebe
1170 1179 1234 1245 adle

132 1285 296 1376 gebautur,
317 1283 405 1350 iuxta
427 1307 500 1350 cam
522 1307 592 1351 rem
614 1307 707 1374 aegre
729 1284 815 1376 passi
830 1294 936 1376 patres
951 1306 1059 1372 quam
1076 1307 1157 1350 cum
1178 1307 1233 1350 eou-

85 1403 121 1460 10
132 1390 270 1457 sulatum
292 1387 414 1480 vulgari
435 1387 593 1457 viderent:
615 1388 807 1473 simulabant
822 1390 863 1456 ad
878 1389 957 1456 deos
973 1385 1008 1454 id
1023 1386 1138 1478 magis
1154 1411 1235 1479 quan

133 1495 175 1563 ad
195 1493 425 1585 sepertinere,
452 1492 541 1584 ipsos
563 1492 687 1560 visuras
709 1517 750 1562 ue
772 1517 861 1562 sacra
883 1515 942 1559 sua
970 1491 1185 1582 polluantur:
1210 1493 1235 1559 id

131 1621 168 1669 se
198 1610 309 1692 optare
335 1609 461 1666 tautum
487 1621 530 1665 ue
559 1598 678 1688 quain
706 1620 776 1666 rem
796 1597 960 1690 publicam
988 1595 1109 1665 clades
1132 1597 1234 1667 veniat

131 1704 236 1775 minua
258 1715 367 1771 autem
387 1704 551 1772 tetendere
573 1702 696 1769 adsueti
717 1702 783 1770 iam
802 1702 859 1771 tali
885 1722 1005 1793 genere
1028 1704 1235 1770 certaminum
1264 1752 1269 1771 .

131 1808 223 1893 vinci,
245 1820 278 1879 et
300 1808 473 1876 cernebant
494 1807 690 1874 adversarios
707 1831 773 1874 uun
787 1807 829 1889 id,
850 1806 939 1898 quod
954 1804 1035 1872 olim
1059 1807 1121 1875 vix
1143 1831 1235 1897 spera·
1269 1886 1272 1893 Ι

85 1927 119 1983 15
131 1913 234 1980 verint
254 1913 451 1980 adfectantes
472 1934 605 2000 magnos
626 1911 776 1997 honores,
797 1911 857 1979 sed
879 1909 986 1978 omnia
1008 1910 1088 1996 iam,
1111 1911 1146 1978 in
1168 1934 1235 2002 qua
1270 1896 1273 1931 ⁵

132 2040 204 2083 rum
225 2038 319 2107 spem
341 2015 471 2084 dubiam
492 2026 561 2083 crat
582 2026 753 2100 certatum,
779 2028 888 2084 tamen
909 2014 1065 2106 adeptas,
1094 2014 1235 2106 multipli-

132 2142 187 2187 ces
208 2121 392 2189 cousulatus
415 2143 629 2210 censurasque
653 2131 686 2188 et
705 2119 895 2211 triumphos.

202 2260 329 2316 augurum
340 2239 480 2316 collegium
490 2241 582 2309 luisse,
594 2241 648 2299 uisi

201 2326 272 2383 lorte
298 2327 352 2384 duo
380 2347 493 2402 augures
516 2348 548 2384 eo
576 2349 646 2384 anuo

201 2415 301 2471 mortui
337 2423 434 2473 esseut.
483 2434 544 2471 cum
574 2417 646 2471 euim

199 2502 284 2559 trium
323 2503 490 2577 antiquarum
524 2502 644 2559 tribuum

199 2606 278 2645 suum
301 2606 421 2665 quaeque
444 2607 568 2664 augurem
598 2590 643 2646 lra-

198 2674 288 2743 beret,
310 2675 370 2732 lieri
391 2677 514 2753 putuisse
529 2686 558 2732 ut
575 2676 644 2734 locis

199 2760 344 2840 duplicatis
366 2762 424 2819 bini
446 2766 575 2840 cuiusque
596 2766 643 2821 tri·

197 2849 250 2906 bus
267 2870 380 2924 augures
399 2859 490 2907 esseut
506 2860 645 2929 totumque

198 2935 339 3011 cullegium
363 2956 412 2993 sex
439 2936 576 2995 homiuum
603 2941 644 2995 sie

197 3034 228 3082 ut
239 3034 333 3102 postea
346 3042 442 3079 noveru
454 3044 581 3099 augurum
601 3046 643 3081 es·

196 3122 252 3169 set:
284 3111 332 3168 sed
363 3106 393 3167 ut
419 3120 546 3188 quattuor
570 3133 643 3168 crea·

197 3207 303 3267 rentur,
328 3219 389 3256 cum
406 3199 494 3277 impar
514 3218 642 3277 augurum

196 3304 323 3342 uumerus
352 3306 413 3344 esse
447 3286 558 3343 deberet
592 3308 643 3343 nee

116 3402 120 3409 ·
196 3373 276 3430 unius
300 3373 389 3431 tribus
418 3374 475 3430 bini
498 3393 557 3431 esse
581 3395 641 3451 pns-

194 3467 264 3528 sent,
276 3458 386 3518 alterius
395 3458 503 3536 singuli,
514 3460 574 3518 lieri
587 3483 641 3518 nau

197 3547 328 3623 patuisse.
348 3579 383 3592 -
405 3546 465 3605 PM:
484 3568 589 3607 ramnes
609 3550 640 3604 ti·

194 3635 294 3690 tienses
321 3633 433 3694 luceres.
469 3632 513 3695 cf.
544 3638 574 3704 1,
596 3636 640 3694 36.

195 3721 288 3789 1,13.
318 3753 353 3766 -
383 3721 469 3782 llm.
493 3725 531 3782 1.=
561 3741 641 3779 suum

194 3827 316 3886 quaeque
350 3829 479 3886 augurum
518 3808 640 3868 babeant.

193 3914 229 3954 m.
246 3897 286 3954 Ἅι
304 3915 437 3973 augurem.
455 3897 576 3955 Pm.1.:
594 3894 641 3952 ha·

194 3981 301 4042 bebaut.
323 4015 358 4027 -·
382 3981 418 4041 P:
438 4002 499 4038 cum
517 3991 545 4038 at
562 3991 638 4057 quat·

787 2240 828 2301 las
846 2242 949 2309 (m.1.:
967 2238 1142 2316 singulares)
1153 2248 1235 2298 essem

787 2326 970 2409 explanarunt.
987 2324 1017 2383 M
1022 2349 1029 2384 a
1043 2349 1108 2385 cum
1118 2326 1154 2385 ad
1165 2327 1232 2404 quat}

785 2425 849 2472 tuor
882 2413 980 2472 adiecti
1016 2434 1121 2473 nouem
1149 2433 1233 2473 nume·

785 2524 845 2561 rum
862 2512 914 2562 eet.

733 2594 760 2652 9.
786 2610 851 2648 com
860 2589 1049 2648 consulatum
1061 2589 1188 2670 uulgari
1194 2588 1230 2644 ui·

787 2679 906 2736 durent:
924 2673 946 2732 P
964 2697 999 2733 ua
1022 2676 1063 2748 1.]
1089 2696 1153 2735 eum
1173 2693 1230 2732 cau·

785 2765 901 2823 sulatum
913 2773 963 2823 eet.
983 2761 1022 2832 (P
1039 2782 1076 2822 m.
1095 2767 1124 2824 9.
1136 2762 1188 2835 ll).
1200 2793 1230 2806 -

784 2852 867 2910 Paulo
886 2859 948 2929 post
960 2846 1022 2906 PM:
1041 2848 1072 2907 id
1089 2870 1122 2907 sa
1141 2860 1227 2930 optare

784 2948 886 2996 tautmu
905 2958 939 2994 ue
957 2958 1009 3025 Qu
1028 2938 1057 2993 iu
1075 2958 1135 2994 rem
1149 2935 1228 3013 publi·

785 3046 844 3083 eam
861 3024 1012 3104 (llapub.)
1031 3023 1123 3082 clades
1136 3026 1229 3081 ueniat.

714 3115 757 3174 13.
784 3114 881 3171 miuus
898 3123 997 3172 autem
1012 3110 1185 3170 tetendero.-
1202 3109 1229 3168 P.

784 3230 819 3243 -
848 3196 891 3256 Ill:
926 3200 1038 3270 „minua
1069 3196 1228 3271 adtendere!

782 3285 890 3344 adsueti
912 3289 965 3344 iam
986 3285 1034 3343 tali
1057 3304 1158 3362 genera
1175 3303 1228 3341 eer-

782 3376 913 3431 taminum
931 3376 1037 3433 uinci“.
1067 3370 1185 3429 fortasse
1202 3372 1228 3426 iu

783 3462 934 3539 antiquiore
946 3459 1016 3518 libra
1028 3462 1163 3537 seriptum
1175 3467 1230 3514 erat

782 3548 856 3627 quud
883 3550 912 3605 iu
935 3548 1040 3604 duabus
1058 3566 1131 3606 rece.
1150 3544 1227 3603 codd.

781 3637 920 3691 inventum
942 3645 984 3692 est
1007 3636 1122 3703 „minus
1141 3643 1228 3689 autem

781 3721 921 3781 teudere“.
940 3720 1007 3781 Lau.
1020 3725 1059 3781 d:
1078 3721 1170 3776 miuus
1185 3728 1229 3775 aut

781 3808 901 3867 tendere.
923 3840 953 3851 -
973 3805 1008 3865 P:
1027 3806 1159 3877 „adsueti
1176 3809 1228 3864 iam

780 3895 827 3953 tali
861 3916 958 3971 genere
991 3898 1023 3954 iu
1052 3897 1228 3952 certaminum

779 3984 884 4044 uincl“.

193 4074 254 4122 tuor
275 4070 395 4147 quinque
417 4068 515 4127 adiecti
540 4068 638 4125 ubuem
709 4071 752 4130 16.
780 4078 880 4127 rumen
897 4070 1040 4147 adeptos:
1063 4066 1094 4129 Ρ.
1124 4068 1226 4145 Quam·

192 4170 331 4210 numerum
353 4165 384 4212 nt
406 4158 476 4213 terni
498 4156 527 4211 lu
547 4152 637 4231 alagu-

778 4176 857 4235 quam
880 4157 934 4215 huc
954 4166 1054 4215 tamen
1076 4177 1091 4213 a
1110 4152 1226 4215 Liviana
