2780 4720
426 314 429 331 .
474 305 480 328 ·
534 309 642 370 erran
659 311 728 372 x..
839 277 843 294 ⁴
1099 291 1164 364 733

52 472 215 542 mnitibus
244 496 328 562 qnae
357 473 440 541 cirea
464 481 590 562 portam
611 483 702 540 erant
722 473 804 540 nrnri
827 493 1039 560 occupavere:
1067 463 1178 560 pene·

51 589 144 645 trare
161 577 309 645 interiora
324 576 421 660 urbis,
435 575 510 666 qnia
526 577 620 665 pauci
634 577 674 644 ad
690 577 824 645 modurn
839 586 937 657 erant,
951 595 1017 640 non
1033 575 1159 643 audent.

147 681 249 752 XLII.
289 679 378 748 Haec
402 667 509 771 primo
538 679 683 770 ignorare
717 680 828 748 consul
857 690 890 746 et
918 679 1056 746 intentus
1084 680 1159 745 reoi-
1201 765 1203 772 y

50 783 179 875 piendu
203 773 355 852 exercitui
378 807 466 852 esse:
501 782 564 850 iam
587 785 671 852 enim
699 807 854 876 praeceps
876 783 909 849 in
937 803 1088 849 occasum
1109 782 1160 848 sol

50 899 126 956 erat
150 899 184 955 et
206 888 359 978 adpetens
374 883 440 957 nori
456 887 634 978 periculosa
656 900 690 958 et
707 897 855 979 suspecta
879 886 985 954 omnia
999 886 1095 953 etiem
1116 885 1193 951 'vi-t
1262 953 1271 992 l

345 1043 353 1075 ,
398 1041 400 1048 ,

127 1126 192 1182 grae
203 1109 353 1185 scripturae
364 1109 428 1175 vim,
442 1125 510 1184 quae
520 1105 572 1164 Ge·

60 1183 64 1201 ¹
126 1192 227 1252 lenium
245 1215 299 1252 non
318 1194 429 1268 ingeret,
446 1203 488 1250 tot
506 1196 572 1250 anti-

127 1283 174 1357 qui
187 1291 216 1337 et
227 1291 347 1338 recentes
357 1282 517 1358 interpretes
530 1301 571 1338 ca·

126 1386 190 1444 pere
209 1387 262 1424 non
281 1369 426 1445 potuerint.
447 1376 475 1423 et
491 1387 572 1445 quarn

125 1455 213 1510 otiosa
225 1455 313 1516 videri
331 1454 430 1512 debent
441 1457 522 1512 verbe
537 1453 571 1510 ad
614 1505 623 1513 ,

124 1541 291 1600 deturbatis
310 1542 421 1610 adiecta,
440 1561 500 1599 cnm
512 1541 572 1598 fieri

126 1647 183 1684 nou
191 1631 279 1704 possit
288 1628 502 1705 utquisquamdc
511 1626 572 1686 aliis

125 1715 570 1791 qnamqniinmnriserantsamni·

125 1801 199 1858 tibus
212 1799 320 1876 cogitet.
338 1799 418 1876 longe
435 1823 498 1861 vero
508 1802 571 1870 ,alio

122 1897 228 1965 spectat
247 1889 275 1944 id
295 1888 368 1966 qnod
383 1888 477 1948 Livius
496 1890 571 1956 dicit,

126 1994 181 2031 uon
190 1994 297 2034 omnem
309 1995 414 2036 murum
425 1977 459 2033 ab
472 1976 569 2034 Rome-

124 2064 167 2118 nia
186 2073 345 2139 occupatum
363 2083 423 2120 esse
443 2062 493 2120 sed
511 2083 568 2120 enm

124 2157 226 2224 partem
256 2171 324 2226 quae
357 2152 427 2236 circe
463 2160 568 2228 portam

124 2243 194 2294 eret:
212 2245 244 2292 ot
257 2246 288 2294 ut
299 2248 411 2314 utreque
423 2258 486 2313 pars
499 2238 568 2295 muri
583 2247 596 2290 ,¹
609 2293 611 2303 ,

125 2321 160 2378 ad
185 2323 304 2381 dextram
331 2323 488 2400 laevamque
515 2345 569 2381 ma-

124 2429 187 2466 uum
201 2409 400 2486 intelligeretur,
418 2431 473 2468 uon
486 2411 570 2488 qnod

124 2499 203 2554 eirca
212 2506 330 2572 portum
342 2507 408 2556 erat
416 2501 496 2556 muri
502 2498 568 2567 (Lo-

123 2582 173 2640 vel.
196 2586 241 2652 3.)
267 2587 391 2658 scripsit,
417 2585 467 2643 sed
491 2607 569 2663 quae

125 2670 204 2726 circa
230 2679 348 2742 portam
376 2680 463 2730 erum
490 2675 570 2730 muri

124 2755 190 2823 „die
208 2754 269 2812 dem
281 2755 371 2812 Thoas
388 2756 458 2813 nahe
469 2758 566 2833 liegen·

125 2844 177 2898 deu
194 2840 289 2898 Theile
311 2841 359 2900 der
375 2840 498 2902 llauer“.
525 2844 568 2900 ln·

123 2930 216 3008 primia
234 2948 298 2985 vero
317 2928 422 2987 loivium
446 2939 474 2988 et
490 2929 565 2988 Τισί-

16 3079 17 3088 Ὶ
122 3024 177 3074 tum
204 3016 260 3078 ,hoc
287 3017 407 3093 genitivo
438 3020 565 3091 partitivo

16 3099 36 3122 '¹
124 3106 161 3162 uti
180 3104 275 3164 solitos
294 3123 361 3172 esse,
388 3106 454 3162 satis
471 3113 565 3162 notum

17 3209 26 3232 ³
124 3189 258 3248 videntum
287 3191 321 3246 cl.
340 3211 389 3251 ex..
403 3210 443 3267 gr.
461 3190 521 3252 Ltv.
539 3194 567 3262 2,

122 3280 179 3338 nnc
209 3277 343 3354 caedeque
369 3279 401 3335 in
424 3282 566 3354 proxima

17 3439 18 3460 ,
77 3413 79 3417 .
124 3365 203 3422 urbis
222 3362 290 3420 laeta
309 3367 396 3438 ignem
408 3368 565 3425 temereab-

122 3460 225 3528 reptum
260 3452 453 3508 inminentibus
487 3473 564 3512 muro

17 3529 18 3536 ἵ
123 3536 250 3595 aediliciis
269 3537 370 3596 iniecit.
387 3537 484 3606 5‚41.2
501 3559 564 3619 pars

17 3627 18 3634 ’
124 3625 150 3682 ln
167 3624 289 3700 proxima
299 3643 420 3702 quaeque
432 3635 563 3686 tectorum

122 3713 223 3786 agmine
239 3720 329 3770 suunt.
358 3713 389 3781 9,
406 3713 461 3771 tn:
488 3734 563 3789 prae·

124 3800 190 3856 vecti
209 3817 257 3874 per
280 3796 388 3872 oblique
412 3802 508 3874 compi.
537 3807 563 3868 3,

124 3887 180 3944 17.;
216 3904 271 3940 non
300 3883 433 3963 quidquid
458 3896 564 3961 petrum

121 3971 259 4049 plebisque
276 3981 325 4038 est,
343 3971 467 4030 consules
479 3974 564 4032 tribu·

122 4077 177 4126 uos,
195 4057 262 4114 deos
279 4057 455 4136 hominesque
471 4079 564 4120 omnes

123 4153 235 4202 armatos
266 4164 357 4228 opem!
375 4144 445 4204 terro
464 4177 497 4190 -
516 4146 562 4208 do·

715 1108 787 1164 tuit?
815 1106 878 1164 Tac.
898 1109 947 1173 ll,
964 1106 1025 1163 61³
1048 1122 1103 1158 uon
1124 1121 1159 1158 eo

713 1193 768 1252 loci
792 1214 835 1251 res
858 1213 921 1250 suas
938 1193 986 1268 ,agi
1005 1199 1034 1248 ut
1054 1191 1088 1246 de
1106 1210 1158 1246 ma-

713 1282 840 1338 trimonio
859 1288 951 1338 certet.

663 1374 686 1426 t.
709 1376 867 1443 penetrare
897 1365 1041 1422 interiora
1075 1353 1179 1420 urbis·
1250 1367 1254 1378 '

714 1456 785 1529 quio
791 1455 881 1530 ponci
888 1453 933 1509 ud
940 1451 1060 1508 modum
1072 1459 1157 1506 eraut

714 1561 774 1598 nou
791 1541 917 1597 audent:
935 1538 1004 1612 ΡΜ]
1018 1547 1157 1616 penetrare

714 1629 743 1683 in
761 1627 890 1683 interiora
909 1626 985 1682 urbis
1002 1635 1050 1682 eet.
1070 1623 1156 1695 (cot.

712 1711 789 1772 l'uld.
807 1710 885 1772 Laid.
897 1732 915 1768 r.
929 1710 1007 1772 Voss.
1020 1731 1039 1772 ι.
1050 1711 1118 1773 Lov.
1130 1715 1155 1768 i.

713 1799 773 1869 al).
787 1831 818 1842 -
832 1799 996 1858 Penetrore
1008 1819 1061 1856 non
1073 1798 1155 1858 modo

712 1905 772 1944 eum
791 1889 991 1965 praepositione
1008 1888 1039 1943 iu
1049 1891 1089 1956 (9,
1100 1889 1155 1957 35.)

712 1972 761 2030 sed
779 1975 860 2031 etiem
876 1975 948 2030 sicot
964 1975 1155 2032 irrtrarecum

711 2063 863 2119 accusativo
888 2062 946 2118 eina
963 2062 1003 2118 rei
1025 2081 1094 2138 qnae
1114 2064 1154 2117 in·

711 2157 796 2205 tratur
814 2149 985 2205 coniunctum
1004 2167 1064 2216 esse
1082 2147 1154 2205 hand

710 2236 789 2312 penei
808 2244 926 2292 veterum
950 2243 1089 2312 poetarum
1106 2255 1153 2312 po·

708 2323 884 2398 nteriorisqna
914 2323 1009 2378 acutis
1040 2324 1153 2402 scripto-

708 2429 769 2467 rum
786 2408 839 2466 loci
856 2406 964 2468 docent.
994 2408 1028 2467 cl.
1050 2429 1091 2468 ex.
1114 2419 1157 2486 gr.¹

708 2494 784 2571 Virg.
804 2499 828 2563 1,
840 2497 914 2555 ton:
932 2496 1054 2554 Antenor
1065 2501 1153 2574 potuit
1206 2549 1211 2560 ,

710 2615 740 2632 v
749 2582 872 2658 illyricos
882 2591 1023 2659 penetrare
1028 2586 1104 2641 sinus
1113 2596 1152 2643 at·

708 2689 761 2747 que
771 2671 863 2726 intime
872 2677 946 2726 totus
956 2669 1046 2745 Regna
1056 2665 1153 2728 Libur-

709 2775 813 2814 norum.
833 2754 899 2814 Vell.
911 2757 938 2822 d,
954 2760 1011 2815 dds
1029 2769 1151 2833 penetra·

710 2851 736 2898 ta
748 2847 763 2898 i
774 2842 953 2898 convictoria
961 2840 1152 2903 Mediadlbeni

707 2927 810 2987 llibcri.
829 2930 904 2997 t,t7.
916 2927 989 2985 Suet.
1001 2929 1151 2993 Cosedia

707 3036 791 3093 paene
808 3015 950 3093 Aethiopia
969 3025 1048 3075 tenus
1066 3019 1151 3094 Aegy·

708 3113 783 3180 ptum
793 3105 944 3181 penetravit
954 3107 1006 3162 nini
1018 3109 1152 3164 exereitus

695 3193 784 3269 ,sequi
797 3200 955 3250 recusasset.
964 3189 1029 3248 Tne.
1042 3193 1113 3252 dun.
1125 3197 1152 3262 3,
1190 3233 1194 3246 .

707 3277 824 3339 inanit
846 3278 1081 3336 tamcn'l'iberinn
1099 3299 1152 3350 ma·

706 3367 748 3443 gis
758 3370 906 3443 penetravit
915 3385 994 3444 quant
1004 3367 1093 3424 studin
1104 3369 1151 3424 lto·

704 3455 807 3510 minum
814 3473 924 3512 accensa
935 3454 1151 3532 indgrippinam.

706 3571 740 3584 -
762 3542 804 3597 nt
824 3540 947 3598 modum:
965 3542 1001 3601 cl.
1021 3544 1064 3610 10,
1082 3546 1127 3603 to.

653 3628 679 3690 d.
706 3629 765 3684 ium
788 3630 866 3686 enim
885 3649 1029 3705 praecepa
1053 3632 1082 3686 in
1106 3651 1151 3686 oc·
1236 3665 1241 3685 2

703 3735 807 3772 casnm
824 3717 873 3773 eol
889 3726 955 3774 emt
966 3726 996 3774 et
1006 3718 1150 3792 adpetens

707 3822 770 3864 nor
785 3805 956 3878 periculoso
973 3813 1002 3861 et
1013 3813 1151 3878 suspecto

706 3889 805 3945 omnin
822 3891 912 3946 etiam
924 3892 1083 3958 uictoribus
1095 3892 1156 3964 sog

704 3975 815 4032 eteberi
837 3974 893 4036 ΡΜ.
921 4007 955 4019 -
982 3976 1058 4034 Multi
1080 3997 1156 4038 reon·

705 4061 800 4122 codd:
819 4071 876 4120 crat
887 4062 937 4122 sol.
951 4093 983 4104 -
998 4063 1042 4124 Gi.
1052 4068 1078 4133 Β,
1089 4067 1148 4127 88.:

706 4169 760 4206 nox
778 4151 830 4206 iam
849 4149 999 4227 adpetebat.
