2832 4728
538 287 647 350 nrern
665 287 735 352 vm.
925 347 927 354 ,
1121 251 1212 351 oos‘

64 473 238 544 praeceps
261 449 356 518 adid
379 461 544 526 certamen
563 452 673 544 egitur,
696 475 762 544 quo
784 452 927 524 vinceret
946 477 988 522 an
1009 455 1188 524 vinceretur

60 558 164 624 haud
188 556 329 625 multum
350 557 528 624 interesset.
567 557 727 648 equitibus
749 559 862 646 ceteris
885 559 975 628 velut
1001 561 1041 640 nd
1064 572 1186 651 specta·
1295 584 1303 602 r

62 664 191 730 culum
212 661 382 730 summotis
403 649 506 751 spatio
536 662 625 753 quod
653 661 747 730 vocrri
774 663 980 732 interiacebat
1007 665 1112 755 campi
1133 665 1186 733 ad·

64 791 192 837 versos
215 766 380 844 concitent
399 769 516 856 equos,
546 778 676 837 etcum
697 767 820 836 infestis
848 768 1032 858 cuspidibus
1055 792 1207 860 concur-¹

64 873 202 955 iissent,
226 870 336 940 Manlii
359 872 465 963 cuspis
487 895 584 962 super
605 873 731 963 galeam
752 869 863 956 hostis,
886 873 1002 942 Mnecii
1018 885 1105 942 tram
1120 889 1220 944 cer-5

66 976 185 1043 vicem
207 975 283 1067 equi
305 976 414 1067 elapsa
435 987 500 1044 est:
529 977 728 1046 circumactis
751 978 866 1046 deinde
888 979 980 1070 eqrris
1003 1003 1079 1046 eum
1100 978 1187 1069 prior

67 1083 109 1148 nd
134 1081 322 1150 iterandum
343 1081 443 1150 ictum
465 1081 603 1150 Manlius
625 1081 891 1166 consurrexisset,
918 1083 1080 1172 spiculum
1103 1084 1186 1150 inter

69 1211 171 1254 eures
195 1187 271 1276 equi
292 1186 376 1255 fixit:
400 1187 441 1254 ad
463 1188 552 1260 cuius
574 1187 715 1257 vulneris
737 1210 869 1254 sensum
892 1210 966 1254 cum
984 1211 1087 1279 equus
1103 1187 1185 1279 prio-

67 1291 164 1358 ribus
199 1291 335 1380 pedibus
369 1292 482 1360 erectis
519 1315 634 1382 megna
661 1293 701 1360 vi
720 1303 818 1382 caput
850 1303 1010 1382 quateret,
1045 1293 1185 1362 excussit
1250 1293 1254 1304 “

72 1396 242 1488 equitem,
271 1419 369 1485 qoem
397 1397 529 1489 cuspide
558 1419 733 1488 pammquc
759 1394 903 1465 innixum
926 1397 1126 1468 attollentem
1147 1419 1182 1464 se
1196 1410 1232 1464 to

71 1501 114 1566 ab
138 1499 231 1591 gravi
254 1524 331 1568 casu
352 1499 489 1569 Manlius
509 1500 558 1567 eb
586 1501 694 1590 iugulo
723 1500 767 1567 ita
793 1512 830 1568 ut
851 1526 910 1592 per
931 1515 1035 1570 costas
1065 1503 1185 1569 ferrum

73 1606 235 1672 emineret
256 1615 359 1672 terroe
384 1604 508 1672 adfixit:
545 1606 719 1696 spoliisque
747 1605 839 1672 lectis
868 1607 908 1674 ud
936 1628 1013 1675 suos
1035 1617 1184 1672 revectus
1240 1626 1243 1632 ·
1297 1629 1303 1642 ’

71 1733 152 1775 etun
175 1720 293 1776 ovante
316 1710 431 1800 gaudio
453 1721 558 1779 turum
586 1710 620 1778 in
648 1721 750 1778 cestra
779 1721 876 1800 etque
897 1709 971 1776 inde
994 1710 1034 1776 ed
1060 1720 1184 1800 praeto-

20 1813 22 1822 ’
72 1814 159 1878 rium
182 1813 224 1879 ad
244 1825 370 1903 patrem
397 1813 500 1882 tendit
521 1853 566 1866 -
587 1815 713 1906 ignarus
741 1813 818 1881 facti
844 1812 1021 1906 futurique,
1050 1812 1121 1880 laus
1144 1839 1184 1880 an

92 1955 120 2012 ἲ.
149 1955 234 2012 uelut
259 1955 304 2011 ad
327 1955 542 2030 spectaculum:
567 1954 599 2015 P.

147 2072 186 2084 -
202 2039 243 2098 tl:
262 2039 337 2098 nour
354 2040 516 2116 spectaculis.
529 2043 598 2098 -l'

149 2128 212 2184 eod.
228 2127 301 2188 Get:
319 2131 407 2206 spatio
427 2128 501 2206 quod
519 2131 598 2186 uacui

150 2216 326 2272 interiacebat
353 2219 439 2294 compi
467 2217 597 2274 aduersos

149 2304 288 2358 concitant
315 2323 406 2380 equos.
442 2303 481 2360 ll:
508 2307 596 2383 spatio

147 2388 224 2468 qnod
236 2392 313 2446 uacui
325 2392 500 2450 interiacebat
510 2395 597 2472 compi

148 2477 280 2534 aduersus
298 2482 450 2536 concitante
468 2499 561 2556 equor.

94 2565 121 2625 5.
150 2566 260 2622 Moecii
274 2575 360 2624 trans
372 2561 514 2631 ceruicem
528 2570 600 2646 equi

149 2651 256 2729 elapso
266 2663 325 2710 est:
343 2652 365 2709 P
377 2652 450 2712 Harl
460 2674 479 2714 1.
492 2653 569 2715 Leid.
580 2675 597 2715 r.

150 2771 186 2782 —
210 2739 253 2796 tl:
279 2740 373 2798 manlii
391 2744 483 2818 cuspis
499 2749 503 2811 Ι
516 2764 537 2823 3
555 2762 598 2818 ga·

151 2827 195 2890 let
211 2827 298 2884 hostis
313 2832 408 2886 maesii
426 2839 499 2886 trans
512 2831 597 2886 cerui·

153 2935 212 2970 cem
231 2917 292 2992 equi
309 2916 383 2996 lapso
406 2927 456 2974 est.

94 3005 122 3064 8.
150 3002 197 3060 ad
212 3006 297 3060 euius
315 3006 449 3063 uulneris
461 3022 598 3061 sensum:

151 3089 182 3150 P.
206 3121 240 3131 -
266 3091 307 3149 M:
335 3113 349 3148 a
373 3094 450 3150 cuius
478 3088 598 3148 uulneris

150 3197 269 3238 sensum.
294 3199 330 3239 m.
348 3183 388 3240 ἢκ
406 3200 496 3238 sensu.
517 3209 552 3220 ·-
575 3176 598 3235 P

151 3284 188 3323 m.
199 3267 238 3324 1.:
249 3270 369 3324 excussis
379 3271 502 3345 equitem.
514 3287 550 3324 m.
560 3267 599 3323 θα

149 3355 277 3413 excussit.

80 3443 123 3502 to,
152 3461 239 3518 quem
251 3442 374 3516 cuspide
380 3461 547 3520 parmaque
556 3441 598 3497 in-

151 3530 257 3584 mum
283 3531 467 3587 attollentem
498 3547 531 3584 se
561 3527 599 3582 ob

151 3618 246 3694 gram
261 3637 351 3686 cesus
371 3616 401 3676 P.
414 3649 447 3660 -
465 3615 506 3673 tt:
519 3633 599 3692 quem

72 3711 78 3716 '
152 3701 599 3781 cuspideperrnequeinnixurnab·

152 3788 293 3848 tollentem
309 3813 339 3848 se
355 3795 359 3862 Ι
394 3791 508 3866 ahgraui
527 3808 598 3846 casu.

151 3896 189 3935 rn.
207 3878 247 3936 ‘tr
274 3877 475 3954 attollentemq.
500 3897 539 3936 se.
565 3905 599 3916 -

150 3963 175 4027 P
198 3985 234 4026 m.
261 3967 300 4025 1.:
328 3968 365 4022 ite
390 3973 420 4022 nt
442 3985 491 4042 per
511 3973 599 4021 costes

152 4053 254 4111 tenum
277 4055 426 4111 eminerent
447 4062 534 4109 terroe
556 4051 601 4108 ed·

153 4140 223 4200 fixit
250 4161 286 4204 m.
305 4143 344 4202 Ἅι
362 4143 500 4202 emineret.
517 4137 546 4198 ll
564 4159 600 4198 m.

676 1944 678 1946 .
740 1957 780 2014 1.:
816 1954 946 2010 emineret
980 1962 1051 2025 terre
1081 1952 1185 2012 adfixit.

738 2061 775 2100 m.
793 2043 834 2100 3.:
852 2043 956 2098 eminus
974 2052 1044 2112 terre
1063 2040 1163 2100 adfixit

669 2129 712 2190 14.
741 2131 866 2206 ignarus
895 2127 979 2198 sacti
1006 2127 1183 2202 futurique:

738 2214 788 2272 ΡΜ
807 2215 868 2272 cod.
887 2214 947 2273 Gel.
966 2213 1039 2274 Harl.
1052 2235 1069 2270 r.
1080 2214 1155 2292 Lrjd.
1167 2227 1184 2273 t.

738 2302 790 2374 el]
826 2305 934 2378 ignarus
970 2301 1018 2358 loti
1052 2301 1185 2378 futurique

738 2387 820 2460 (Poll.
840 2393 864 2446 1.
882 2388 1028 2451 :tt-N
1061 2387 1185 2444 Dukcrus

659 2475 664 2486 ’
739 2477 848 2556 quidem
872 2478 926 2533 eibi
952 2496 1047 2552 persus
1069 2497 1097 2532 er
1137 2496 1186 2552 po·

738 2567 805 2632 tuit,
827 2584 920 2622 veram
944 2584 1002 2620 esse
1025 2566 1097 2640 scrip
1158 2583 1184 2618 m

739 2651 769 2710 S.
793 2646 906 2708 Geleuio
932 2652 1071 2728 probatem
1102 2652 1133 2728 ig
1153 2671 1185 2704 a·

739 2759 792 2794 rus
812 2738 896 2810 fecti
912 2737 1090 2813 futurique,
1113 2757 1165 2812 quo

737 2827 864 2902 ignarus
891 2827 1009 2880 nescius
1029 2823 1097 2894 soti
1122 2842 1199 2901 nus-ss

740 2929 820 2986 quam
834 2930 888 2966 non
900 2908 1045 2984 legeretur:
1059 2907 1104 2964 vel
1116 2907 1187 2986 opud
1197 2923 1220 2950 x„

740 2994 882 3072 Virgilium
896 2995 963 3054 Aen.
984 2997 1027 3063 10,
1038 2997 1100 3054 501.
1119 3014 1187 3064 „ne-

739 3086 796 3142 seis
815 3103 889 3142 mens
908 3084 1045 3140 bornicum
1064 3081 1112 3141 frti
1129 3101 1187 3138 sor·
1207 3081 1209 3088 '

739 3174 829 3250 tisque
851 3173 987 3231 luturac“.
1023 3169 1116 3228 Nihilo
1137 3171 1186 3226 mi·

740 3259 791 3317 ntis
810 3259 899 3318 lacere
916 3278 1099 3336 non.possum
1121 3259 1186 3336 quin

741 3347 881 3406 Gelenium
911 3367 966 3404 non
993 3365 1096 3402 errasse
1123 3364 1185 3414 ⁴cen·

741 3454 823 3492 seum.
841 3454 902 3490 nom
921 3432 995 3509 qued
1012 3452 1093 3508 snpra
1107 3432 1188 3508 aptis·

742 3525 810 3580 nime
827 3525 1020 3598 scriptumest,
1037 3540 1085 3576 eeu
1101 3517 1187 3576 ‹letra-

743 3609 835 3668 ctnndi
868 3609 1021 3666 certaminis
1056 3605 1188 3687 pudorem

740 3719 788 3756 seu
806 3696 1047 3776 inexsuperabilem
1065 3699 1119 3754 vim
1141 3695 1188 3752 lati

740 3785 858 3842 ferocem
876 3785 982 3840 iuvenis
998 3788 1114 3842 animum
1132 3803 1189 3838 mo·

741 3875 828 3941 visse,
856 3871 885 3928 id
903 3871 930 3928 h.
952 3870 970 3931 l.
994 3893 1048 3928 non
1063 3873 1107 3926 tt·
1133 3869 1188 3926 dici

688 3985 691 3990 ·
740 3969 840 4039 potest.
870 3969 934 4014 tunc
951 3958 1188 4033 entnvidertpo

740 4049 793 4104 tuit
811 4049 852 4104 vie
870 4044 958 4123 aliqua
977 4045 1188 4104 tatiadolescen·

741 4145 795 4194 tem
815 4137 951 4211 ,ignarum¹
984 4134 1067 4195 futuri
1102 4153 1189 4211 neque
