2618 4590
549 59 554 69 '
587 67 600 111 t

534 202 645 267 rmus
661 207 697 269 x„
752 187 754 191 ’
1105 187 1171 257 615

10 398 15 432 ι
71 369 177 438 bertas
199 367 304 460 plebis
326 379 461 459 poterat.
499 368 612 443 Porcia
634 379 742 437 tamen
763 368 818 437 lex
847 369 916 437 sola
938 391 996 459 pro
1018 377 1109 458 tergo
1132 364 1173 434 ci·
1267 344 1272 350 ⁵

69 475 157 544 vium
181 475 244 542 lata
267 473 400 556 videtur,
422 475 511 565 quod
533 473 620 566 gravi
642 496 756 563 poena,
778 473 808 567 si
821 472 893 562 quis
907 473 1106 561 verberasset
1119 493 1173 537 ne-

68 590 213 648 cassetve
235 579 340 648 civem
353 579 544 673 Romanum,
566 578 685 646 sanxit:
715 576 843 648 Valeria
865 577 919 645 icx
935 601 1010 643 curn
1025 573 1172 666 eum-qui

69 695 277 774 provocasset
297 682 393 773 virgis
416 684 506 751 caedi
528 683 696 774 securique
724 683 832 750 necari
853 682 1023 766 vetuisset,
1051 681 1079 747 si
1102 680 1173 770 quis

68 790 221 856 adversus
235 813 274 854 ca
289 788 426 874 fecisset,
448 787 526 855 nihil
541 788 623 856 ultra
639 812 737 879 quarn
751 775 909 877 ‚improbe
926 771 1071 854 iactum
1088 785 1173 872 adio·
1191 796 1209 850 5

68 894 120 960 cit.
156 893 189 958 id
211 931 255 940 -
277 894 332 985 qui
360 905 430 960 turn
459 893 564 983 pudor
590 892 759 960 hominnm
789 902 922 959 crat-
944 890 1049 971 visum
1078 889 1174 957 credo

67 997 232 1065 vinculum
253 999 329 1066 satis
351 998 494 1068 validum
515 989 610 1090 legis:
643 1022 729 1069 nunc
751 996 806 1067 vix
827 1019 922 1064 servo
944 996 1028 1064 serio
1051 995 1095 1061 ita
1118 993 1174 1059 mi·

86 1219 111 1276 1.
137 1218 243 1274 Portia
257 1227 359 1274 tamen
376 1218 444 1274 lex:
467 1215 526 1276 ΡΜ.
550 1247 585 1259 -
728 1238 752 1276 a.
770 1236 798 1276 ιι.
810 1236 833 1274 c.
845 1217 908 1275 557.
926 1216 1050 1271 tribunus
1062 1211 1099 1291 pl.
1112 1212 1174 1269 iuit:

138 1304 172 1360 P:
191 1307 215 1360 si
234 1306 294 1382 quis
307 1292 475 1360 uerberasset
492 1323 586 1362 necas·
728 1305 762 1365 ei.
780 1303 840 1361 Liv.
859 1305 903 1372 32,
922 1306 966 1374 7.)
982 1301 1064 1358 latam
1082 1297 1161 1375 vult,

138 1400 214 1466 aetue
238 1393 324 1448 ciuem
351 1397 374 1448 ῖ·.
404 1389 446 1448 tl:
475 1394 500 1449 si
524 1394 585 1470 quia
674 1394 701 1452 i.
728 1393 842 1470 siquis
861 1386 1176 1467 aduersuseafeoo·

136 1479 305 1535 ucrberasset
322 1487 479 1534 necassetue
497 1480 585 1537 ciuem
729 1488 790 1536 set:
825 1477 875 1535 ΡΜ
905 1476 938 1536 al.
968 1507 1004 1519 -
1038 1474 1118 1534 Voss.
1147 1492 1175 1532 ιι

136 1574 161 1626 i.
179 1597 214 1608 -
232 1564 339 1623 Valeria
357 1563 416 1640 lege
434 1568 473 1623 ait
489 1565 585 1623 Livius
727 1565 796 1624 [ιον.
808 1568 835 1625 ci.
848 1565 895 1624 ai:
914 1584 981 1623 eam.
994 1594 1028 1605 -
1042 1560 1092 1620 ΡΜ
1104 1559 1175 1620 adt:

70 1710 72 1715 ,
136 1655 221 1726 virgis
240 1651 316 1708 caedi
334 1655 477 1730 securique
494 1656 584 1711 necari
726 1651 795 1708 nihil
814 1651 883 1708 ultra
902 1673 981 1729 quam
1005 1649 1120 1728 inprobe
1137 1647 1175 1704 ia·

135 1743 235 1797 vultos
262 1759 322 1795 esse
350 1742 422 1798 cives
448 1761 592 1817 romanos,
727 1750 799 1795 ctum
817 1738 928 1797 adiecit:
955 1758 1039 1808 „wer
1057 1736 1182 1812 dagegen'

135 1826 186 1883 aed
212 1826 279 1882 nihil
302 1825 376 1882 aliud
398 1848 429 1883 ea
451 1831 584 1887 sancitum
725 1826 869 1902 gehandeit
897 1827 990 1896 hitto,
1027 1823 1083 1893 (ier,
1105 1821 1176 1877 habe

134 1933 195 1969 essc
207 1914 261 1968 nisi
274 1912 348 1989 quoti
357 1915 471 1992 inprobe
482 1912 583 1972 iactum
725 1913 922 1993 pflichtvvidrig
948 1909 1123 1989 gehaudelt“.
1153 1907 1176 1966 Ι.

136 2000 273 2057 videretur
281 2003 306 2057 si
316 2003 376 2078 quis
385 2001 514 2059 adversus
524 2022 583 2061 cam
723 1996 1015 2068 intronuntient,
1028 2019 1062 2055 an
1074 1998 1175 2054 rectius

133 2085 220 2162 legem
233 2088 350 2148 fecisset.
369 2088 464 2146 Porcia
475 2089 582 2147 demum
724 2109 755 2145 se
773 2089 884 2145 haberet
896 2090 1063 2158 sucturum.
1085 2083 1129 2142 cf.
1147 2085 1174 2150 8,
1231 2132 1234 2137 .

134 2173 193 2249 lege
204 2178 280 2250 gravi
292 2196 378 2254 poena
387 2185 510 2234 sanctum
522 2196 583 2234 csse
725 2181 781 2237 10.=
799 2178 824 2233 si
842 2178 867 2232 is
886 2206 920 2217 -
939 2178 1067 2243 moritur,
1087 2170 1175 2251 probe
1207 2228 1210 2235 ,

134 2281 169 2318 ne
192 2264 253 2340 quis
277 2266 363 2321 civem
384 2285 406 2329 r.
428 2265 583 2323 verberaret
725 2264 825 2321 iactum
844 2262 940 2321 videri.

134 2360 285 2410 nccarctve.
315 2342 396 2429 atque
413 2353 450 2409 ita
469 2350 529 2412 Cic.
547 2350 582 2408 (le
671 2353 698 2412 6.
726 2354 781 2427 qui
804 2361 868 2408 tunc
894 2349 996 2427 pudor
1021 2347 1175 2404 hominum
1234 2351 1236 2354 ’

133 2458 190 2514 rep.
209 2440 234 2506 2,
252 2440 311 2508 st,
333 2459 394 2497 cum
412 2438 581 2496 Valeriorum
723 2447 805 2496 erat:
824 2437 873 2494 ΡΜ
896 2437 944 2496 ai:
973 2435 1054 2504 „dies
1078 2432 1184 2511 achion¹

133 2525 200 2599 legis
228 2524 262 2581 de
289 2529 483 2604 provocatione
505 2547 580 2583 men·
722 2525 886 2599 hinit'mglich
905 2545 938 2582 uu
955 2519 1174 2580 sein-eolch-

133 2614 235 2667 tionem
249 2614 364 2682 fecisset,
382 2615 491 2671 scribit:
510 2633 580 2682 „ne-
722 2612 781 2669 hait
799 2611 897 2689 sprach
916 2609 1017 2667 damais
1035 2612 1065 2666 in
1076 2607 1173 2667 Jeden'r

135 2719 187 2772 qne
204 2717 269 2755 vero
288 2696 361 2772 leges
373 2699 495 2768 Porciae,
512 2719 580 2775 quae
724 2699 773 2754 das
791 2698 910 2754 sittiiche
925 2696 1025 2752 Geiithi
1040 2724 1072 2736 -·
1084 2697 1174 2769 jeuem

134 2794 190 2840 tres
208 2792 271 2840 sunt
288 2786 370 2840 trium
382 2784 540 2842 Porciorum
551 2795 582 2841 nt
723 2785 838 2841 Gesetze
849 2783 976 2856 Achtung
992 2803 1025 2836 uu
1037 2780 1172 2838 verschai·

132 2875 218 2940 scitis,
228 2871 375 2949 quidquam
382 2881 504 2948 praeter
512 2891 580 2928 san·
723 2871 800 2929 ieu“.
818 2869 898 2927 Voss.
918 2888 962 2928 rna
980 2870 1043 2944 quia
1062 2877 1129 2925 tum.

132 2962 258 3017 ctionem
293 2957 448 3016 adtulerunt
483 2962 580 3015 uovi“.
670 2963 697 3018 7,
721 2978 800 3015 nunc
827 2959 882 3014 uix
904 2977 994 3013 seruo
1022 2956 1102 3013 serio
1130 2956 1173 3012 ata

132 3068 226 3104 verum
239 3070 253 3102 a
268 3067 322 3125 quo
335 3048 504 3121 potissimum
514 3044 580 3102 Por·
723 3047 851 3102 minetur
887 3042 1062 3122 quisquam]
1099 3063 1171 3100 nunc

133 3138 176 3191 cio
204 3135 250 3191 ilia
273 3138 376 3190 sanctio
399 3134 453 3210 legi
476 3134 580 3191 adiecta
723 3135 770 3191 uix
796 3135 868 3190 serio
894 3135 932 3188 ita
957 3134 1074 3188 minetur
1098 3131 1171 3208 quis·

132 3225 177 3290 sit,
195 3225 247 3279 viri
270 3223 343 3278 docti
366 3221 498 3280 dubitant.
527 3221 580 3277 iiia·
723 3241 803 3298 quam
831 3221 877 3290 (P.
901 3218 1031 3276 Pithoeus
1057 3227 1085 3273 et
1110 3216 1172 3276 cod.

132 3312 224 3366 nutius
248 3329 307 3366 eam
330 3309 414 3365 inisse
436 3307 472 3364 Μ.
489 3307 580 3365 Porcii
722 3307 843 3374 Kiocir.).
855 3340 889 3350 -
903 3307 941 3364 P:
954 3326 1026 3363 nnuc
1036 3306 1083 3362 uix
1096 3322 1172 3361 surnr

131 3395 245 3454 Catonis
264 3397 390 3453 Censorii
413 3397 504 3468 (cuius
527 3390 581 3452 col·
722 3397 794 3452 serio
807 3398 844 3451 ita
857 3398 981 3453 minetur.
1000 3392 1086 3453 unt:
1098 3410 1170 3448 nunc

130 3483 188 3559 lega
213 3487 242 3540 iu
266 3505 377 3542 censura
401 3484 432 3542 L.
456 3481 580 3539 Valerius
722 3485 769 3540 uix
787 3501 846 3538 aum
865 3484 936 3538 aerio
956 3492 1006 3541 cet.
1033 3477 1073 3537 Μι
1097 3499 1169 3536 nuuc

131 3571 195 3627 suit:
218 3571 253 3630 ci.
270 3565 331 3631 tit.
352 3575 400 3639 39,
420 3573 463 3629 40.
486 3575 581 3648 seqq.)
722 3572 770 3627 uix
787 3589 832 3625 ser
850 3574 920 3638 uos!
937 3589 983 3625 ero
1001 3571 1039 3625 ita
1053 3569 1170 3625 minetur

131 3668 223 3714 censet
252 3659 335 3733 idque
365 3659 431 3715 mihi
467 3668 580 3735 propter
721 3654 1018 3732 qnisquam.Leid.1.:
1039 3656 1170 3712 nuncuix

130 3745 232 3809 multas,
247 3745 361 3802 Catonis
383 3745 502 3802 hominis
522 3745 578 3824 plc-
663 3746 666 3751 ’
721 3745 787 3800 serii
814 3745 851 3799 ita
878 3746 996 3801 minetur
1018 3746 1169 3818 qnisquam.

129 3834 183 3889 beii
197 3833 346 3890 simultates
360 3853 420 3890 cnm
437 3833 580 3903 nobilitate
720 3831 787 3889 Pali.
804 3832 828 3889 1.
840 3833 866 3891 3.
884 3831 964 3890 Voss.
979 3850 1021 3889 m:
1039 3850 1111 3887 nuuc
1123 3831 1170 3887 uix

131 3924 188 3976 veri
203 3922 319 3978 similius
331 3922 451 3978 videtur:
468 3921 579 3997 Pighius
720 3927 826 3979 seruata
863 3921 979 3975 minetur
1018 3918 1169 3996 quisquam.

129 4007 215 4084 legem
234 4031 248 4066 a
262 4008 290 4069 P.
306 4009 404 4066 Porcio
417 4008 503 4066 Lacca
516 4011 578 4086 (qui
721 4005 802 4066 Voss.
820 4026 847 4065 n.
866 4005 914 4064 aL:
933 4027 1005 4064 nunc
1023 4008 1071 4065 uix
1086 4024 1168 4063 aerum
