<?xml version="1.0" encoding="UTF-8"?>
<!DOCTYPE html PUBLIC "-//W3C//DTD XHTML 1.0 Transitional//EN"
    "http://www.w3.org/TR/xhtml1/DTD/xhtml1-transitional.dtd">
<html xmlns="http://www.w3.org/1999/xhtml" xml:lang="en" lang="en">
 <head>
  <title>
</title>
<meta http-equiv="Content-Type" content="text/html;charset=utf-8" />
  <meta name='ocr-system' content='tesseract 3.04.00' />
  <meta name='ocr-capabilities' content='ocr_page ocr_carea ocr_par ocr_line ocrx_word'/>
</head>
<body>
  <div class='ocr_page' id='page_1' title='image "./titilivirerumro01alscgoog_0100.png"; bbox 0 0 2618 4590; ppageno 0'>
   <div class='ocr_carea' id='block_1_1' title="bbox 494 200 1156 322">
    <p class='ocr_par' dir='ltr' id='par_1_1' title="bbox 494 200 1156 322">
     <span class='ocr_line' id='line_1_1' title="bbox 494 200 1156 322; baseline 0 -3"><span class='ocrx_word' id='word_1_1' title='bbox 494 254 698 322; x_wconf 73' lang='lat' dir='ltr'><strong>aaran</strong></span> <span class='ocrx_word' id='word_1_2' title='bbox 785 200 829 226; x_wconf 36' lang='lat'><strong>‘³</strong></span> <span class='ocrx_word' id='word_1_3' title='bbox 1114 248 1156 319; x_wconf 83' lang='lat' dir='ltr'><strong>sr</strong></span> 
     </span>
    </p>
   </div>
   <div class='ocr_carea' id='block_1_2' title="bbox 25 419 1204 1558">
    <p class='ocr_par' dir='ltr' id='par_1_2' title="bbox 56 419 1157 512">
     <span class='ocr_line' id='line_1_2' title="bbox 56 419 1157 512; baseline 0.005 -23"><span class='ocrx_word' id='word_1_4' title='bbox 56 420 102 489; x_wconf 90' lang='lat' dir='ltr'><strong>bil</strong></span> <span class='ocrx_word' id='word_1_5' title='bbox 124 444 230 512; x_wconf 87' lang='lat' dir='ltr'><strong>neque</strong></span> <span class='ocrx_word' id='word_1_6' title='bbox 246 419 333 512; x_wconf 87' lang='lat' dir='ltr'><strong>apud</strong></span> <span class='ocrx_word' id='word_1_7' title='bbox 347 421 448 489; x_wconf 87' lang='lat' dir='ltr'><strong>duces</strong></span> <span class='ocrx_word' id='word_1_8' title='bbox 456 443 562 512; x_wconf 85' lang='lat' dir='ltr'><strong>neque</strong></span> <span class='ocrx_word' id='word_1_9' title='bbox 584 421 670 512; x_wconf 88' lang='lat' dir='ltr'><strong>apud</strong></span> <span class='ocrx_word' id='word_1_10' title='bbox 684 419 801 489; x_wconf 79' lang='lat' dir='ltr'><strong>milites</strong></span> <span class='ocrx_word' id='word_1_11' title='bbox 812 423 979 494; x_wconf 83' lang='lat' dir='ltr'><strong>remittitm</strong></span> <span class='ocrx_word' id='word_1_12' title='bbox 993 450 1012 493; x_wconf 91' lang='lat' dir='ltr'><strong>a</strong></span> <span class='ocrx_word' id='word_1_13' title='bbox 1027 448 1157 494; x_wconf 88' lang='lat' dir='ltr'><strong>summo</strong></span> 
     </span>
    </p>

    <p class='ocr_par' dir='ltr' id='par_1_3' title="bbox 25 518 1190 1032">
     <span class='ocr_line' id='line_1_3' title="bbox 25 518 1157 621; baseline 0.004 -27"><span class='ocrx_word' id='word_1_14' title='bbox 25 518 27 523; x_wconf 41' lang='lat'><strong>¹</strong></span> <span class='ocrx_word' id='word_1_15' title='bbox 58 528 231 595; x_wconf 86' lang='lat' dir='ltr'><strong>certamine</strong></span> <span class='ocrx_word' id='word_1_16' title='bbox 254 525 361 593; x_wconf 83' lang='lat' dir='ltr'><strong>animi.</strong></span> <span class='ocrx_word' id='word_1_17' title='bbox 397 523 497 592; x_wconf 89' lang='lat' dir='ltr'><strong>sensit</strong></span> <span class='ocrx_word' id='word_1_18' title='bbox 517 548 593 615; x_wconf 83' lang='lat' dir='ltr'><strong>crgo</strong></span> <span class='ocrx_word' id='word_1_19' title='bbox 616 536 750 592; x_wconf 87' lang='lat' dir='ltr'><strong>eventus</strong></span> <span class='ocrx_word' id='word_1_20' title='bbox 770 525 893 592; x_wconf 86' lang='lat' dir='ltr'><strong>virtutis</strong></span> <span class='ocrx_word' id='word_1_21' title='bbox 915 529 1025 598; x_wconf 83' lang='lat' dir='ltr'><strong>enixae</strong></span> <span class='ocrx_word' id='word_1_22' title='bbox 1050 553 1157 621; x_wconf 82' lang='lat' dir='ltr'><strong>opem,</strong></span> 
     </span>
     <span class='ocr_line' id='line_1_4' title="bbox 57 629 1174 720; baseline 0.005 -21"><span class='ocrx_word' id='word_1_23' title='bbox 57 644 92 700; x_wconf 90' lang='lat' dir='ltr'><strong>et</strong></span> <span class='ocrx_word' id='word_1_24' title='bbox 111 630 226 701; x_wconf 87' lang='lat' dir='ltr'><strong>Vulsci</strong></span> <span class='ocrx_word' id='word_1_25' title='bbox 248 630 432 720; x_wconf 86' lang='lat' dir='ltr'><strong>quamodo</strong></span> <span class='ocrx_word' id='word_1_26' title='bbox 454 629 602 698; x_wconf 87' lang='lat' dir='ltr'><strong>simulato</strong></span> <span class='ocrx_word' id='word_1_27' title='bbox 624 641 714 699; x_wconf 90' lang='lat' dir='ltr'><strong>metu</strong></span> <span class='ocrx_word' id='word_1_28' title='bbox 741 642 903 698; x_wconf 83' lang='lat' dir='ltr'><strong>cesserant</strong></span> <span class='ocrx_word' id='word_1_29' title='bbox 928 655 966 698; x_wconf 88' lang='lat' dir='ltr'><strong>ea</strong></span> <span class='ocrx_word' id='word_1_30' title='bbox 991 634 1024 699; x_wconf 90' lang='lat' dir='ltr'><strong>in</strong></span> <span class='ocrx_word' id='word_1_31' title='bbox 1046 659 1174 705; x_wconf 78' lang='lat' dir='ltr'><strong>veram.</strong></span> 
     </span>
     <span class='ocr_line' id='line_1_5' title="bbox 55 733 1155 826; baseline 0.004 -23"><span class='ocrx_word' id='word_1_32' title='bbox 55 736 167 826; x_wconf 77' lang='lat' dir='ltr'><strong>lugam</strong></span> <span class='ocrx_word' id='word_1_33' title='bbox 194 734 286 801; x_wconf 87' lang='lat' dir='ltr'><strong>effusi</strong></span> <span class='ocrx_word' id='word_1_34' title='bbox 312 758 426 825; x_wconf 81' lang='lat' dir='ltr'><strong>magna</strong></span> <span class='ocrx_word' id='word_1_35' title='bbox 453 758 526 824; x_wconf 89' lang='lat' dir='ltr'><strong>pars</strong></span> <span class='ocrx_word' id='word_1_36' title='bbox 553 746 587 801; x_wconf 89' lang='lat' dir='ltr'><strong>et</strong></span> <span class='ocrx_word' id='word_1_37' title='bbox 612 734 646 801; x_wconf 90' lang='lat' dir='ltr'><strong>in</strong></span> <span class='ocrx_word' id='word_1_38' title='bbox 673 734 745 824; x_wconf 86' lang='lat' dir='ltr'><strong>ipso</strong></span> <span class='ocrx_word' id='word_1_39' title='bbox 773 733 945 801; x_wconf 83' lang='lat' dir='ltr'><strong>certamine</strong></span> <span class='ocrx_word' id='word_1_40' title='bbox 974 747 1007 802; x_wconf 88' lang='lat' dir='ltr'><strong>et</strong></span> <span class='ocrx_word' id='word_1_41' title='bbox 1030 750 1103 826; x_wconf 89' lang='lat' dir='ltr'><strong>post</strong></span> <span class='ocrx_word' id='word_1_42' title='bbox 1121 739 1155 807; x_wconf 89' lang='lat' dir='ltr'><strong>in</strong></span> 
     </span>
     <span class='ocr_line' id='line_1_6' title="bbox 55 837 1190 932; baseline -0.001 -26"><span class='ocrx_word' id='word_1_43' title='bbox 55 841 133 930; x_wconf 80' lang='lat' dir='ltr'><strong>fuga</strong></span> <span class='ocrx_word' id='word_1_44' title='bbox 155 838 248 920; x_wconf 84' lang='lat' dir='ltr'><strong>caesi,</strong></span> <span class='ocrx_word' id='word_1_45' title='bbox 270 837 364 905; x_wconf 86' lang='lat' dir='ltr'><strong>ceteri</strong></span> <span class='ocrx_word' id='word_1_46' title='bbox 385 837 543 905; x_wconf 85' lang='lat' dir='ltr'><strong>incastris</strong></span> <span class='ocrx_word' id='word_1_47' title='bbox 565 862 648 928; x_wconf 86' lang='lat' dir='ltr'><strong>quac</strong></span> <span class='ocrx_word' id='word_1_48' title='bbox 672 850 765 930; x_wconf 83' lang='lat' dir='ltr'><strong>capta</strong></span> <span class='ocrx_word' id='word_1_49' title='bbox 787 839 903 908; x_wconf 87' lang='lat' dir='ltr'><strong>eodem</strong></span> <span class='ocrx_word' id='word_1_50' title='bbox 923 840 1046 932; x_wconf 86' lang='lat' dir='ltr'><strong>impetu</strong></span> <span class='ocrx_word' id='word_1_51' title='bbox 1066 850 1190 909; x_wconf 75' lang='lat' dir='ltr'><strong>suntzt</strong></span> 
     </span>
     <span class='ocr_line' id='line_1_7' title="bbox 55 941 653 1032; baseline 0.005 -24"><span class='ocrx_word' id='word_1_52' title='bbox 55 943 166 1032; x_wconf 91' lang='lat' dir='ltr'><strong>plures</strong></span> <span class='ocrx_word' id='word_1_53' title='bbox 188 956 296 1010; x_wconf 87' lang='lat' dir='ltr'><strong>tamen</strong></span> <span class='ocrx_word' id='word_1_54' title='bbox 318 941 403 1032; x_wconf 84' lang='lat' dir='ltr'><strong>capti</strong></span> <span class='ocrx_word' id='word_1_55' title='bbox 425 966 524 1031; x_wconf 87' lang='lat' dir='ltr'><strong>quam</strong></span> <span class='ocrx_word' id='word_1_56' title='bbox 545 943 653 1011; x_wconf 87' lang='lat' dir='ltr'><strong>occisi.</strong></span> 
     </span>
    </p>

    <p class='ocr_par' dir='ltr' id='par_1_4' title="bbox 50 1044 1204 1558">
     <span class='ocr_line' id='line_1_8' title="bbox 144 1044 1158 1143; baseline 0 -29"><span class='ocrx_word' id='word_1_57' title='bbox 144 1047 249 1115; x_wconf 89' lang='lat' dir='ltr'>XXV.</span> <span class='ocrx_word' id='word_1_58' title='bbox 274 1046 357 1143; x_wconf 36' lang='lat' dir='ltr'><strong>‚Uti</strong></span> <span class='ocrx_word' id='word_1_59' title='bbox 378 1044 411 1112; x_wconf 91' lang='lat' dir='ltr'><strong>in</strong></span> <span class='ocrx_word' id='word_1_60' title='bbox 432 1048 635 1115; x_wconf 83' lang='lat' dir='ltr'><strong>recensendis</strong></span> <span class='ocrx_word' id='word_1_61' title='bbox 657 1047 790 1139; x_wconf 84' lang='lat' dir='ltr'><strong>captivis</strong></span> <span class='ocrx_word' id='word_1_62' title='bbox 812 1071 887 1115; x_wconf 89' lang='lat' dir='ltr'><strong>cnm</strong></span> <span class='ocrx_word' id='word_1_63' title='bbox 910 1046 1084 1116; x_wconf 83' lang='lat' dir='ltr'><strong>Tusculani</strong></span> <span class='ocrx_word' id='word_1_64' title='bbox 1105 1047 1158 1114; x_wconf 86' lang='lat' dir='ltr'><strong>ali·</strong></span> 
     </span>
     <span class='ocr_line' id='line_1_9' title="bbox 53 1149 1158 1241; baseline 0.003 -25"><span class='ocrx_word' id='word_1_65' title='bbox 53 1161 136 1241; x_wconf 84' lang='lat' dir='ltr'><strong>quot</strong></span> <span class='ocrx_word' id='word_1_66' title='bbox 156 1149 401 1232; x_wconf 81' lang='lat' dir='ltr'><strong>noscitarentur,</strong></span> <span class='ocrx_word' id='word_1_67' title='bbox 428 1152 543 1218; x_wconf 85' lang='lat' dir='ltr'><strong>secreti</strong></span> <span class='ocrx_word' id='word_1_68' title='bbox 566 1152 605 1218; x_wconf 89' lang='lat' dir='ltr'><strong>ab</strong></span> <span class='ocrx_word' id='word_1_69' title='bbox 628 1153 696 1220; x_wconf 83' lang='lat' dir='ltr'><strong>aliis</strong></span> <span class='ocrx_word' id='word_1_70' title='bbox 719 1154 760 1220; x_wconf 87' lang='lat' dir='ltr'><strong>ad</strong></span> <span class='ocrx_word' id='word_1_71' title='bbox 782 1153 926 1220; x_wconf 86' lang='lat' dir='ltr'><strong>tribunos</strong></span> <span class='ocrx_word' id='word_1_72' title='bbox 949 1152 1158 1237; x_wconf 89' lang='lat' dir='ltr'><strong>adducuntur,</strong></span> 
     </span>
     <span class='ocr_line' id='line_1_10' title="bbox 51 1254 1155 1345; baseline 0.004 -25"><span class='ocrx_word' id='word_1_73' title='bbox 51 1254 375 1345; x_wconf 81' lang='lat' dir='ltr'><strong>percontantibusque</strong></span> <span class='ocrx_word' id='word_1_74' title='bbox 398 1254 473 1322; x_wconf 86' lang='lat' dir='ltr'><strong>fassi</strong></span> <span class='ocrx_word' id='word_1_75' title='bbox 495 1256 625 1345; x_wconf 86' lang='lat' dir='ltr'><strong>publico</strong></span> <span class='ocrx_word' id='word_1_76' title='bbox 648 1256 839 1326; x_wconf 87' lang='lat' dir='ltr'><strong>consiliose</strong></span> <span class='ocrx_word' id='word_1_77' title='bbox 865 1256 1028 1324; x_wconf 82' lang='lat' dir='ltr'><strong>militasse.</strong></span> <span class='ocrx_word' id='word_1_78' title='bbox 1065 1257 1155 1324; x_wconf 88' lang='lat' dir='ltr'><strong>cuins</strong></span> 
     </span>
     <span class='ocr_line' id='line_1_11' title="bbox 50 1343 1204 1452; baseline 0.001 -28"><span class='ocrx_word' id='word_1_79' title='bbox 50 1369 118 1424; x_wconf 87' lang='lat' dir='ltr'><strong>tam</strong></span> <span class='ocrx_word' id='word_1_80' title='bbox 138 1343 234 1426; x_wconf 77' lang='lat' dir='ltr'><strong>vicini</strong></span> <span class='ocrx_word' id='word_1_81' title='bbox 255 1359 331 1426; x_wconf 89' lang='lat' dir='ltr'><strong>belli</strong></span> <span class='ocrx_word' id='word_1_82' title='bbox 350 1371 443 1426; x_wconf 90' lang='lat' dir='ltr'><strong>metu</strong></span> <span class='ocrx_word' id='word_1_83' title='bbox 464 1359 618 1428; x_wconf 85' lang='lat' dir='ltr'><strong>Camillus</strong></span> <span class='ocrx_word' id='word_1_84' title='bbox 638 1371 745 1430; x_wconf 87' lang='lat' dir='ltr'><strong>motus</strong></span> <span class='ocrx_word' id='word_1_85' title='bbox 768 1361 931 1452; x_wconf 83' lang='lat' dir='ltr'><strong>extemplo</strong></span> <span class='ocrx_word' id='word_1_86' title='bbox 959 1384 995 1429; x_wconf 91' lang='lat' dir='ltr'><strong>se</strong></span> <span class='ocrx_word' id='word_1_87' title='bbox 1016 1361 1154 1430; x_wconf 81' lang='lat' dir='ltr'><strong>Romam</strong></span> <span class='ocrx_word' id='word_1_88' title='bbox 1168 1370 1204 1425; x_wconf 81' lang='lat'><strong>¹⁰</strong></span> 
     </span>
     <span class='ocr_line' id='line_1_12' title="bbox 51 1462 1153 1558; baseline 0.005 -29"><span class='ocrx_word' id='word_1_89' title='bbox 51 1462 195 1554; x_wconf 82' lang='lat' dir='ltr'><strong>captivos</strong></span> <span class='ocrx_word' id='word_1_90' title='bbox 217 1463 388 1532; x_wconf 87' lang='lat' dir='ltr'><strong>ducturum</strong></span> <span class='ocrx_word' id='word_1_91' title='bbox 409 1463 467 1549; x_wconf 88' lang='lat' dir='ltr'><strong>ait,</strong></span> <span class='ocrx_word' id='word_1_92' title='bbox 493 1488 536 1534; x_wconf 92' lang='lat' dir='ltr'><strong>ne</strong></span> <span class='ocrx_word' id='word_1_93' title='bbox 556 1476 665 1558; x_wconf 86' lang='lat' dir='ltr'><strong>patres</strong></span> <span class='ocrx_word' id='word_1_94' title='bbox 686 1466 785 1557; x_wconf 83' lang='lat' dir='ltr'><strong>ignari</strong></span> <span class='ocrx_word' id='word_1_95' title='bbox 805 1467 870 1535; x_wconf 90' lang='lat' dir='ltr'><strong>sint</strong></span> <span class='ocrx_word' id='word_1_96' title='bbox 890 1466 1090 1535; x_wconf 81' lang='lat' dir='ltr'><strong>Tusculanos</strong></span> <span class='ocrx_word' id='word_1_97' title='bbox 1112 1466 1153 1535; x_wconf 86' lang='lat' dir='ltr'><strong>ab</strong></span> 
     </span>
    </p>
   </div>
   <div class='ocr_carea' id='block_1_3' title="bbox 63 1684 568 2021">
    <p class='ocr_par' dir='ltr' id='par_1_5' title="bbox 113 1684 568 1914">
     <span class='ocr_line' id='line_1_13' title="bbox 120 1684 567 1761; baseline 0.011 -22"><span class='ocrx_word' id='word_1_98' title='bbox 120 1684 252 1761; x_wconf 81' lang='lat' dir='ltr'><strong>scriptum</strong></span> <span class='ocrx_word' id='word_1_99' title='bbox 280 1693 338 1740; x_wconf 89' lang='lat' dir='ltr'><strong>erat</strong></span> <span class='ocrx_word' id='word_1_100' title='bbox 371 1685 567 1756; x_wconf 81' lang='lat' dir='ltr'><strong>remittuntur,</strong></span> 
     </span>
     <span class='ocr_line' id='line_1_14' title="bbox 113 1770 568 1830; baseline 0 0"><span class='ocrx_word' id='word_1_101' title='bbox 113 1770 171 1830; x_wconf 74' lang='lat' dir='ltr'><strong>sed</strong></span> <span class='ocrx_word' id='word_1_102' title='bbox 181 1771 274 1828; x_wconf 84' lang='lat' dir='ltr'><strong>eadem</strong></span> <span class='ocrx_word' id='word_1_103' title='bbox 283 1791 318 1829; x_wconf 89' lang='lat' dir='ltr'><strong>rn.</strong></span> <span class='ocrx_word' id='word_1_104' title='bbox 331 1771 355 1828; x_wconf 90' lang='lat'><strong>1.</strong></span> <span class='ocrx_word' id='word_1_105' title='bbox 365 1773 517 1830; x_wconf 86' lang='lat' dir='ltr'><strong>restitutum</strong></span> <span class='ocrx_word' id='word_1_106' title='bbox 525 1781 568 1830; x_wconf 86' lang='lat' dir='ltr'><strong>cst</strong></span> 
     </span>
     <span class='ocr_line' id='line_1_15' title="bbox 121 1859 288 1914; baseline 0 0"><span class='ocrx_word' id='word_1_107' title='bbox 121 1859 288 1914; x_wconf 80' lang='lat' dir='ltr'><strong>remittitur.</strong></span> 
     </span>
    </p>

    <p class='ocr_par' dir='ltr' id='par_1_6' title="bbox 63 1943 567 2021">
     <span class='ocr_line' id='line_1_16' title="bbox 63 1943 567 2021; baseline 0.004 -21"><span class='ocrx_word' id='word_1_108' title='bbox 63 1943 94 2003; x_wconf 73' lang='lat'><strong>2.</strong></span> <span class='ocrx_word' id='word_1_109' title='bbox 119 1945 215 2000; x_wconf 81' lang='lat' dir='ltr'><strong>sensit</strong></span> <span class='ocrx_word' id='word_1_110' title='bbox 234 1962 306 2021; x_wconf 82' lang='lat' dir='ltr'><strong>ergo</strong></span> <span class='ocrx_word' id='word_1_111' title='bbox 330 1952 454 2003; x_wconf 82' lang='lat' dir='ltr'><strong>euentus</strong></span> <span class='ocrx_word' id='word_1_112' title='bbox 475 1947 567 2002; x_wconf 74' lang='lat' dir='ltr'><strong>uictu·</strong></span> 
     </span>
    </p>
   </div>
   <div class='ocr_carea' id='block_1_4' title="bbox 706 1684 1155 2026">
    <p class='ocr_par' dir='ltr' id='par_1_7' title="bbox 706 1684 1155 2026">
     <span class='ocr_line' id='line_1_17' title="bbox 708 1684 1154 1768; baseline 0 -24"><span class='ocrx_word' id='word_1_113' title='bbox 708 1684 788 1744; x_wconf 82' lang='lat' dir='ltr'><strong>Livio</strong></span> <span class='ocrx_word' id='word_1_114' title='bbox 811 1687 951 1768; x_wconf 81' lang='lat' dir='ltr'><strong>prabatum</strong></span> <span class='ocrx_word' id='word_1_115' title='bbox 976 1706 1035 1744; x_wconf 89' lang='lat' dir='ltr'><strong>esse</strong></span> <span class='ocrx_word' id='word_1_116' title='bbox 1052 1696 1154 1764; x_wconf 79' lang='lat' dir='ltr'><strong>posset,</strong></span> 
     </span>
     <span class='ocr_line' id='line_1_18' title="bbox 707 1772 1155 1851; baseline 0 -21"><span class='ocrx_word' id='word_1_117' title='bbox 707 1772 847 1851; x_wconf 80' lang='lat' dir='ltr'><strong>neglegere</strong></span> <span class='ocrx_word' id='word_1_118' title='bbox 864 1773 983 1833; x_wconf 86' lang='lat' dir='ltr'><strong>voluisse</strong></span> <span class='ocrx_word' id='word_1_119' title='bbox 993 1773 1155 1841; x_wconf 82' lang='lat' dir='ltr'><strong>videremur,</strong></span> 
     </span>
     <span class='ocr_line' id='line_1_19' title="bbox 706 1859 1154 1938; baseline 0.004 -21"><span class='ocrx_word' id='word_1_120' title='bbox 706 1869 834 1918; x_wconf 78' lang='lat' dir='ltr'><strong>tamena</strong></span> <span class='ocrx_word' id='word_1_121' title='bbox 857 1859 935 1918; x_wconf 86' lang='lat' dir='ltr'><strong>Livio</strong></span> <span class='ocrx_word' id='word_1_122' title='bbox 962 1881 1069 1938; x_wconf 84' lang='lat' dir='ltr'><strong>semper</strong></span> <span class='ocrx_word' id='word_1_123' title='bbox 1087 1880 1154 1938; x_wconf 80' lang='lat' dir='ltr'><strong>per·</strong></span> 
     </span>
     <span class='ocr_line' id='line_1_20' title="bbox 707 1946 1155 2026; baseline -0.002 -24"><span class='ocrx_word' id='word_1_124' title='bbox 707 1951 842 2005; x_wconf 82' lang='lat' dir='ltr'><strong>cunctari</strong></span> <span class='ocrx_word' id='word_1_125' title='bbox 857 1950 987 2026; x_wconf 86' lang='lat' dir='ltr'><strong>scriptum</strong></span> <span class='ocrx_word' id='word_1_126' title='bbox 999 1968 1058 2004; x_wconf 80' lang='lat' dir='ltr'><strong>esce</strong></span> <span class='ocrx_word' id='word_1_127' title='bbox 1075 1946 1155 2004; x_wconf 86' lang='lat' dir='ltr'><strong>lacile</strong></span> 
     </span>
    </p>
   </div>
   <div class='ocr_carea' id='block_1_5' title="bbox 118 2030 566 2197">
    <p class='ocr_par' dir='ltr' id='par_1_8' title="bbox 118 2030 566 2197">
     <span class='ocr_line' id='line_1_21' title="bbox 120 2030 565 2105; baseline 0.009 -20"><span class='ocrx_word' id='word_1_128' title='bbox 120 2031 162 2088; x_wconf 84' lang='lat' dir='ltr'><strong>tis</strong></span> <span class='ocrx_word' id='word_1_129' title='bbox 179 2031 288 2087; x_wconf 76' lang='lat' dir='ltr'><strong>enixae</strong></span> <span class='ocrx_word' id='word_1_130' title='bbox 311 2049 412 2105; x_wconf 80' lang='lat' dir='ltr'><strong>opem.-</strong></span> <span class='ocrx_word' id='word_1_131' title='bbox 438 2030 487 2089; x_wconf 92' lang='grc' dir='ltr'><strong>ΡΜ</strong></span> <span class='ocrx_word' id='word_1_132' title='bbox 505 2032 565 2089; x_wconf 90' lang='lat' dir='ltr'><strong>ccd.</strong></span> 
     </span>
     <span class='ocr_line' id='line_1_22' title="bbox 118 2114 566 2197; baseline 0.013 -26"><span class='ocrx_word' id='word_1_133' title='bbox 118 2114 218 2190; x_wconf 84' lang='lat' dir='ltr'><strong>Rhem]</strong></span> <span class='ocrx_word' id='word_1_134' title='bbox 235 2119 321 2173; x_wconf 88' lang='lat' dir='ltr'><strong>sensit</strong></span> <span class='ocrx_word' id='word_1_135' title='bbox 332 2150 366 2160; x_wconf 93' lang='lat'><em>-</em></span> <span class='ocrx_word' id='word_1_136' title='bbox 376 2120 466 2191; x_wconf 84' lang='lat' dir='ltr'><strong>enisac</strong></span> <span class='ocrx_word' id='word_1_137' title='bbox 478 2139 566 2197; x_wconf 86' lang='lat' dir='ltr'><strong>opem.</strong></span> 
     </span>
    </p>
   </div>
   <div class='ocr_carea' id='block_1_6' title="bbox 119 2202 566 2369">
    <p class='ocr_par' dir='ltr' id='par_1_9' title="bbox 119 2202 566 2369">
     <span class='ocr_line' id='line_1_23' title="bbox 119 2202 566 2274; baseline 0.007 -14"><span class='ocrx_word' id='word_1_138' title='bbox 119 2202 164 2264; x_wconf 84' lang='lat' dir='ltr'><strong>Cf.</strong></span> <span class='ocrx_word' id='word_1_139' title='bbox 199 2207 231 2274; x_wconf 82' lang='lat'><strong>6,</strong></span> <span class='ocrx_word' id='word_1_140' title='bbox 268 2207 323 2263; x_wconf 68' lang='lat'><strong>12:</strong></span> <span class='ocrx_word' id='word_1_141' title='bbox 359 2207 494 2263; x_wconf 68' lang='lat' dir='ltr'><strong>clinicos.</strong></span> <span class='ocrx_word' id='word_1_142' title='bbox 531 2204 566 2264; x_wconf 83' lang='lat' dir='ltr'><strong>al.</strong></span> 
     </span>
     <span class='ocr_line' id='line_1_24' title="bbox 119 2278 565 2369; baseline 0.007 -21"><span class='ocrx_word' id='word_1_143' title='bbox 119 2278 565 2369; x_wconf 73' lang='lat' dir='ltr'><strong>Utrumquetambnscriptumesss</strong></span> 
     </span>
    </p>
   </div>
   <div class='ocr_carea' id='block_1_7' title="bbox 118 2381 589 2449">
    <p class='ocr_par' dir='ltr' id='par_1_10' title="bbox 118 2381 589 2449">
     <span class='ocr_line' id='line_1_25' title="bbox 118 2381 589 2449; baseline 0.002 -14"><span class='ocrx_word' id='word_1_144' title='bbox 118 2390 213 2435; x_wconf 87' lang='lat' dir='ltr'><strong>notum</strong></span> <span class='ocrx_word' id='word_1_145' title='bbox 231 2390 285 2436; x_wconf 89' lang='lat' dir='ltr'><strong>est:</strong></span> <span class='ocrx_word' id='word_1_146' title='bbox 304 2383 345 2436; x_wconf 87' lang='lat' dir='ltr'><strong>sic</strong></span> <span class='ocrx_word' id='word_1_147' title='bbox 363 2382 435 2437; x_wconf 91' lang='lat' dir='ltr'><strong>enim</strong></span> <span class='ocrx_word' id='word_1_148' title='bbox 452 2383 501 2449; x_wconf 82' lang='lat'><strong>30,</strong></span> <span class='ocrx_word' id='word_1_149' title='bbox 519 2381 564 2441; x_wconf 74' lang='lat' dir='ltr'><strong>ct.</strong></span> <span class='ocrx_word' id='word_1_150' title='bbox 587 2394 589 2399; x_wconf 81' lang='grc'>’</span> 
     </span>
    </p>
   </div>
   <div class='ocr_carea' id='block_1_8' title="bbox 100 2466 566 2871">
    <p class='ocr_par' dir='ltr' id='par_1_11' title="bbox 100 2466 566 2871">
     <span class='ocr_line' id='line_1_26' title="bbox 117 2466 564 2545; baseline 0.004 -23"><span class='ocrx_word' id='word_1_151' title='bbox 117 2469 146 2523; x_wconf 87' lang='lat' dir='ltr'><strong>ln</strong></span> <span class='ocrx_word' id='word_1_152' title='bbox 164 2466 223 2525; x_wconf 86' lang='lat' dir='ltr'><strong>Put.</strong></span> <span class='ocrx_word' id='word_1_153' title='bbox 241 2469 374 2545; x_wconf 86' lang='lat' dir='ltr'><strong>reperitur</strong></span> <span class='ocrx_word' id='word_1_154' title='bbox 390 2470 501 2536; x_wconf 74' lang='lat' dir='ltr'><strong>enisus,</strong></span> <span class='ocrx_word' id='word_1_155' title='bbox 519 2468 564 2535; x_wconf 70' lang='lat'><strong>29,</strong></span> 
     </span>
     <span class='ocr_line' id='line_1_27' title="bbox 119 2552 564 2613; baseline 0.004 -4"><span class='ocrx_word' id='word_1_156' title='bbox 119 2555 161 2613; x_wconf 83' lang='lat'><strong>15.</strong></span> <span class='ocrx_word' id='word_1_157' title='bbox 183 2555 338 2612; x_wconf 79' lang='lat' dir='ltr'><strong>enisurcs:</strong></span> <span class='ocrx_word' id='word_1_158' title='bbox 365 2552 398 2613; x_wconf 85' lang='lat' dir='ltr'><strong>al.</strong></span> <span class='ocrx_word' id='word_1_159' title='bbox 425 2585 460 2596; x_wconf 91' lang='lat'><em>-</em></span> <span class='ocrx_word' id='word_1_160' title='bbox 486 2554 518 2611; x_wconf 92' lang='lat' dir='ltr'><strong>ln</strong></span> <span class='ocrx_word' id='word_1_161' title='bbox 541 2553 564 2610; x_wconf 90' lang='lat' dir='ltr'><strong>P</strong></span> 
     </span>
     <span class='ocr_line' id='line_1_28' title="bbox 116 2640 566 2718; baseline 0.002 -21"><span class='ocrx_word' id='word_1_162' title='bbox 116 2643 310 2718; x_wconf 83' lang='lat' dir='ltr'><strong>scriptumest</strong></span> <span class='ocrx_word' id='word_1_163' title='bbox 332 2643 429 2701; x_wconf 77' lang='lat' dir='ltr'><strong>enixe.</strong></span> <span class='ocrx_word' id='word_1_164' title='bbox 452 2674 488 2685; x_wconf 91' lang='lat'><em>-</em></span> <span class='ocrx_word' id='word_1_165' title='bbox 515 2640 566 2698; x_wconf 91' lang='grc' dir='ltr'><strong>ΡΜ</strong></span> 
     </span>
     <span class='ocr_line' id='line_1_29' title="bbox 100 2727 566 2804; baseline 0.004 -22"><span class='ocrx_word' id='word_1_166' title='bbox 100 2727 179 2786; x_wconf 79' lang='lat' dir='ltr'><strong>cod.</strong></span> <span class='ocrx_word' id='word_1_167' title='bbox 205 2728 306 2786; x_wconf 73' lang='lat' dir='ltr'><strong>Rhene</strong></span> <span class='ocrx_word' id='word_1_168' title='bbox 337 2738 364 2784; x_wconf 90' lang='lat' dir='ltr'><strong>et</strong></span> <span class='ocrx_word' id='word_1_169' title='bbox 389 2727 477 2785; x_wconf 88' lang='lat' dir='ltr'><strong>uolsci</strong></span> <span class='ocrx_word' id='word_1_170' title='bbox 504 2747 566 2804; x_wconf 78' lang='lat' dir='ltr'><strong>qua</strong></span> 
     </span>
     <span class='ocr_line' id='line_1_30' title="bbox 116 2813 566 2871; baseline 0 -1"><span class='ocrx_word' id='word_1_171' title='bbox 116 2814 199 2870; x_wconf 87' lang='lat' dir='ltr'><strong>modo</strong></span> <span class='ocrx_word' id='word_1_172' title='bbox 212 2813 336 2871; x_wconf 85' lang='lat' dir='ltr'><strong>simulato</strong></span> <span class='ocrx_word' id='word_1_173' title='bbox 345 2822 419 2870; x_wconf 83' lang='lat' dir='ltr'><strong>metu</strong></span> <span class='ocrx_word' id='word_1_174' title='bbox 431 2823 566 2870; x_wconf 85' lang='lat' dir='ltr'><strong>cesserant</strong></span> 
     </span>
    </p>
   </div>
   <div class='ocr_carea' id='block_1_9' title="bbox 119 2880 567 2970">
    <p class='ocr_par' dir='ltr' id='par_1_12' title="bbox 119 2880 567 2970">
     <span class='ocr_line' id='line_1_31' title="bbox 119 2880 567 2970; baseline 0.004 -12"><span class='ocrx_word' id='word_1_175' title='bbox 119 2921 157 2958; x_wconf 85' lang='lat' dir='ltr'><strong>ec</strong></span> <span class='ocrx_word' id='word_1_176' title='bbox 175 2909 226 2958; x_wconf 90' lang='lat' dir='ltr'><strong>cet.</strong></span> <span class='ocrx_word' id='word_1_177' title='bbox 257 2896 301 2960; x_wconf 82' lang='lat' dir='ltr'><strong>Cf.</strong></span> <span class='ocrx_word' id='word_1_178' title='bbox 319 2902 345 2970; x_wconf 87' lang='lat'><strong>5,</strong></span> <span class='ocrx_word' id='word_1_179' title='bbox 362 2902 406 2958; x_wconf 73' lang='lat'><strong>43.</strong></span> <span class='ocrx_word' id='word_1_180' title='bbox 425 2880 514 2969; x_wconf 39' lang='lat' dir='ltr'><strong>d‚‘39.</strong></span> <span class='ocrx_word' id='word_1_181' title='bbox 532 2899 567 2960; x_wconf 85' lang='lat' dir='ltr'><strong>al.</strong></span> 
     </span>
    </p>
   </div>
   <div class='ocr_carea' id='block_1_10' title="bbox 705 2028 1209 2546">
    <p class='ocr_par' dir='ltr' id='par_1_13' title="bbox 705 2028 1209 2546">
     <span class='ocr_line' id='line_1_32' title="bbox 709 2028 1155 2110; baseline -0.004 -22"><span class='ocrx_word' id='word_1_182' title='bbox 709 2032 886 2090; x_wconf 85' lang='lat' dir='ltr'><strong>crediderim:</strong></span> <span class='ocrx_word' id='word_1_183' title='bbox 904 2052 958 2090; x_wconf 90' lang='lat' dir='ltr'><strong>non</strong></span> <span class='ocrx_word' id='word_1_184' title='bbox 970 2041 1024 2090; x_wconf 84' lang='lat' dir='ltr'><strong>tam</strong></span> <span class='ocrx_word' id='word_1_185' title='bbox 1038 2029 1110 2110; x_wconf 83' lang='lat' dir='ltr'><strong>qnod</strong></span> <span class='ocrx_word' id='word_1_186' title='bbox 1125 2028 1155 2087; x_wconf 88' lang='lat' dir='ltr'><strong>id</strong></span> 
     </span>
     <span class='ocr_line' id='line_1_33' title="bbox 710 2118 1154 2177; baseline -0.002 -2"><span class='ocrx_word' id='word_1_187' title='bbox 710 2121 791 2176; x_wconf 82' lang='lat' dir='ltr'><strong>etiam</strong></span> <span class='ocrx_word' id='word_1_188' title='bbox 808 2121 837 2176; x_wconf 88' lang='lat' dir='ltr'><strong>in</strong></span> <span class='ocrx_word' id='word_1_189' title='bbox 849 2118 898 2176; x_wconf 89' lang='grc' dir='ltr'><strong>ΡΜ</strong></span> <span class='ocrx_word' id='word_1_190' title='bbox 916 2119 989 2177; x_wconf 89' lang='lat' dir='ltr'><strong>baud</strong></span> <span class='ocrx_word' id='word_1_191' title='bbox 1002 2139 1063 2175; x_wconf 83' lang='lat' dir='ltr'><strong>raro</strong></span> <span class='ocrx_word' id='word_1_192' title='bbox 1081 2137 1154 2175; x_wconf 84' lang='lat' dir='ltr'><strong>rece·</strong></span> 
     </span>
     <span class='ocr_line' id='line_1_34' title="bbox 707 2206 1154 2284; baseline -0.004 -21"><span class='ocrx_word' id='word_1_193' title='bbox 707 2215 785 2284; x_wconf 82' lang='lat' dir='ltr'><strong>ptum</strong></span> <span class='ocrx_word' id='word_1_194' title='bbox 797 2217 839 2263; x_wconf 86' lang='lat' dir='ltr'><strong>est</strong></span> <span class='ocrx_word' id='word_1_195' title='bbox 858 2211 915 2278; x_wconf 90' lang='lat' dir='ltr'><strong>(ex.</strong></span> <span class='ocrx_word' id='word_1_196' title='bbox 928 2227 967 2282; x_wconf 77' lang='lat' dir='ltr'><strong>gr.</strong></span> <span class='ocrx_word' id='word_1_197' title='bbox 978 2210 1005 2276; x_wconf 64' lang='grc' dir='ltr'><strong>Μ,</strong></span> <span class='ocrx_word' id='word_1_198' title='bbox 1014 2209 1058 2267; x_wconf 74' lang='lat'><strong>28.</strong></span> <span class='ocrx_word' id='word_1_199' title='bbox 1069 2207 1098 2272; x_wconf 79' lang='lat'><strong>5,</strong></span> <span class='ocrx_word' id='word_1_200' title='bbox 1109 2206 1154 2262; x_wconf 76' lang='lat'><strong>32.</strong></span> 
     </span>
     <span class='ocr_line' id='line_1_35' title="bbox 707 2291 1209 2372; baseline 0 -23"><span class='ocrx_word' id='word_1_201' title='bbox 707 2292 775 2362; x_wconf 84' lang='lat' dir='ltr'><strong>al),</strong></span> <span class='ocrx_word' id='word_1_202' title='bbox 798 2315 877 2372; x_wconf 84' lang='lat' dir='ltr'><strong>quarn</strong></span> <span class='ocrx_word' id='word_1_203' title='bbox 895 2292 969 2371; x_wconf 86' lang='lat' dir='ltr'><strong>qnod</strong></span> <span class='ocrx_word' id='word_1_204' title='bbox 990 2291 1037 2351; x_wconf 87' lang='lat' dir='ltr'><strong>ubi</strong></span> <span class='ocrx_word' id='word_1_205' title='bbox 1054 2296 1083 2351; x_wconf 86' lang='lat' dir='ltr'><strong>in</strong></span> <span class='ocrx_word' id='word_1_206' title='bbox 1101 2292 1154 2350; x_wconf 85' lang='lat' dir='ltr'><strong>Pa·</strong></span> <span class='ocrx_word' id='word_1_207' title='bbox 1200 2355 1209 2367; x_wconf 89' lang='lat'><strong>.</strong></span> 
     </span>
     <span class='ocr_line' id='line_1_36' title="bbox 705 2381 1155 2458; baseline -0.004 -19"><span class='ocrx_word' id='word_1_208' title='bbox 705 2387 786 2439; x_wconf 77' lang='lat' dir='ltr'><strong>teano</strong></span> <span class='ocrx_word' id='word_1_209' title='bbox 816 2381 1003 2458; x_wconf 79' lang='lat' dir='ltr'><strong>antiquissimo</strong></span> <span class='ocrx_word' id='word_1_210' title='bbox 1030 2400 1155 2457; x_wconf 78' lang='lat' dir='ltr'><strong>percurr-</strong></span> 
     </span>
     <span class='ocr_line' id='line_1_37' title="bbox 706 2466 1154 2546; baseline 0.002 -21"><span class='ocrx_word' id='word_1_211' title='bbox 706 2470 785 2525; x_wconf 81' lang='lat' dir='ltr'><strong>ctari</strong></span> <span class='ocrx_word' id='word_1_212' title='bbox 798 2479 847 2537; x_wconf 83' lang='lat' dir='ltr'><strong>est,</strong></span> <span class='ocrx_word' id='word_1_213' title='bbox 864 2467 1023 2546; x_wconf 86' lang='lat' dir='ltr'><strong>plerumque</strong></span> <span class='ocrx_word' id='word_1_214' title='bbox 1035 2470 1063 2526; x_wconf 93' lang='lat' dir='ltr'><strong>in</strong></span> <span class='ocrx_word' id='word_1_215' title='bbox 1074 2466 1154 2526; x_wconf 85' lang='lat' dir='ltr'><strong>Colb.</strong></span> 
     </span>
    </p>
   </div>
   <div class='ocr_carea' id='block_1_11' title="bbox 706 2553 1242 2633">
    <p class='ocr_par' dir='ltr' id='par_1_14' title="bbox 706 2553 1242 2633">
     <span class='ocr_line' id='line_1_38' title="bbox 706 2553 1242 2633; baseline 0.004 -22"><span class='ocrx_word' id='word_1_216' title='bbox 706 2553 821 2633; x_wconf 82' lang='lat' dir='ltr'><strong>aliisque</strong></span> <span class='ocrx_word' id='word_1_217' title='bbox 831 2554 910 2613; x_wconf 85' lang='lat' dir='ltr'><strong>libris</strong></span> <span class='ocrx_word' id='word_1_218' title='bbox 924 2556 1099 2632; x_wconf 73' lang='lat' dir='ltr'><strong>percuntari</strong></span> <span class='ocrx_word' id='word_1_219' title='bbox 1113 2575 1155 2613; x_wconf 80' lang='lat' dir='ltr'><strong>re·</strong></span> <span class='ocrx_word' id='word_1_220' title='bbox 1236 2554 1242 2565; x_wconf 92' lang='lat'><em>&#39;</em></span> 
     </span>
    </p>
   </div>
   <div class='ocr_carea' id='block_1_12' title="bbox 707 2642 1155 2721">
    <p class='ocr_par' dir='ltr' id='par_1_15' title="bbox 707 2642 1155 2721">
     <span class='ocr_line' id='line_1_39' title="bbox 707 2642 1155 2721; baseline -0.002 -23"><span class='ocrx_word' id='word_1_221' title='bbox 707 2644 825 2721; x_wconf 83' lang='lat' dir='ltr'><strong>peritur,</strong></span> <span class='ocrx_word' id='word_1_222' title='bbox 842 2643 915 2701; x_wconf 87' lang='lat' dir='ltr'><strong>unde</strong></span> <span class='ocrx_word' id='word_1_223' title='bbox 930 2645 1102 2718; x_wconf 81' lang='lat' dir='ltr'><strong>percontari</strong></span> <span class='ocrx_word' id='word_1_224' title='bbox 1118 2642 1155 2698; x_wconf 82' lang='lat' dir='ltr'><strong>lc·</strong></span> 
     </span>
    </p>
   </div>
   <div class='ocr_carea' id='block_1_13' title="bbox 707 2726 1155 2889">
    <p class='ocr_par' dir='ltr' id='par_1_16' title="bbox 707 2726 1155 2889">
     <span class='ocr_line' id='line_1_40' title="bbox 707 2726 1155 2805; baseline 0 -21"><span class='ocrx_word' id='word_1_225' title='bbox 707 2726 759 2784; x_wconf 86' lang='lat' dir='ltr'><strong>cilc</strong></span> <span class='ocrx_word' id='word_1_226' title='bbox 776 2732 852 2786; x_wconf 77' lang='lat' dir='ltr'><strong>nasci</strong></span> <span class='ocrx_word' id='word_1_227' title='bbox 869 2733 996 2805; x_wconf 83' lang='lat' dir='ltr'><strong>potuerit.</strong></span> <span class='ocrx_word' id='word_1_228' title='bbox 1014 2729 1049 2787; x_wconf 84' lang='lat' dir='ltr'><strong>cl.</strong></span> <span class='ocrx_word' id='word_1_229' title='bbox 1066 2730 1111 2796; x_wconf 69' lang='lat'><strong>92,</strong></span> <span class='ocrx_word' id='word_1_230' title='bbox 1128 2731 1155 2784; x_wconf 90' lang='lat'><strong>7.</strong></span> 
     </span>
     <span class='ocr_line' id='line_1_41' title="bbox 708 2813 1155 2889; baseline 0.002 -20"><span class='ocrx_word' id='word_1_231' title='bbox 708 2813 743 2872; x_wconf 83' lang='lat' dir='ltr'><strong>al.</strong></span> <span class='ocrx_word' id='word_1_232' title='bbox 772 2845 807 2856; x_wconf 93' lang='lat'>-</span> <span class='ocrx_word' id='word_1_233' title='bbox 836 2814 900 2871; x_wconf 85' lang='lat' dir='ltr'><strong>Pll:</strong></span> <span class='ocrx_word' id='word_1_234' title='bbox 920 2814 1011 2886; x_wconf 84' lang='lat' dir='ltr'><strong>sassi</strong></span> <span class='ocrx_word' id='word_1_235' title='bbox 1035 2814 1155 2889; x_wconf 81' lang='lat' dir='ltr'><strong>publico</strong></span> 
     </span>
    </p>
   </div>
   <div class='ocr_carea' id='block_1_14' title="bbox 696 2894 1155 2984">
    <p class='ocr_par' dir='ltr' id='par_1_17' title="bbox 696 2894 1155 2984">
     <span class='ocr_line' id='line_1_42' title="bbox 696 2894 1155 2984; baseline 0 -30"><span class='ocrx_word' id='word_1_236' title='bbox 696 2895 873 2984; x_wconf 34' lang='lat' dir='ltr'><strong>&#39;consiliose</strong></span> <span class='ocrx_word' id='word_1_237' title='bbox 880 2903 1032 2958; x_wconf 82' lang='lat' dir='ltr'><strong>militasse.</strong></span> <span class='ocrx_word' id='word_1_238' title='bbox 1042 2894 1155 2957; x_wconf 70' lang='lat' dir='ltr'><strong>Leidaa</strong></span> 
     </span>
    </p>
   </div>
   <div class='ocr_carea' id='block_1_15' title="bbox 706 2983 1155 3136">
    <p class='ocr_par' dir='ltr' id='par_1_18' title="bbox 706 2983 1155 3136">
     <span class='ocr_line' id='line_1_43' title="bbox 706 2983 1155 3062; baseline 0.007 -22"><span class='ocrx_word' id='word_1_239' title='bbox 706 2983 812 3046; x_wconf 83' lang='lat' dir='ltr'><strong>fassit.</strong></span> <span class='ocrx_word' id='word_1_240' title='bbox 841 2986 969 3046; x_wconf 70' lang='lat' dir='ltr'><strong>Hatera:</strong></span> <span class='ocrx_word' id='word_1_241' title='bbox 992 3005 1023 3043; x_wconf 81' lang='lat' dir='ltr'><strong>sc</strong></span> <span class='ocrx_word' id='word_1_242' title='bbox 1044 2983 1155 3062; x_wconf 82' lang='lat' dir='ltr'><strong>publico</strong></span> 
     </span>
     <span class='ocr_line' id='line_1_44' title="bbox 707 3068 1155 3136; baseline 0.016 -7"><span class='ocrx_word' id='word_1_243' title='bbox 707 3072 963 3132; x_wconf 84' lang='lat' dir='ltr'><strong>consiliamilitaese.</strong></span> <span class='ocrx_word' id='word_1_244' title='bbox 975 3068 1007 3133; x_wconf 88' lang='lat' dir='ltr'><strong>ln</strong></span> <span class='ocrx_word' id='word_1_245' title='bbox 1016 3072 1076 3134; x_wconf 79' lang='lat' dir='ltr'><strong>eliis</strong></span> <span class='ocrx_word' id='word_1_246' title='bbox 1084 3093 1155 3136; x_wconf 81' lang='lat' dir='ltr'><strong>cccc.</strong></span> 
     </span>
    </p>
   </div>
   <div class='ocr_carea' id='block_1_16' title="bbox 66 2985 1218 4112">
    <p class='ocr_par' dir='ltr' id='par_1_19' title="bbox 118 2985 542 3066">
     <span class='ocr_line' id='line_1_45' title="bbox 118 2985 542 3066; baseline 0.005 -22"><span class='ocrx_word' id='word_1_247' title='bbox 118 3018 154 3030; x_wconf 87' lang='lat'>-</span> <span class='ocrx_word' id='word_1_248' title='bbox 171 2985 200 3044; x_wconf 94' lang='grc' dir='ltr'><strong>Μ</strong></span> <span class='ocrx_word' id='word_1_249' title='bbox 217 3010 252 3048; x_wconf 93' lang='lat' dir='ltr'><strong>m.</strong></span> <span class='ocrx_word' id='word_1_250' title='bbox 272 2991 311 3048; x_wconf 78' lang='lat'><strong>1.:</strong></span> <span class='ocrx_word' id='word_1_251' title='bbox 328 3007 453 3064; x_wconf 80' lang='lat' dir='ltr'><strong>magnam</strong></span> <span class='ocrx_word' id='word_1_252' title='bbox 469 3006 542 3066; x_wconf 82' lang='lat' dir='ltr'><strong>pars.</strong></span> 
     </span>
    </p>

    <p class='ocr_par' dir='ltr' id='par_1_20' title="bbox 66 3075 566 3150">
     <span class='ocr_line' id='line_1_46' title="bbox 66 3075 566 3150; baseline 0 -20"><span class='ocrx_word' id='word_1_253' title='bbox 66 3075 92 3132; x_wconf 83' lang='lat'><strong>7.</strong></span> <span class='ocrx_word' id='word_1_254' title='bbox 118 3075 170 3132; x_wconf 73' lang='lat' dir='ltr'><strong>cta·</strong></span> <span class='ocrx_word' id='word_1_255' title='bbox 180 3077 215 3132; x_wconf 80' lang='lat' dir='ltr'><strong>in</strong></span> <span class='ocrx_word' id='word_1_256' title='bbox 223 3076 414 3133; x_wconf 82' lang='lat' dir='ltr'><strong>recensendis</strong></span> <span class='ocrx_word' id='word_1_257' title='bbox 422 3076 566 3150; x_wconf 78' lang='lat' dir='ltr'><strong>captiuisc</strong></span> 
     </span>
    </p>

    <p class='ocr_par' dir='ltr' id='par_1_21' title="bbox 91 3159 565 3484">
     <span class='ocr_line' id='line_1_47' title="bbox 91 3159 565 3237; baseline 0.008 -19"><span class='ocrx_word' id='word_1_258' title='bbox 91 3190 98 3210; x_wconf 66' lang='lat' dir='ltr'><strong>r</strong></span> <span class='ocrx_word' id='word_1_259' title='bbox 116 3159 145 3218; x_wconf 95' lang='grc' dir='ltr'><strong>Μ</strong></span> <span class='ocrx_word' id='word_1_260' title='bbox 163 3183 199 3221; x_wconf 91' lang='lat' dir='ltr'><strong>m.</strong></span> <span class='ocrx_word' id='word_1_261' title='bbox 217 3165 243 3224; x_wconf 74' lang='lat' dir='ltr'><strong>d.</strong></span> <span class='ocrx_word' id='word_1_262' title='bbox 260 3162 295 3219; x_wconf 90' lang='lat' dir='ltr'><strong>P:</strong></span> <span class='ocrx_word' id='word_1_263' title='bbox 318 3163 345 3222; x_wconf 92' lang='lat' dir='ltr'><strong>b.</strong></span> <span class='ocrx_word' id='word_1_264' title='bbox 369 3183 393 3222; x_wconf 87' lang='lat' dir='ltr'><strong>e.</strong></span> <span class='ocrx_word' id='word_1_265' title='bbox 417 3164 446 3219; x_wconf 90' lang='lat' dir='ltr'><strong>in</strong></span> <span class='ocrx_word' id='word_1_266' title='bbox 466 3161 565 3237; x_wconf 70' lang='lat' dir='ltr'><strong>quibus</strong></span> 
     </span>
     <span class='ocr_line' id='line_1_48' title="bbox 117 3249 565 3325; baseline 0.011 -21"><span class='ocrx_word' id='word_1_267' title='bbox 117 3251 232 3325; x_wconf 83' lang='lat' dir='ltr'><strong>captivis</strong></span> <span class='ocrx_word' id='word_1_268' title='bbox 249 3250 429 3309; x_wconf 86' lang='lat' dir='ltr'><strong>recensendis.</strong></span> <span class='ocrx_word' id='word_1_269' title='bbox 443 3282 476 3294; x_wconf 89' lang='lat'>-</span> <span class='ocrx_word' id='word_1_270' title='bbox 488 3249 516 3306; x_wconf 95' lang='grc' dir='ltr'><strong>Μ</strong></span> <span class='ocrx_word' id='word_1_271' title='bbox 528 3268 565 3309; x_wconf 92' lang='lat' dir='ltr'><strong>m.</strong></span> 
     </span>
     <span class='ocr_line' id='line_1_49' title="bbox 118 3335 564 3396; baseline 0.002 -5"><span class='ocrx_word' id='word_1_272' title='bbox 118 3339 158 3396; x_wconf 84' lang='lat'><strong>1.:</strong></span> <span class='ocrx_word' id='word_1_273' title='bbox 177 3336 342 3395; x_wconf 85' lang='lat' dir='ltr'><strong>recensendi.</strong></span> <span class='ocrx_word' id='word_1_274' title='bbox 355 3368 390 3380; x_wconf 92' lang='lat'><em>-</em></span> <span class='ocrx_word' id='word_1_275' title='bbox 402 3335 430 3394; x_wconf 92' lang='grc' dir='ltr'><strong>Μ</strong></span> <span class='ocrx_word' id='word_1_276' title='bbox 442 3357 478 3395; x_wconf 89' lang='lat' dir='ltr'><strong>m.</strong></span> <span class='ocrx_word' id='word_1_277' title='bbox 491 3338 516 3395; x_wconf 89' lang='lat'><strong>1.</strong></span> <span class='ocrx_word' id='word_1_278' title='bbox 525 3335 564 3393; x_wconf 84' lang='lat' dir='ltr'><strong>P:</strong></span> 
     </span>
     <span class='ocr_line' id='line_1_50' title="bbox 116 3423 517 3484; baseline 0 -2"><span class='ocrx_word' id='word_1_279' title='bbox 116 3425 231 3482; x_wconf 78' lang='lat' dir='ltr'><strong>secreti.</strong></span> <span class='ocrx_word' id='word_1_280' title='bbox 248 3423 274 3481; x_wconf 89' lang='lat' dir='ltr'><strong>ll</strong></span> <span class='ocrx_word' id='word_1_281' title='bbox 292 3445 328 3482; x_wconf 91' lang='lat' dir='ltr'><strong>m.</strong></span> <span class='ocrx_word' id='word_1_282' title='bbox 346 3427 385 3484; x_wconf 65' lang='lat'><strong>2:</strong></span> <span class='ocrx_word' id='word_1_283' title='bbox 403 3433 517 3482; x_wconf 78' lang='lat' dir='ltr'><strong>secrete.</strong></span> 
     </span>
    </p>

    <p class='ocr_par' dir='ltr' id='par_1_22' title="bbox 66 3510 566 3833">
     <span class='ocr_line' id='line_1_51' title="bbox 66 3510 565 3587; baseline -0.006 -19"><span class='ocrx_word' id='word_1_284' title='bbox 66 3510 90 3570; x_wconf 80' lang='grc' dir='ltr'><strong>θ.</strong></span> <span class='ocrx_word' id='word_1_285' title='bbox 114 3510 565 3587; x_wconf 81' lang='lat' dir='ltr'><strong>percontantibusquerPlll]per·</strong></span> 
     </span>
     <span class='ocr_line' id='line_1_52' title="bbox 117 3596 566 3673; baseline -0.007 -18"><span class='ocrx_word' id='word_1_286' title='bbox 117 3597 366 3673; x_wconf 86' lang='lat' dir='ltr'><strong>cunctantibusque.</strong></span> <span class='ocrx_word' id='word_1_287' title='bbox 396 3628 431 3638; x_wconf 93' lang='lat'>—</span> <span class='ocrx_word' id='word_1_288' title='bbox 464 3596 566 3672; x_wconf 80' lang='lat' dir='ltr'><strong>Quam·</strong></span> 
     </span>
     <span class='ocr_line' id='line_1_53' title="bbox 115 3681 565 3766; baseline -0.002 -24"><span class='ocrx_word' id='word_1_289' title='bbox 115 3704 197 3766; x_wconf 84' lang='lat' dir='ltr'><strong>qnam</strong></span> <span class='ocrx_word' id='word_1_290' title='bbox 231 3684 419 3761; x_wconf 78' lang='lat' dir='ltr'><strong>percunctari</strong></span> <span class='ocrx_word' id='word_1_291' title='bbox 454 3683 484 3740; x_wconf 88' lang='lat' dir='ltr'><strong>in</strong></span> <span class='ocrx_word' id='word_1_292' title='bbox 518 3681 565 3741; x_wconf 78' lang='lat' dir='ltr'><strong>Li·</strong></span> 
     </span>
     <span class='ocr_line' id='line_1_54' title="bbox 117 3770 566 3833; baseline -0.016 0"><span class='ocrx_word' id='word_1_293' title='bbox 117 3777 204 3833; x_wconf 80' lang='lat' dir='ltr'><strong>visais</strong></span> <span class='ocrx_word' id='word_1_294' title='bbox 229 3770 370 3830; x_wconf 82' lang='lat' dir='ltr'><strong>annalibus</strong></span> <span class='ocrx_word' id='word_1_295' title='bbox 388 3770 427 3827; x_wconf 87' lang='lat' dir='ltr'><strong>ibi</strong></span> <span class='ocrx_word' id='word_1_296' title='bbox 445 3770 566 3827; x_wconf 81' lang='lat' dir='ltr'><strong>scribere</strong></span> 
     </span>
    </p>

    <p class='ocr_par' dir='ltr' id='par_1_23' title="bbox 69 3852 1218 4018">
     <span class='ocr_line' id='line_1_55' title="bbox 69 3852 1156 3932; baseline -0.006 -12"><span class='ocrx_word' id='word_1_297' title='bbox 69 3906 72 3911; x_wconf 23' lang='grc' dir='ltr'><strong>Δ</strong></span> <span class='ocrx_word' id='word_1_298' title='bbox 116 3856 174 3920; x_wconf 73' lang='lat' dir='ltr'><strong>&#39;susi</strong></span> <span class='ocrx_word' id='word_1_299' title='bbox 199 3880 254 3919; x_wconf 88' lang='lat' dir='ltr'><strong>non</strong></span> <span class='ocrx_word' id='word_1_300' title='bbox 277 3876 383 3925; x_wconf 87' lang='lat' dir='ltr'><strong>snmus,</strong></span> <span class='ocrx_word' id='word_1_301' title='bbox 405 3857 453 3913; x_wconf 88' lang='lat' dir='ltr'><strong>nbi</strong></span> <span class='ocrx_word' id='word_1_302' title='bbox 470 3853 581 3917; x_wconf 69' lang='lat' dir='ltr'><strong>melia«,</strong></span> <span class='ocrx_word' id='word_1_303' title='bbox 706 3852 832 3914; x_wconf 76' lang='lat' dir='ltr'><strong>scalenos</strong></span> <span class='ocrx_word' id='word_1_304' title='bbox 850 3867 900 3917; x_wconf 89' lang='lat' dir='ltr'><strong>cet.</strong></span> <span class='ocrx_word' id='word_1_305' title='bbox 923 3875 960 3917; x_wconf 90' lang='lat' dir='ltr'><strong>m.</strong></span> <span class='ocrx_word' id='word_1_306' title='bbox 977 3859 1016 3916; x_wconf 63' lang='lat'><strong>2:</strong></span> <span class='ocrx_word' id='word_1_307' title='bbox 1035 3860 1095 3932; x_wconf 80' lang='lat' dir='ltr'><strong>lgna</strong></span> <span class='ocrx_word' id='word_1_308' title='bbox 1111 3861 1116 3929; x_wconf 92' lang='grc' dir='ltr'>Ι</span> <span class='ocrx_word' id='word_1_309' title='bbox 1132 3859 1156 3914; x_wconf 92' lang='lat' dir='ltr'><strong>ri</strong></span> 
     </span>
     <span class='ocr_line' id='line_1_56' title="bbox 116 3938 1218 4018; baseline -0.006 -12"><span class='ocrx_word' id='word_1_310' title='bbox 116 3969 177 4006; x_wconf 87' lang='lat' dir='ltr'><strong>rum</strong></span> <span class='ocrx_word' id='word_1_311' title='bbox 191 3947 322 4006; x_wconf 82' lang='lat' dir='ltr'><strong>librorum</strong></span> <span class='ocrx_word' id='word_1_312' title='bbox 334 3962 484 4003; x_wconf 84' lang='lat' dir='ltr'><strong>consensus</strong></span> <span class='ocrx_word' id='word_1_313' title='bbox 499 3962 565 4018; x_wconf 79' lang='lat' dir='ltr'><strong>per·</strong></span> <span class='ocrx_word' id='word_1_314' title='bbox 707 3941 900 4005; x_wconf 83' lang='lat' dir='ltr'><strong>intuscnlanor.</strong></span> <span class='ocrx_word' id='word_1_315' title='bbox 915 3977 950 3989; x_wconf 88' lang='lat'>-</span> <span class='ocrx_word' id='word_1_316' title='bbox 966 3941 1033 4002; x_wconf 89' lang='lat' dir='ltr'><strong>Pll:</strong></span> <span class='ocrx_word' id='word_1_317' title='bbox 1052 3944 1091 4003; x_wconf 74' lang='lat' dir='ltr'><strong>ab</strong></span> <span class='ocrx_word' id='word_1_318' title='bbox 1108 3966 1154 4004; x_wconf 88' lang='lat' dir='ltr'><strong>sc·</strong></span> <span class='ocrx_word' id='word_1_319' title='bbox 1192 3938 1218 3999; x_wconf 63' lang='lat'><strong>2*</strong></span> 
     </span>
    </p>

    <p class='ocr_par' dir='ltr' id='par_1_24' title="bbox 67 4022 972 4112">
     <span class='ocr_line' id='line_1_57' title="bbox 67 4022 972 4112; baseline -0.003 -19"><span class='ocrx_word' id='word_1_320' title='bbox 67 4032 72 4041; x_wconf 82' lang='grc'><strong>’</strong></span> <span class='ocrx_word' id='word_1_321' title='bbox 117 4032 418 4112; x_wconf 80' lang='lat' dir='ltr'><strong>contaripastulabat,</strong></span> <span class='ocrx_word' id='word_1_322' title='bbox 437 4030 566 4108; x_wconf 82' lang='lat' dir='ltr'><strong>nequod</strong></span> <span class='ocrx_word' id='word_1_323' title='bbox 627 4022 630 4029; x_wconf 76' lang='grc'><strong>’</strong></span> <span class='ocrx_word' id='word_1_324' title='bbox 708 4031 812 4088; x_wconf 83' lang='lat' dir='ltr'><strong>cictcte</strong></span> <span class='ocrx_word' id='word_1_325' title='bbox 830 4033 972 4091; x_wconf 75' lang='lat' dir='ltr'><strong>descisse.</strong></span> 
     </span>
    </p>
   </div>
   <div class='ocr_carea' id='block_1_17' title="bbox 76 4121 952 4213">
    <p class='ocr_par' dir='ltr' id='par_1_25' title="bbox 10 4120 952 4213">
     <span class='ocr_line' id='line_1_58' title="bbox 76 4121 952 4213; baseline 0.003 -28.79"><span class='ocrx_word' id='word_1_326' title='bbox 76 4139 281 4200; x_wconf 59' lang='lat' dir='ltr'><strong>neaman.</strong></span> <span class='ocrx_word' id='word_1_327' title='bbox 771 4162 798 4213; x_wconf 49' lang='lat'>3</span> <span class='ocrx_word' id='word_1_328' title='bbox 930 4121 952 4187; x_wconf 84' lang='lat'>6</span> 
     </span>
    </p>
   </div>
   <div class='ocr_carea' id='block_1_18' title="bbox 636 3160 1156 3849">
    <p class='ocr_par' dir='ltr' id='par_1_26' title="bbox 708 3160 967 3222">
     <span class='ocr_line' id='line_1_59' title="bbox 708 3160 967 3222; baseline 0.015 -4"><span class='ocrx_word' id='word_1_329' title='bbox 708 3160 787 3220; x_wconf 87' lang='lat' dir='ltr'><strong>codd.</strong></span> <span class='ocrx_word' id='word_1_330' title='bbox 807 3161 908 3221; x_wconf 86' lang='lat' dir='ltr'><strong>excidit</strong></span> <span class='ocrx_word' id='word_1_331' title='bbox 925 3185 967 3222; x_wconf 80' lang='lat' dir='ltr'><strong>ce.</strong></span> 
     </span>
    </p>

    <p class='ocr_par' dir='ltr' id='par_1_27' title="bbox 636 3248 1156 3757">
     <span class='ocr_line' id='line_1_60' title="bbox 636 3248 1155 3323; baseline 0 -18"><span class='ocrx_word' id='word_1_332' title='bbox 636 3248 680 3308; x_wconf 82' lang='lat'><strong>11.</strong></span> <span class='ocrx_word' id='word_1_333' title='bbox 707 3249 865 3307; x_wconf 80' lang='lat' dir='ltr'><strong>ducturum</strong></span> <span class='ocrx_word' id='word_1_334' title='bbox 903 3249 946 3307; x_wconf 80' lang='lat' dir='ltr'><strong>ait</strong></span> <span class='ocrx_word' id='word_1_335' title='bbox 981 3266 1019 3307; x_wconf 83' lang='lat' dir='ltr'><strong>ne</strong></span> <span class='ocrx_word' id='word_1_336' title='bbox 1051 3254 1155 3323; x_wconf 77' lang='lat' dir='ltr'><strong>patres</strong></span> 
     </span>
     <span class='ocr_line' id='line_1_61' title="bbox 706 3333 1155 3413; baseline 0.002 -22"><span class='ocrx_word' id='word_1_337' title='bbox 706 3336 809 3413; x_wconf 71' lang='lat' dir='ltr'><strong>ignari</strong></span> <span class='ocrx_word' id='word_1_338' title='bbox 827 3337 904 3392; x_wconf 80' lang='lat' dir='ltr'><strong>sint.-</strong></span> <span class='ocrx_word' id='word_1_339' title='bbox 925 3333 957 3393; x_wconf 92' lang='lat' dir='ltr'><strong>P.</strong></span> <span class='ocrx_word' id='word_1_340' title='bbox 982 3367 1017 3378; x_wconf 91' lang='lat'><em>-</em></span> <span class='ocrx_word' id='word_1_341' title='bbox 1044 3333 1118 3393; x_wconf 85' lang='lat' dir='ltr'><strong>Harl.</strong></span> <span class='ocrx_word' id='word_1_342' title='bbox 1135 3353 1155 3392; x_wconf 90' lang='lat'><strong>1.</strong></span> 
     </span>
     <span class='ocr_line' id='line_1_62' title="bbox 706 3420 1156 3498; baseline 0 -21"><span class='ocrx_word' id='word_1_343' title='bbox 706 3420 784 3479; x_wconf 86' lang='lat' dir='ltr'><strong>Leid.</strong></span> <span class='ocrx_word' id='word_1_344' title='bbox 803 3441 838 3480; x_wconf 68' lang='grc' dir='ltr'><strong>ιε</strong></span> <span class='ocrx_word' id='word_1_345' title='bbox 858 3421 1001 3477; x_wconf 84' lang='lat' dir='ltr'><strong>ducturum</strong></span> <span class='ocrx_word' id='word_1_346' title='bbox 1019 3426 1097 3478; x_wconf 81' lang='lat' dir='ltr'><strong>utne</strong></span> <span class='ocrx_word' id='word_1_347' title='bbox 1108 3441 1156 3498; x_wconf 79' lang='lat' dir='ltr'><strong>ps·</strong></span> 
     </span>
     <span class='ocr_line' id='line_1_63' title="bbox 706 3504 1156 3584; baseline 0.002 -21"><span class='ocrx_word' id='word_1_348' title='bbox 706 3516 763 3564; x_wconf 81' lang='lat' dir='ltr'><strong>tres</strong></span> <span class='ocrx_word' id='word_1_349' title='bbox 781 3516 832 3568; x_wconf 87' lang='lat' dir='ltr'><strong>cet.</strong></span> <span class='ocrx_word' id='word_1_350' title='bbox 856 3506 937 3564; x_wconf 86' lang='lat' dir='ltr'><strong>Reec.</strong></span> <span class='ocrx_word' id='word_1_351' title='bbox 962 3504 1036 3584; x_wconf 89' lang='lat' dir='ltr'><strong>quid.</strong></span> <span class='ocrx_word' id='word_1_352' title='bbox 1061 3506 1156 3567; x_wconf 76' lang='lat' dir='ltr'><strong>cedd:</strong></span> 
     </span>
     <span class='ocr_line' id='line_1_64' title="bbox 707 3595 1154 3674; baseline 0.002 -23"><span class='ocrx_word' id='word_1_353' title='bbox 707 3595 850 3652; x_wconf 84' lang='lat' dir='ltr'><strong>ducturum</strong></span> <span class='ocrx_word' id='word_1_354' title='bbox 880 3596 918 3651; x_wconf 88' lang='lat' dir='ltr'><strong>ait</strong></span> <span class='ocrx_word' id='word_1_355' title='bbox 947 3600 977 3651; x_wconf 83' lang='lat' dir='ltr'><strong>ul</strong></span> <span class='ocrx_word' id='word_1_356' title='bbox 1006 3616 1041 3653; x_wconf 90' lang='lat' dir='ltr'><strong>ne</strong></span> <span class='ocrx_word' id='word_1_357' title='bbox 1056 3605 1154 3674; x_wconf 63' lang='lat' dir='ltr'><strong>matres</strong></span> 
     </span>
     <span class='ocr_line' id='line_1_65' title="bbox 708 3680 1155 3757; baseline 0.007 -20"><span class='ocrx_word' id='word_1_358' title='bbox 708 3683 794 3757; x_wconf 79' lang='lat' dir='ltr'><strong>ignari</strong></span> <span class='ocrx_word' id='word_1_359' title='bbox 812 3691 911 3742; x_wconf 79' lang='lat' dir='ltr'><strong>essent.</strong></span> <span class='ocrx_word' id='word_1_360' title='bbox 933 3712 969 3729; x_wconf 88' lang='lat'><strong>·-</strong></span> <span class='ocrx_word' id='word_1_361' title='bbox 998 3680 1040 3741; x_wconf 83' lang='lat' dir='ltr'><strong>ll:</strong></span> <span class='ocrx_word' id='word_1_362' title='bbox 1061 3680 1155 3742; x_wconf 88' lang='lat' dir='ltr'><strong>ductu·</strong></span> 
     </span>
    </p>

    <p class='ocr_par' dir='ltr' id='par_1_28' title="bbox 684 3760 1156 3849">
     <span class='ocr_line' id='line_1_66' title="bbox 684 3760 1156 3849; baseline 0.006 -24"><span class='ocrx_word' id='word_1_363' title='bbox 684 3760 687 3765; x_wconf 56' lang='grc'>’</span> <span class='ocrx_word' id='word_1_364' title='bbox 707 3785 768 3826; x_wconf 82' lang='lat' dir='ltr'><strong>rum</strong></span> <span class='ocrx_word' id='word_1_365' title='bbox 786 3789 820 3826; x_wconf 89' lang='lat' dir='ltr'><strong>ne</strong></span> <span class='ocrx_word' id='word_1_366' title='bbox 839 3773 930 3849; x_wconf 79' lang='lat' dir='ltr'><strong>patres</strong></span> <span class='ocrx_word' id='word_1_367' title='bbox 949 3769 1010 3846; x_wconf 74' lang='lat' dir='ltr'><strong>igne</strong></span> <span class='ocrx_word' id='word_1_368' title='bbox 1026 3774 1031 3842; x_wconf 86' lang='grc' dir='ltr'>Ι</span> <span class='ocrx_word' id='word_1_369' title='bbox 1045 3769 1156 3828; x_wconf 81' lang='lat' dir='ltr'><strong>risintu·</strong></span> 
     </span>
    </p>
   </div>
   <div class='ocr_carea' id='block_1_19' title="bbox 0 0 1314 4590">
    <p class='ocr_par' dir='ltr' id='par_1_29' title="bbox 0 0 1314 4590">
     <span class='ocr_line' id='line_1_67' title="bbox 0 0 1314 4590; baseline 0 0"><span class='ocrx_word' id='word_1_370' title='bbox 0 0 1314 4590; x_wconf 95' lang='lat' dir='ltr'><strong> </strong></span> 
     </span>
    </p>
   </div>
  </div>
 </body>
</html>
