2618 4590
536 280 647 341 'LIBER
662 280 709 342 Vl
791 314 795 319 -
984 302 987 307 ·
1128 268 1173 336 95

68 446 194 528 lictum,
221 459 255 515 et
276 447 331 516 vix
353 446 482 515 moenia
504 454 574 513 tnta
594 444 654 512 rati
676 444 795 534 oppido
822 466 857 512 se
879 444 1049 513 Praeneste
1069 445 1172 515 inclu-

66 553 157 621 dunt.
196 563 271 619 octo
294 544 461 642 praeterea
482 549 600 640 oppida
622 559 712 618 erant
733 549 794 615 sub
817 549 940 618 dicione
954 551 1172 619 Praenestino·

66 681 149 724 mm.
190 656 231 722 ad
254 680 293 722 ea
314 655 533 723 circumlitum
555 654 678 722 bellum
707 655 922 745 deincepsque
948 655 1033 721 haud
1054 678 1170 746 magno

65 760 241 829 certamine
264 761 362 851 captis
379 761 515 829 Velitras
532 759 696 831 exercitus
719 759 844 826 ductim.
884 783 941 826 eae
964 783 1093 848 quoque
1115 784 1174 829 ex·

65 869 237 954 pugnatae.
274 876 343 939 tum
370 865 410 933 ad
437 874 536 953 caput
563 863 640 930 belli
661 864 833 932 Praeneste
866 876 1009 932 ventum.
1046 863 1080 929 id
1106 878 1206 932 nont

69 968 103 1034 vi
130 970 187 1036 sed
215 993 272 1060 per
298 968 493 1036 deditionem
519 980 686 1057 receptum
718 980 777 1036 est.
800 968 852 1055 T.
876 967 1173 1054 Quinctius·semet

65 1072 135 1138 acie
157 1072 272 1156 victor,
305 1072 387 1140 binis
410 1073 520 1173 castris
546 1073 689 1141 hostium
711 1097 830 1141 novem
861 1073 985 1163 oppidis
1008 1072 1039 1141 vi
1063 1072 1174 1162 captis,

64 1177 236 1245 Praeneste
263 1176 296 1244 in
325 1177 520 1246 deditionem
552 1189 686 1269 accepto
713 1178 851 1246 Romam
883 1177 1028 1259 revertit,
1065 1177 1200 1243 trium·
1262 1258 1269 1279 ι

64 1281 232 1373 phansque
261 1282 387 1372 signum
408 1282 580 1351 Praeneste
609 1284 779 1350 devectum
799 1283 882 1352 Iovis
911 1282 1111 1374 imperatoris
1138 1282 1171 1349 in

66 1386 260 1477 Capitolium
275 1387 369 1455 tulit.
407 1387 589 1456 dedicatum
618 1399 667 1456 est
695 1388 776 1461 inter
804 1390 919 1456 cellam
940 1389 1023 1456 Iovis
1050 1413 1089 1455 ac
1111 1387 1170 1455 lili-
1184 1397 1219 1453 to

66 1514 199 1575 nervae,
224 1491 399 1581 tabulaque
427 1493 487 1560 sub
511 1517 552 1560 eo
577 1492 642 1560 fixa
663 1505 909 1561 monumentum
935 1518 1044 1562 rerum
1070 1504 1171 1583 gesta·
1206 1500 1209 1505 “

63 1620 135 1662 rum
157 1596 206 1662 his
229 1596 332 1664 ferme
353 1597 452 1669 incisa
467 1598 579 1666 litteris
598 1599 658 1666 fuit
679 1599 843 1688 „luppiter
860 1609 957 1687 atque
980 1598 1043 1665 divi
1059 1620 1172 1667 omncs

61 1699 126 1767 hoc
149 1701 306 1766 dederunt
326 1712 364 1766 ut
384 1702 424 1768 T.
448 1702 616 1788 Quinctius
640 1703 774 1770 dictator
798 1702 916 1791 oppida
938 1726 1058 1768 novem
1073 1720 1171 1792 ‘cape-

61 1809 149 1871 ret“.
173 1804 223 1869 die
247 1804 400 1871 vicesimo
424 1830 521 1894 quam
539 1818 662 1874 creatus
679 1818 746 1875 erat
761 1806 916 1872 dictatura
939 1829 974 1873 sc
990 1807 1156 1874 abdicavit.

161 1907 267 1974 XXX.
312 1907 448 1974 Comitia
469 1911 542 1977 inde
564 1910 671 1993 habita
693 1912 893 1977 tribunorum
908 1909 1045 1977 militum
1060 1916 1227 1996 consu-15,

60 2012 122 2079 lani
144 2023 320 2101 potestate,
353 2013 468 2103 quibus
494 2027 648 2105 aequatus
676 2014 882 2104 patriciorum
907 2015 1172 2105 plebeiorumque

61 2140 226 2184 numerus,
266 2141 308 2184 cx
330 2118 473 2207 patribus
501 2119 598 2187 creati
618 2119 655 2185 P.
684 2128 717 2185 et
740 2116 776 2184 C.
800 2117 900 2183 lllanli
926 2143 1002 2185 cum
1023 2119 1060 2187 L.
1082 2119 1172 2201 lulio,

79 2294 108 2351 2.
136 2301 200 2347 octo
208 2300 366 2366 praeterea
375 2294 486 2368 oppida
497 2302 584 2350 erant

135 2379 191 2434 sub
220 2379 337 2437 dicione
367 2389 432 2439 cet:
462 2379 520 2450 ΡΜ.
546 2414 582 2424 -

134 2464 213 2524 Leid.
229 2485 261 2524 r.:
285 2475 347 2522 octo
368 2478 511 2546 propterea
533 2489 581 2547 op-

72 2609 76 2615 ,
133 2552 207 2627 pida.
241 2551 307 2612 Tan.
344 2553 431 2611 Faber
466 2556 582 2614 malebat

133 2660 204 2716 „per
222 2661 252 2697 ea
269 2649 422 2716 tempora“.

77 2727 104 2784 4.
133 2747 188 2782 eae
226 2748 344 2803 quoque
374 2739 580 2808 expugnatam

132 2812 580 2874 ttlm.2.P.-tttm.1.2aae

134 2920 243 2976 quoque
261 2910 313 2959 cet.
332 2933 366 2943 -
393 2903 416 2959 P
434 2907 527 2962 m.·'1.=
546 2901 581 2959 ad

133 2988 234 3065 capud.
254 3019 287 3030 —
314 2987 390 3048 Pm.
410 2991 449 3047 2:
467 3010 517 3065 per
535 2989 581 3045 de·

134 3076 246 3135 ditione,
276 3094 312 3134 m.
335 3077 375 3136 1.:
395 3097 446 3154 per
468 3069 581 3136 ditione.

132 3161 173 3219 lll:
189 3163 348 3240 pditionem.

77 3253 105 3312 6.
137 3252 170 3309 Τ.
185 3251 338 3325 Quinctius
352 3251 447 3308 semel
456 3250 520 3306 acic
538 3251 581 3306 ui-

135 3347 215 3393 ctor:
233 3337 263 3396 P.
289 3368 324 3379 —
348 3335 396 3395 ll.-
421 3347 441 3395 t.
460 3339 581 3414 quintius

133 3421 219 3480 semel
237 3425 322 3480 aciem
340 3425 435 3482 uictor.
451 3454 486 3466 -
503 3422 526 3480 P
543 3444 580 3481 m.

134 3514 176 3569 1.:
199 3520 339 3587 praeneste
356 3513 388 3566 in
407 3510 582 3567 dedicatione

134 3607 256 3671 accepto.
286 3594 314 3651 lll
330 3615 366 3654 m.
385 3598 423 3653 1.:
440 3606 582 3672 praeneste

134 3689 165 3743 in
176 3683 340 3741 deditionem
351 3692 460 3758 accepto
473 3704 487 3738 r
499 3691 583 3742 romi.

134 3773 222 3832 ΜΛ
241 3780 357 3847 accepta
374 3758 505 3828 romas-
517 3768 582 3835 Plls

134 3860 265 3917 reuertit.
281 3856 363 3918 Recc.
379 3856 476 3915 eodm:
493 3875 583 3915 reuer-

133 3950 213 4005 titur.

79 4038 106 4096 9.
134 4035 220 4092 Iouis·
247 4033 451 4108 imperatoris:
480 4030 516 4090 Μ.
546 4034 581 4074 ·‘-·

136 4152 171 4165 ·-
189 4119 224 4176 P:
246 4121 318 4179 iouis
331 4119 523 4198 impetratorio.
545 4147 579 4159 -

724 2293 767 2349 De
786 2293 871 2350 tribus
889 2295 973 2370 signis
992 2293 1064 2351 Iovis
1086 2295 1171 2371 impe·

722 2381 832 2448 tatoris,
850 2402 964 2459 quorum
976 2402 1059 2439 unum
1071 2402 1104 2438 ex
1116 2378 1172 2437 tta·

723 2467 836 2524 cedonia
854 2479 962 2547 captum
985 2472 1014 2526 in
1033 2466 1171 2545 Capitolio

722 2565 852 2630 posuerat
867 2554 1043 2627 Flamininus,
1062 2557 1097 2616 cl.
1109 2557 1170 2615 Cic.

722 2639 797 2700 Verr.
817 2662 853 2700 tv.
871 2645 916 2700 58.
934 2644 994 2700 129.

652 2728 695 2786 12.
721 2730 855 2804 Iuppiter
877 2739 968 2806 utque
985 2730 1053 2785 diui
1068 2749 1171 2785 omnes

722 2814 779 2889 hep
802 2816 950 2884 dederunt
972 2824 1004 2870 ut
1028 2815 1059 2871 T.
1081 2813 1172 2888 Quin·

722 2902 783 2956 tius
797 2901 925 2956 dictator
938 2902 1047 2975 oppida
1065 2919 1172 2956 nouem

723 2996 857 3061 cuperet:
876 2985 933 3046 ΡΜ.
952 3017 986 3027 -—
1006 2984 1084 3044 llulti
1101 3004 1170 3046 rece.

724 3073 817 3131 codd.:
836 3082 915 3150 atque
934 3074 979 3130 dii
995 3094 1097 3134 omnes.
1125 3073 1169 3134 Gi.
1259 3142 1262 3147 .

723 3164 754 3229 7,
777 3163 820 3220 ¹26.
856 3161 887 3217 ln
909 3160 988 3221 Leitl
1005 3181 1023 3220 1.
1041 3161 1121 3222 Voss.
1139 3182 1169 3222 n.

723 3245 756 3306 al.
775 3248 876 3304 excidit
897 3250 928 3307 Τ.

653 3335 696 3395 1t.
724 3334 773 3391 die
792 3336 947 3391 onesimo.-
964 3334 994 3394 P.
1013 3366 1046 3377 —
1066 3334 1106 3390 ttz
1125 3334 1170 3391 dio

722 3423 803 3478 uicen
818 3423 823 3491 Ι
839 3423 918 3479 simo.
941 3419 1014 3478 Harl.
1028 3439 1058 3477 r.:
1077 3419 1169 3477 deum·

721 3510 831 3565 cesimo.
845 3506 946 3565 Leid.r.
956 3526 964 3563 τ
974 3507 1168 3570 duouicesimo.

722 3595 849 3652 Havete:
870 3595 923 3651 duo
943 3594 977 3650 de
995 3598 1133 3656 uicesimo.

650 3686 694 3743 17.
720 3681 756 3740 P.
774 3691 804 3738 ct
822 3683 853 3741 C.
872 3683 987 3741 Manli.-
1004 3683 1027 3741 P
1044 3704 1079 3744 nr.
1091 3688 1117 3742 2.
1129 3684 1167 3759 ll]
1180 3686 1198 3713 ·'

721 3769 751 3828 P.
770 3777 797 3824 et
815 3767 847 3825 C.
860 3767 960 3828 Manlii.
978 3802 1013 3814 -
1031 3771 1055 3828 P
1070 3777 1167 3833 m.-1.:

723 3856 834 3915 manlio.
864 3854 938 3914 Harl.
962 3875 995 3916 n:
1021 3859 1052 3920 P.
1079 3870 1106 3917 et
1133 3861 1167 3919 G.
1233 3876 1239 3885 ’

723 3941 824 4000 Manlio
843 3945 898 4003 ius.
934 3941 978 4003 Cl.
997 3948 1023 4015 6,
1041 3944 1167 4005 22:1³·-

722 4033 796 4108 pirii.
824 4061 858 4074 ·-
887 4031 960 4089 Dein
983 4032 1019 4090 P:
1046 4052 1108 4093 cum
1128 4041 1167 4097 ni.

721 4116 796 4180 iulio.
895 4114 901 4141 ¹
