2618 4590
140 194 206 267 ors
616 207 725 269 mea
742 209 776 270 x.
879 144 882 148 ⁵
977 256 981 271 .

138 372 227 462 quod
250 371 322 465 lege
336 372 461 442 smitam
477 382 545 442 erat
560 373 626 464 agri
642 373 856 464 possiderent:
879 395 942 439 nec
958 370 1155 462 quisquam
1169 367 1238 434 lemr
1261 412 1264 417 -

138 488 190 544 est
209 491 361 570 purgatus
383 478 611 570 vinculumque
632 479 743 570 ingens
766 477 946 545 inmodicae
969 473 1174 566 cupiditatis
1192 472 1239 539 inie

138 581 226 650 'ctrrm
248 594 307 652 est.

224 686 312 757 XlV.
357 687 513 757 Consules
540 688 616 757 novi
637 689 679 775 Q.
700 687 817 755 Fabius
840 687 1005 754 Maximus
1040 694 1203 775 quartum
1223 693 1242 748 et

110 790 175 862 tP.
198 791 319 860 Decius
334 792 409 861 Mus
430 793 560 862 tertium
583 817 657 860 cum
678 793 759 860 inter
781 816 817 860 se
839 793 1004 883 agitarent,
1030 790 1087 856 uti
1113 784 1242 855 alterSe

136 894 251 965 mnites
272 897 383 966 hostes
405 900 485 966 alter
506 898 659 965 Etruscos
689 897 852 986 diligerent
877 906 1099 985 quantaeque
1124 893 1162 960 in
1182 891 1243 958 hanc

137 1013 193 1071 aut
214 1002 248 1070 in
269 1004 356 1071 illam
377 1001 575 1093 provinciam
598 1001 709 1092 copiae
731 1002 806 1069 satis
828 1011 863 1067 et
889 1011 960 1067 uter
984 999 1028 1064 ad
1056 1010 1178 1065 utrum
1198 995 1244 1062 bel-
1271 1074 1274 1081 Ι

134 1105 204 1174 lum
225 1108 292 1174 dux
314 1108 447 1175 idoneus
469 1105 570 1196 magis
592 1118 687 1189 esset,
709 1107 748 1172 ab
771 1106 878 1173 Sutrio
902 1116 935 1172 et
950 1103 1093 1193 Nepete
1121 1114 1157 1170 et
1175 1101 1245 1168 Fale

134 1210 188 1278 riis
209 1212 313 1302 legati,
336 1222 482 1279 auctores
504 1210 638 1278 concilia
654 1211 798 1278 Etruriae
820 1209 1019 1301 populorum
1043 1209 1092 1276 de
1117 1208 1245 1299 petenda

88 1326 216 1404 topace
244 1315 369 1399 haberi,
402 1327 504 1384 totam
538 1315 612 1383 belli
630 1315 762 1402 ¹molem
789 1315 821 1380 in
849 1312 1020 1380 Samnium
1050 1324 1244 1380 averterunt

132 1420 269 1508 profecti
291 1421 450 1503 consules,
469 1444 537 1512 quo
560 1419 771 1509 expeditiores
794 1428 994 1486 commeatus
1012 1429 1137 1485 essent
1161 1430 1195 1486 et
1214 1418 1245 1482 in-

133 1522 249 1592 certior
265 1524 372 1592 lro'stis
395 1549 459 1615 qua
478 1534 651 1592 uenturum
676 1523 799 1591 bellum
827 1523 926 1605 foret,
953 1521 1079 1588 Fabius
1114 1548 1179 1613 per
1200 1522 1245 1587 So

134 1652 248 1696 ranum
269 1629 390 1698 Decius
418 1653 476 1718 per
497 1627 673 1696 Sidicinum
701 1652 813 1719 agrum
840 1627 872 1693 in
900 1625 1073 1693 Samnium
1105 1627 1246 1718 legiones

134 1732 264 1801 dicunt.
302 1733 358 1800 ubi
379 1733 413 1798 in
433 1732 575 1799 hostium
597 1733 677 1800 fines
699 1744 832 1801 ventum
854 1741 918 1814 est,
945 1739 1089 1820 uterque
1114 1731 1247 1823 popula·

85 1834 257 1907 tebaudus
279 1836 382 1905 effuso
406 1837 529 1927 agmine
544 1838 670 1906 incedit.
708 1836 877 1929 explorant
891 1846 1000 1902 tamen
1022 1835 1129 1902 latius
1154 1859 1247 1926 quam

133 1938 343 2034 populantur:
370 1941 465 2032 igitur
485 1966 551 2010 non
571 1942 718 2013 lelellere
740 1940 781 2010 ad
803 1940 970 2009 Tilemum
997 1938 1118 2007 hostes
1134 1940 1178 2006 'in
1201 1963 1247 2008 oc-

148 2140 175 2201 1.
202 2144 281 2202 cuii.
302 2133 359 2213 (iit
383 2139 491 2211 conii.)
513 2143 586 2198 noni
611 2141 646 2216 Q.

201 2227 314 2285 Fabius
327 2229 488 2286 Maximus.
506 2247 551 2287 mr.
569 2237 599 2285 et
611 2227 647 2287 P.

200 2313 313 2372 Decius
330 2315 408 2372 Mus.
427 2332 479 2371 nt:
497 2312 554 2372 PM.

148 2399 174 2457 5.
202 2400 247 2453 uti
271 2400 350 2455 ulter
372 2399 523 2461 Samnites
545 2399 648 2458 hostes

786 2141 990 2218 expeditiores
999 2148 1194 2197 commeatur
1206 2159 1246 2196 es·

788 2238 856 2287 sent
873 2239 903 2286 et
914 2229 1056 2284 incertior
1068 2227 1175 2284 hostis
1188 2247 1245 2303 quo

789 2324 945 2373 uenturum
955 2315 1066 2371 bellum
1071 2313 1244 2385 foret(„wo

789 2403 839 2459 der
849 2402 871 2459 F
872 2401 935 2459 eiad
953 2404 981 2465 in
1000 2400 1048 2458 das
1060 2401 1145 2459 Laud
1165 2401 1244 2458 lallen

199 2485 278 2543 ulter
299 2486 446 2544 Etruscos
473 2487 648 2566 diligerent:

198 2568 242 2643 ll]
265 2574 304 2629 uti
326 2572 394 2628 alter
412 2604 444 2615 -
463 2572 592 2649 deligeret
608 2574 648 2643 (P

190 2677 236 2744 ἀι.
255 2661 308 2729 1.).
321 2689 355 2701 -
373 2658 395 2716 Ρ
413 2680 449 2719 m.
469 2666 506 2719 1.:
524 2661 648 2738 diligeret

199 2755 375 2824 quamtaeque
392 2750 422 2805 in
444 2749 514 2806 hanc
536 2759 587 2808 cet.
611 2782 647 2794 -

163 2884 189 2895 2
199 2830 239 2889 ll:
259 2845 357 2910 quante
370 2856 438 2910 quae
449 2840 478 2894 in
489 2836 540 2893 hae
549 2841 596 2907 (m.
605 2840 647 2897 2:

199 2915 295 2987 hanc).
311 2953 345 2963 —
365 2922 427 2979 Ptt:
447 2927 502 2992 „ab
520 2927 606 2980 sutrio
620 2933 648 2979 et

203 3014 300 3082 nepete
309 3017 338 3063 ct
349 3007 489 3067 laleriis“:
504 3012 559 3066 nisi
571 3009 646 3087 quod

200 3092 230 3147 in
241 3090 264 3148 P
276 3133 294 3161 ,‚
301 3095 334 3150 ab
344 3099 441 3153 utrio“
452 3099 584 3172 scriptum
595 3107 645 3158 eat.

200 3177 272 3239 Cod.
282 3179 352 3255 sig:
370 3182 467 3260 Nepet.
485 3185 519 3242 ol.
532 3187 559 3254 6,
571 3186 597 3245 9.
610 3216 645 3231 -

198 3263 221 3321 P
238 3262 316 3328 Leid.
334 3289 353 3330 t.
374 3271 421 3330 al.:
440 3281 563 3328 auctores
580 3291 645 3329 corr·

200 3349 257 3411 citit
279 3360 393 3414 etruriae
414 3358 577 3436 populorum
595 3369 646 3419 cet.

195 3435 243 3494 tta
276 3453 398 3501 auctores
433 3445 558 3503 aconcilii
593 3456 645 3506 cet.

198 3520 314 3585 Videtur
337 3534 454 3608 primum
477 3534 512 3589 ab
534 3532 644 3591 librario

199 3611 316 3688 quodam
338 3639 356 3676 e
382 3640 432 3697 pro
455 3642 493 3678 ue
513 3624 644 3699 scriptum

200 3717 269 3769 esso,
287 3721 348 3761 eum
365 3707 394 3762 in
405 3709 555 3782 antiquiore
572 3706 645 3764 libro

198 3795 271 3842 esset
287 3791 575 3859 ‚‚eoneiliaetruriae“=
596 3793 643 3851 de·

197 3869 262 3927 inde
278 3881 398 3937 concilii
413 3900 464 3959 pro
482 3882 596 3940 concili.
609 3911 641 3925 -

197 3953 275 4018 [reid.
293 3965 331 4022 1.:
349 3967 383 4023 de
400 3987 468 4043 paee
483 3965 608 4045 petenda.

127 4038 173 4098 11.
195 4043 328 4114 profecti
336 4057 414 4109 eois.
433 4052 485 4122 (Pr
498 4059 569 4126 coe.)
583 4073 642 4128 quo

789 2490 935 2559 werde“):
954 2487 1002 2545 PM
1019 2487 1078 2548 rell.
1093 2520 1131 2530 -
1149 2487 1189 2546 P:
1208 2488 1243 2544 la-

789 2577 851 2633 bina
868 2596 1056 2650 personarum.
1074 2596 1112 2636 m.
1132 2577 1177 2634 2<
1195 2595 1244 2652 per

787 2684 923 2723 soranum.
965 2710 967 2714 .

718 2752 762 2812 14.
789 2761 912 2829 uterque
932 2749 1169 2825 populabundus
1197 2750 1243 2822 es·

780 2839 860 2912 suso
878 2841 997 2916 agmine
1014 2837 1141 2894 irecedit:
1158 2837 1192 2894 P.
1206 2869 1241 2878 -

787 2925 830 2983 tt:
853 2914 936 3003 utque
957 2922 1166 3002 populabundus
1187 2934 1240 2983 cet.

787 3012 855 3073 Lor.
873 3015 912 3071 ct:
932 3009 1183 3089 depopulabundus.
1204 3012 1239 3070 el.

787 3103 837 3169 10,
867 3101 930 3162 ta:
963 3097 999 3154 ad
1029 3097 1239 3176 depopulandos

787 3187 865 3248 finer.

719 3274 761 3334 16.
786 3276 879 3352 igitur
892 3293 953 3332 non
963 3273 1112 3346 fefellere
1129 3273 1176 3328 ad
1189 3274 1237 3329 Τί-

778 3360 908 3434 fernum
934 3360 1036 3418 hostes
1064 3361 1095 3417 in
1117 3361 1237 3415 occulta

783 3448 868 3505 nolle
886 3450 1036 3506 instructi.-
1058 3446 1081 3504 P
1105 3467 1141 3505 m.
1161 3450 1186 3504 1.
1206 3445 1235 3502 tt

785 3532 820 3594 al.
839 3532 882 3597 Cf.
897 3538 924 3604 8,
935 3537 995 3596 en:
1013 3555 1047 3591 ne
1064 3534 1117 3590 alio
1136 3534 1234 3589 itinere

785 3620 873 3679 hostis
884 3623 1016 3695 falleret
1028 3621 1065 3677 ad
1082 3620 1177 3677 urbem
1190 3621 1233 3675 in·

783 3709 904 3767 cedens.
927 3741 962 3752 —
986 3710 1008 3765 P
1025 3729 1061 3768 m.
1078 3710 1120 3766 2:
1143 3706 1179 3763 ad
1198 3710 1231 3762 ti·

784 3793 899 3855 lernam.
918 3827 952 3840 -
972 3795 1012 3853 lll:
1032 3815 1111 3871 quam
1129 3795 1232 3867 ingres·

783 3902 832 3940 eos
841 3903 965 3939 romanos
975 3886 1114 3957 superiore
1127 3901 1160 3936 ex
1169 3879 1232 3935 loco

784 3969 886 4027 adoriri
902 3971 1039 4047 parabant.
1065 3968 1102 4025 P:
1126 3990 1232 4044 „quam

784 4057 919 4133 ingressos
941 4075 1068 4114 romanos
1088 4058 1230 4133 superiore
