2618 4590
350 220 354 227 ’
419 224 425 242 “
511 247 621 327 tuas
639 263 683 325 vr.
1100 258 1143 326 17

44 433 87 500 nd
107 453 192 499 nova
220 424 354 496 consilia
380 423 595 516 relinquerent
614 421 743 509 virium,
776 425 909 515 duxere,
943 433 1078 502 alterum
1108 432 1142 501 in

43 559 157 626 agrurn
177 528 452 623 Tarquiniensem
487 527 532 596 ibi
561 529 679 621 oppida
700 527 906 601 Etruscorum
926 535 1081 607 Cortuosa
1108 549 1143 606 et

43 637 250 708 Contenebra
277 634 310 703 vi
332 644 438 725 capta.
475 633 516 700 ad
540 631 732 702 Cortuosam
760 634 838 703 nibil
865 641 1039 709 certaminis
1057 641 1140 708 'faia

42 741 208 832 inproviso
232 736 330 807 adorti
350 738 455 830 primo
476 737 617 805 clamore
640 750 736 830 atque
757 738 882 831 impetu
904 764 1031 833 caperet
1064 745 1140 813 dire·
1176 770 1180 777 ·

44 857 141 935 ptum
162 845 310 935 oppidum
331 855 428 934 atquc
443 843 607 911 incensum
621 853 679 910 est.
720 843 923 913 Contenebra
939 869 1059 936 paucos
1075 848 1141 914 dies
1158 862 1176 917 5

30 948 312 1040 'oppugnationem
339 947 502 1031 sustinuit,
536 947 692 1038 laborque
720 948 888 1016 continuus
916 972 983 1016 non
1005 949 1057 1016 die
1078 973 1142 1018 non

30 1042 137 1119 ¹nocte
158 1052 309 1120 remissus
331 1050 458 1141 subegit
479 1074 545 1119 eos.
582 1075 657 1118 curn
677 1051 710 1118 in
731 1074 790 1122 sex
818 1064 925 1145 partes
948 1052 1068 1122 divisus
1089 1077 1142 1121 ex·

39 1157 156 1224 orcitus
178 1157 342 1224 Romanus
369 1155 455 1223 senis
481 1154 568 1222 horis
595 1155 629 1223 in
655 1155 769 1225 orbern
794 1158 982 1226 succederet
1008 1157 1142 1249 proelio,

40 1260 226 1353 oppidanos
240 1262 374 1330 eosdem
394 1261 517 1350 integro
539 1282 667 1352 semper
688 1260 851 1329 certamini
871 1262 1016 1354 paucitas
1037 1261 1141 1330 fessos

39 1366 196 1448 obiceret,
224 1389 350 1434 cessere
367 1364 501 1433 tandem
520 1363 676 1457 locusque
696 1365 865 1433 invadendi
890 1365 1004 1434 urbem
1024 1365 1188 1438 Romam

38 1471 87 1537 nis
109 1471 202 1544 datus
224 1481 283 1538 est.
298 1454 302 1465 ’
319 1467 474 1561 publicari
494 1470 647 1560 praedam
666 1469 800 1536 tribunis
822 1469 982 1560 placebat,
1004 1470 1064 1538 sed
1083 1469 1141 1538 im·
1223 1509 1227 1527 ·

29 1554 168 1666 ⁴perium
186 1598 285 1666 quam
306 1573 475 1641 consilium
496 1572 623 1664 segnius
644 1571 718 1641 fuit:
752 1574 829 1641 dum
851 1586 1051 1659 cunctantur,
1075 1575 1140 1642 iam

37 1679 175 1746 militurn
203 1678 322 1770 praeda
349 1688 416 1745 erat
441 1701 503 1745 nec
529 1678 589 1745 nisi
615 1701 674 1771 per
699 1676 851 1747 invidiam
878 1678 973 1746 adimi
1005 1691 1140 1770 poterat.

35 1784 166 1852 Eodem
195 1805 294 1863 anno,
326 1803 368 1847 ne
395 1780 523 1871 privatis
551 1794 674 1854 tantum
695 1781 845 1873 operibus
869 1793 1029 1852 cresceret
1049 1782 1139 1866 urbs,

38 1884 235 1976 Capitolirun
258 1907 388 1974 quoquc
403 1906 481 1952 saxo
505 1887 658 1975 quadrato
680 1887 896 1956 substructum
910 1900 968 1971 est,
990 1912 1072 1979 opus
1087 1886 1140 1958 vel
1153 1880 1187 1958 15

37 1990 72 2060 in
93 1989 158 2058 bac
179 1986 410 2080 magnificentia
432 1987 519 2056 urbis
542 1989 808 2080 conspiciendum.

34 2190 81 2248 ’2.
109 2187 475 2262 ibioppidoEtruscorum
484 2189 555 2248 Cor·
627 2189 669 2250 15.
697 2188 889 2268 Capitolium.-
905 2187 929 2248 P
944 2209 981 2250 m.
999 2191 1025 2249 9.
1042 2186 1079 2248 ll
1106 2219 1142 2233 -
1214 2171 1219 2195 ⁸

106 2283 196 2332 tuosa
213 2283 243 2330 at
255 2275 439 2334 Contenebra
457 2279 490 2335 ui
505 2297 553 2333 ca·

105 2368 173 2438 pta:
190 2359 248 2420 ΡΜ.
266 2389 301 2404 -
319 2360 391 2422 Harl.
405 2383 422 2421 r.
440 2361 509 2420 Leid
521 2384 551 2423 t:
601 2402 605 2413 ·

106 2449 159 2518 „ui
176 2456 253 2526 capta
271 2457 350 2525 atquc
362 2460 439 2527 capta
452 2452 552 2508 diruta·

107 2539 195 2613 que“:
217 2535 266 2591 sed
284 2536 313 2591 ln
331 2535 432 2594 eisdem
452 2540 552 2597 excidit

106 2623 150 2680 od
163 2620 236 2698 quod
248 2624 377 2700 sequitur.
395 2635 476 2704 atquo
488 2622 552 2683 indo

107 2712 186 2767 etiam
205 2710 277 2786 apud
289 2709 424 2771 Dralenb.
443 2716 494 2782 „vi
509 2733 551 2769 ca·

64 2782 70 2794 x
105 2807 152 2874 pta
171 2797 344 2874 dirutaque“.
491 2853 501 2865 ,

53 2887 81 2945 ls.
107 2887 260 2961 inprouiso
277 2884 394 2942 adorti:
411 2883 443 2944 P.
461 2913 493 2930 -
513 2882 553 2943 bl:

101 2973 246 3050 inprouiso
257 2969 370 3029 adortis.
379 2990 415 3030 m.
423 2973 464 3029 3.:
475 2969 553 3028 ador·
572 3022 577 3040 ,

105 3069 162 3119 tos.
180 3091 214 3101 -
231 3056 267 3115 P:
287 3078 411 3135 coepere.

52 3149 79 3207 ⁶.
101 3145 551 3223 laborquecontinuus(„aber“):
615 3139 626 3177 ³

104 3232 164 3290 PM.
184 3231 266 3300 (11.2,
284 3233 341 3290 aa:
359 3229 553 3310 frequentique
616 3238 619 3245 '

106 3318 215 3374 tandem
238 3321 320 3378 curia.
342 3320 387 3388 .4‚
410 3322 468 3377 30.=
499 3339 553 3375 nec

107 3405 224 3461 obtineri
241 3408 337 3482 potuit.

50 3497 78 3554 8.
108 3493 191 3550 senis
210 3491 308 3548 horis:
328 3490 351 3547 P
368 3514 403 3551 m.
422 3493 447 3551 2.
471 3525 504 3534 -
531 3491 553 3548 P

107 3599 144 3638 m.
163 3581 187 3636 1.
202 3576 279 3634 Leid.
291 3597 322 3635 1.:
340 3581 412 3634 senis
431 3580 495 3637 oris.
514 3577 552 3634 ll:

33 3663 37 3680 '
106 3686 233 3724 romanus
251 3666 365 3721 senioris
381 3667 386 3735 1
400 3668 429 3719 in
441 3668 540 3723 orbem.

53 3757 80 3813 9.
107 3756 223 3832 integro
247 3746 363 3827 se'mper
385 3753 553 3806 certamini.-

107 3839 204 3899 Pot-
214 3839 402 3898 Harltminua
413 3846 485 3892 recte
493 3839 554 3904 „in-

107 3934 240 4007 tegros‘⁶.
258 3955 292 3968 -·
312 3924 387 4005 Leid.
407 3943 439 3983 a:
455 3924 554 3995 „locus

38 4080 41 4087 ¹
108 4014 553 4093 qncmuadcndif‘:sicsexcenties
617 4028 620 4034 ⁴

108 4101 552 4180 interscpermutataauntmetin.

65 4203 96 4249 Τ.
109 4202 162 4250 Livi
175 4220 226 4264 pert
239 4206 270 4252 11.

694 2276 717 2336 P
734 2299 770 2338 m.
789 2280 826 2337 1.:
844 2275 1086 2356 „conspiciendum
1098 2296 1141 2332 ca·

692 2365 852 2444 pitolinm“:
870 2366 920 2423 sed
936 2366 1013 2443 prins
1028 2364 1140 2424 verbum

694 2471 730 2511 m.
749 2452 774 2512 2.
793 2451 910 2511 deletum
928 2461 977 2511 est.

640 2541 892 2621 -substructum
915 2549 977 2597 est:
998 2537 1029 2598 P.
1054 2569 1089 2582 --
1111 2537 1141 2595 ll
1196 2546 1200 2551 '

693 2626 967 2686 m.1.:subtrnctum
985 2635 1034 2684 ert.
1052 2645 1088 2687 m.
1100 2627 1141 2683 21

693 2710 876 2773 subornatum.
913 2711 987 2771 llari,
1014 2732 1046 2770 a:
1077 2711 1141 2766 sob-

695 2807 827 2855 structum
847 2806 896 2854 est.
927 2796 1003 2852 Leid.
1021 2815 1054 2853 nr
1078 2815 1141 2872 qua·

696 2882 788 2938 dratoo
820 2881 987 2938 obstructum
1022 2888 1072 2938 est.
1107 2912 1140 2924 -

694 2967 777 3028 'llaec
798 2966 878 3037 codd
898 2967 945 3024 atii
962 2968 1143 3033 obstructum

653 3124 660 3137 x
694 3055 741 3113 alli
774 3065 974 3114 constructum
1006 3065 1070 3126 est,
1110 3065 1142 3113 ut

696 3146 722 3212 1,
732 3144 790 3202 ἢθη
805 3143 955 3211 „Horatiae
968 3143 1140 3221 sepulchrum

695 3240 920 3288 -constrnctum
939 3241 979 3287 est
990 3250 1056 3287 saxo
1075 3251 1140 3307 qua·

695 3317 804 3375 drato“.
828 3317 1140 3376 Substructumverum

695 3423 755 3460 esse
774 3403 854 3460 docet
864 3403 934 3461 Plin.
945 3405 990 3470 36,
1010 3404 1052 3462 15.
1066 3404 1141 3463 lot:

695 3490 767 3558 „sed
789 3499 853 3546 tnnc
864 3522 897 3532 -
908 3491 1140 3549 substructiones

696 3564 803 3633 irisanas
812 3574 940 3654 Capitolii
950 3579 1139 3638 mirabantur‘t

699 3695 733 3706 --
744 3665 787 3719 Ad
799 3664 880 3720 verba
893 3664 959 3734 „vel
975 3667 1004 3722 in
1014 3665 1073 3723 tac
1085 3687 1139 3724 ma·

695 3749 877 3825 gnilicentia“‘
890 3750 923 3812 cl.
940 3750 1002 3810 Livi
1021 3744 1138 3831 prooem.

697 3877 714 3905 „
721 3835 906 3894 festinantibus
916 3837 950 3895 ad
961 3840 1034 3897 baec
1042 3845 1139 3899 nova“.

698 3927 728 3992 1,
746 3925 802 3983 aa:
826 3946 882 3993 „na
905 3925 1012 3983 horum
1030 3928 1138 4004 quidem

697 4011 1064 4092 magnificentiaeoperum“=
1074 4014 1130 4072 be
1147 4030 1150 4034 ’

694 4097 823 4158 bivianae
840 4101 943 4156 aetatis.
996 4098 999 4105 ⁴
1022 4100 1025 4105 ’

858 4189 940 4252 '2
