2618 4590
524 263 634 324 bremt
650 264 699 325 Vl·
1117 253 1163 323 θ

55 429 131 521 quia
165 429 305 496 eundem
339 438 372 493 et
404 448 481 494 suae
511 426 677 517 potestatis
706 450 804 517 quem
830 426 982 499 libertatis
1016 431 1161 498 omnium

53 535 155 601 smem
176 532 359 616 cernebant,
381 541 507 622 patrum
529 530 708 599 auctoritati
728 555 764 598 se
787 530 969 601 dediderant
984 574 1028 588 -
1050 536 1160 603 iiturn

54 661 171 705 omnes
195 637 273 727 quid
296 659 377 726 opus
400 635 485 703 iacto
506 635 548 702 sit
566 636 760 703 consultant.
799 660 873 703 cum
893 650 1018 728 praeter
1037 641 1104 709 vim
1127 653 1161 710 et

53 745 193 810 caedem
214 741 292 808 nihil
315 742 466 833 cuiquam
486 751 771 839 occurreretneam
794 754 902 809 autern
916 743 1048 832 ingentis
1070 747 1158 814 dimi-

55 847 191 914 cationis
219 847 287 913 iore
315 857 496 939 appareret,
529 857 600 912 tum
622 844 667 912 M.
690 845 859 915 Menenius
888 849 983 934 etQ
1006 848 1158 917 Publilius
1176 874 1194 929 5
1227 840 1231 848 ’

55 952 176 1019 tribuni
188 951 306 1043 plebis:
322 951 423 1043 „quid
437 962 564 1042 patrum
579 960 613 1017 et
625 949 729 1039 plebis
745 964 907 1020 certamen
924 953 1058 1020 iacimus
1073 955 1162 1044 quod

53 1057 188 1125 civitatis
211 1080 282 1124 esse
306 1056 457 1148 adversus
480 1078 581 1122 unum
601 1055 788 1144 pestiferum
811 1056 915 1125 civem
942 1057 1058 1125 debet?
1084 1057 1164 1147 quid

52 1186 130 1230 cunr
151 1160 246 1253 plebe
270 1159 471 1251 adgredimur
493 1186 569 1229 eum
591 1185 689 1251 quem
710 1185 769 1251 per
789 1162 893 1254 ipsam
909 1163 1040 1254 plebem
1062 1163 1164 1230 tulius

50 1266 182 1361 adgredi
204 1278 262 1351 est7
283 1277 320 1333 ut
342 1267 407 1334 suis
429 1267 498 1358 ipse
521 1276 670 1333 oneratus
693 1266 811 1334 viribus
832 1269 923 1336 ruat?
945 1268 1031 1336 diem
1053 1268 1162 1335 dicere

51 1373 82 1440 ei
104 1372 197 1438 nobis
218 1373 252 1438 in
276 1371 382 1439 animo
406 1383 464 1439 est.
501 1369 579 1436 nihil
600 1369 705 1438 minus
726 1372 881 1462 populare
904 1398 1003 1464 quam
1024 1397 1161 1465 regnum
1175 1393 1211 1450 ιο

52 1488 112 1544 est.
150 1477 247 1543 simul
268 1476 437 1544 multitudo
460 1477 515 1543 illa
537 1499 603 1543 non
633 1499 745 1543 secum
771 1479 885 1544 certari
907 1479 1042 1546 viderint
1064 1489 1098 1546 et
1120 1502 1163 1545 ex

50 1582 215 1651 advocatis
237 1580 357 1650 iudices
380 1582 455 1650 facti
477 1591 578 1665 erunt,
601 1592 634 1648 et
657 1592 858 1648 accusatores
882 1585 921 1649 de
949 1584 1045 1674 plebe
1068 1584 1163 1676 patri·
1257 1672 1261 1683 Ι

714 1800 804 1858 dicere
826 1817 847 1859 a
869 1802 950 1860 nobis
975 1811 1025 1861 cet.
1047 1801 1122 1862 Harl.
1144 1821 1163 1861 r.

713 1887 791 1949 Leid.
801 1910 832 1950 1.=
852 1890 924 1946 diem
942 1890 1033 1947 dicere
1051 1889 1097 1946 uel
1115 1910 1165 1946 no·

714 1975 757 2030 bis
770 1985 821 2034 cet.
839 1976 918 2035 Voss.
930 1997 969 2037 n:
988 1976 1060 2035 diem
1073 1978 1166 2035 dicere

716 2061 785 2117 uelle
804 2063 883 2119 nobis
896 2073 952 2123 cet.
1221 2057 1224 2063 ⁵

646 2150 689 2207 11.
717 2150 810 2207 simul
834 2151 992 2208 multitudo
1022 2152 1078 2207 illa
1104 2172 1165 2208 non

715 2256 814 2292 secum
831 2240 941 2294 certari
952 2238 1097 2296 uiderint:
1115 2236 1165 2295 Pl!

60 1810 63 1815 '
124 1805 163 1858 ita
173 1801 289 1855 orationi
301 1798 497 1875 interponendo
509 1821 571 1858 sen·

125 1890 224 1944 tentius
246 1908 307 1943 curn
334 1886 522 1945 coniunctione
544 1899 573 1944 et

124 1976 220 2037 Livius
235 1975 389 2049 diligentius
403 1974 498 2050 agendi
512 1995 572 2031 cau·

123 2086 169 2121 sas
179 2064 333 2119 describere
347 2062 424 2122 solet.
442 2094 477 2104 —
493 2059 573 2122 Voss.

124 2173 166 2211 u:
186 2171 314 2228 nomque
325 2159 355 2206 et
367 2152 438 2226 quia
448 2150 573 2206 eundem

123 2249 152 2297 et
164 2251 237 2296 suae
247 2238 404 2313 potestatis
416 2237 573 2293 libanam-

124 2347 182 2403 que
206 2326 336 2383 omnium
349 2309 448 2399 fln'em
473 2342 572 2379 cerne·

124 2416 196 2472 bant
213 2423 263 2472 cet.

71 2505 98 2560 2.
121 2505 143 2559 ii
163 2511 226 2558 tum
251 2520 369 2557 omnes:
387 2498 410 2554 P
428 2519 464 2559 m.
482 2501 524 2571 2]
542 2497 572 2556 bi

122 2600 181 2647 tum
203 2609 304 2648 omnes.
326 2618 361 2629 -
384 2585 406 2642 P
427 2608 464 2646 m.
489 2589 513 2644 1.
531 2584 571 2642 M:

125 2678 168 2736 hii
185 2687 244 2734 tum
262 2695 364 2734 omnes.
472 2703 474 2708 ·

73 2770 99 2827 5.
125 2777 188 2824 tum
230 2765 270 2822 M.
311 2763 484 2820 Menenius:
524 2758 574 2816 Pil

124 2852 200 2912 Harl.
217 2854 246 2924 n]
266 2859 322 2905 tum
335 2848 369 2906 tl.
381 2846 510 2907 Maenius.
529 2843 574 2902 cf.

124 2945 150 3010 2,
163 2943 219 2996 32ι
239 2935 416 3006 „Menenium
428 2934 575 3009 Agrippam

123 3027 268 3088 iocundum
286 3026 375 3081 virum
394 3031 472 3076 et-
492 3019 578 3096 quod

713 2320 788 2380 Harl.
816 2344 833 2383 ι.
861 2322 939 2383 Leid.
967 2343 985 2384 1.
1015 2355 1052 2368 -
1083 2324 1164 2385 liceo.

714 2410 810 2470 codd:
827 2412 853 2468 si
871 2411 1014 2469 multitudo
1034 2422 1086 2473 cet.
1120 2413 1164 2472 Cf.

713 2500 745 2568 3,
764 2499 822 2558 fia:
851 2500 898 2555 ubi
919 2498 964 2556 bic
989 2502 1095 2557 curiam
1112 2502 1165 2557 cir·

652 2623 655 2629 ·
715 2585 901 2642 cumsederitis
926 2597 953 2643 et
980 2586 1069 2645 iorum
1096 2587 1164 2645 infe·

714 2682 786 2730 atum
804 2673 923 2729 feceritis
936 2685 963 2730 et
975 2694 1111 2731 carcerem
1123 2676 1164 2729 iu·

715 2759 854 2835 plevcritis
866 2761 1044 2836 principibus,
1056 2760 1166 2816 hisdem

714 2848 776 2900 istis
795 2845 931 2899 ferocibus
949 2848 1046 2902 animis
1060 2845 1165 2920 egredi·

717 2932 784 2985 mini
802 2939 876 2985 extra
895 2941 1000 3006 portam
1018 2942 1068 2990 cet.
1087 2963 1118 2974 -
1129 2932 1165 2989 P:

716 3026 913 3078 aeruscatores.

95 3156 98 3165 ι
124 3118 194 3174 inde
212 3112 359 3171 oriundus
376 3105 574 3185 erat-plebi
646 3106 688 3164 12.
712 3106 870 3180 patricium
899 3126 982 3163 reum
1011 3097 1165 3166 intuebun-

125 3196 573 3275 carum“.-Q.Publiliusresti·

86 3308 92 3325 ·
125 3293 179 3347 tuit
187 3288 344 3354 Glareanus,
360 3305 421 3341 cum
435 3286 464 3340 in
480 3284 573 3339 mseri-

126 3379 182 3456 ptis
200 3385 269 3432 esset
287 3383 314 3453 ᾷ,
331 3374 461 3450 publius.

69 3472 99 3527 -7.
129 3462 204 3542 quid
229 3482 294 3518 eum
320 3461 406 3536 plebe
432 3456 573 3536 adgredi·

126 3547 258 3612 murel).
286 3579 320 3589 -
349 3547 434 3604 illm.
460 3548 498 3604 1.=
527 3542 574 3620 qui

70 3684 74 3691 ,
126 3658 189 3695 cnm
209 3634 289 3714 plebe
317 3631 488 3706 adgredimur
512 3649 574 3685 eum

127 3746 216 3803 quem.
241 3742 277 3780 m.
295 3722 335 3778 3.:
354 3721 401 3794 qui
419 3738 478 3773 cum
495 3716 575 3792 plebe

127 3812 282 3890 adgreditur
300 3826 421 3883 eumque.
440 3834 474 3847 -
498 3804 575 3862 Pm.
601 3883 610 3895 θ

128 3907 166 3961 i.:
186 3899 312 3957 oneratis.

74 3994 102 4050 9.
129 3990 207 4045 diem
239 3986 338 4042 dicere
367 3983 397 4038 ei
427 3979 512 4036 nobie
542 3979 574 4034 in

127 4077 225 4131 animo
244 4081 304 4130 est:
322 4069 358 4128 Μ.
381 4099 417 4111 -
440 4067 475 4123 P:
500 4064 572 4121 diem

714 3202 780 3249 tur:
798 3191 848 3249 ΡΜ
865 3192 923 3254 rell.
945 3196 994 3263 Et,
1012 3194 1089 3272 quod.
1107 3195 1165 3251 Du·

713 3278 794 3335 ierus
820 3282 901 3335 ctiam
923 3290 985 3336 ante
1004 3283 1165 3354 patricium

713 3367 833 3445 positum
862 3364 993 3434 malebat,
1031 3367 1165 3443 scriptum

714 3473 771 3510 non
789 3462 839 3521 est,
857 3462 888 3508 ut
905 3472 1017 3527 eaquae
1033 3453 1164 3510 sibicou·
1202 3496 1210 3517 .

715 3542 798 3596 traria
816 3546 915 3605 essent,
932 3548 1092 3596 accurator
1102 3541 1165 3615 ple·

715 3627 799 3684 deins
818 3634 845 3681 et
854 3627 998 3701 patricius
1010 3647 1091 3695 reue,
1109 3647 1165 3683 ma·

716 3715 775 3770 iore
805 3716 834 3770 ui
869 3713 1059 3790 proferrentur.
1108 3734 1165 3779 uon

716 3802 802 3868 enim,
830 3799 904 3877 quod
925 3800 960 3857 ad
985 3803 1163 3880 perspicuita-

714 3897 769 3944 tem
784 3890 912 3945 oratiouis
928 3892 1052 3967 pertinet,
1072 3909 1163 3966 quem·

715 3997 795 4053 quam
807 3974 896 4051 lugere
908 3984 1021 4052 poterat,
1040 3996 1162 4034 aecusa-

714 4073 795 4122 tores
814 4065 992 4124 accusativum
1011 4083 1080 4124 esre.
