2618 4590
530 226 639 289 nunu
655 225 705 291 ix.
972 155 981 184 Ι
1102 190 1165 286 567

48 402 103 461 'et
122 392 210 483 ipsae
231 389 337 458 minae
358 400 482 464 metum
502 390 643 463 lecerunt
656 390 795 481 expertis
811 388 931 486 Gallica
953 392 1045 461 clade
1067 417 1165 485 quom

68 498 207 564 intutam
226 493 340 563 urbem
360 494 545 565 incolerent.
583 495 690 586 itaque
718 494 814 590 legati
836 495 876 563 ad
896 495 1031 577 Fabium
1053 520 1164 567 conan-

38 592 40 599 '
68 600 135 669 lem
155 598 244 669 missi
264 609 339 671 sunt
359 610 404 684 ut,
426 599 453 668 ai
474 599 551 690 quid
573 599 751 669 laxamenti
768 625 787 669 a
803 598 891 669 bello
905 598 1097 673 Samnitium
1116 624 1164 671 ea

67 715 133 788 set,
158 702 192 773 in
213 702 378 773 Umbriam
405 728 542 796 propere
569 704 745 774 exercitum
771 705 912 775 duceret.
949 705 1035 774 dicto
1060 705 1165 796 paruit

68 807 181 876 consid
201 807 389 899 magnisque
408 809 572 882 itineribus
593 809 635 877 ad
655 808 852 893 Mevaniam,
884 808 940 878 obi
961 820 1032 879 tum
1053 809 1193 899 copiaea

66 911 262 981 Umbrorum
283 925 382 997 erant,
405 913 554 1006 perrexit.
588 938 706 1004 repens
726 906 881 985 advenlns
897 912 1046 998 consulis,
1067 935 1173 1004 quem

66 1017 180 1106 procul
195 1018 327 1089 Umbria
348 1019 385 1087 in
402 1018 533 1089 Samnio
556 1017 642 1087 bella
665 1018 729 1087 alio
750 1030 944 1111 aucupatum
959 1019 1164 1102 crediderant,
1284 1078 1288 1087 .

65 1120 109 1189 ita
131 1123 282 1192 exterruit
302 1123 444 1199 Umbros
464 1135 502 1193 ut
522 1122 573 1191 alii
594 1124 809 1192 recedendmn
830 1125 872 1192 ad
893 1124 990 1192 urbes
1016 1122 1164 1207 munitm,
1211 1128 1214 1158 ¹

65 1227 197 1315 quidam
219 1228 430 1299 omittendum
450 1228 574 1297 bellum
595 1238 771 1298 censerent.
808 1228 902 1320 plaga
923 1252 1051 1297 una-
1063 1226 1163 1295 Mate·

64 1329 164 1399 rinam
185 1331 246 1423 ipsi
266 1333 494 1424 appellant-
514 1356 581 1400 non
602 1332 757 1403 continuit
783 1333 882 1402 modo
912 1343 1036 1401 ceteras
1061 1331 1095 1399 in
1116 1320 1209 1404 ar·'10

63 1435 125 1502 mis
146 1436 205 1505 sed
226 1437 397 1509 confestim.
416 1438 457 1504 ad
479 1448 642 1516 commen
669 1438 750 1527 egit:
785 1448 887 1513 anatra
913 1437 1086 1525 vallantem
1106 1435 1165 1503 Fa-

64 1538 156 1621 bium
175 1540 276 1608 adorti
298 1553 388 1609 sunt:
412 1565 502 1637 qnos·
515 1542 571 1608 nbi
585 1543 704 1610 effusas
726 1565 818 1609 ruere
832 1541 865 1608 in
880 1541 1076 1608 munimenta
1091 1562 1177 1607 eon·
1237 1578 1241 1593 ι

64 1644 115 1710 sul
135 1644 223 1728 uidit,
244 1656 412 1712 revocatos
432 1644 550 1714 milites
571 1645 612 1713 ab
635 1669 734 1738 opere
756 1656 852 1736 prout
873 1647 936 1713 loci
951 1656 1062 1712 natura
1084 1654 1163 1711 tem-

133 1809 185 1867 trio
202 1804 340 1870 verba·
356 1809 420 1869 Plll:
438 1810 577 1888 itaqnale-
610 1824 614 1832 ⁴

133 1899 188 1972 gaii
205 1897 239 1954 ad
256 1894 358 1955 fabinm
370 1906 426 1959 eoi.
437 1900 515 1956 miani
526 1898 577 1969 (122

719 1814 800 1868 etiam
817 1811 847 1867 in
864 1809 976 1884 singulis
990 1808 1113 1866 domibus
1125 1807 1163 1865 la·

719 1900 824 1956 etionea
840 1907 912 1957 aunt.
936 1900 961 1964 1,
982 1899 1040 1954 tn:
1058 1914 1106 1957 aaa
1123 1895 1163 1951 in·

131 1987 209 2056 miei)
232 1995 295 2043 aunt
318 1994 349 2042 ut
370 1987 395 2042 ai
416 1985 482 2063 qnid
506 1985 578 2043 lexa·

133 2075 218 2130 menti
235 2081 287 2133 nat.
312 2071 382 2132 Lar.
399 2074 440 2132 la
458 2082 488 2131 ut
504 2074 578 2152 qnie-

130 2160 200 2237 qnid
214 2159 366 2221 laxamenti.

80 2249 105 2308 l.
131 2248 209 2305 dicta
225 2249 328 2322 paruit
343 2249 467 2306 consul:
479 2247 519 2307 ti.
541 2278 577 2293 -·

130 2335 167 2392 P:
185 2335 258 2392 diota
275 2337 382 2413 parauit
391 2333 451 2393 aanl
461 2336 578 2411 anagnis-

131 2443 184 2499 que
206 2424 349 2479 itineribus
371 2422 406 2479 ad
426 2423 578 2480 menaniarn

131 2518 182 2566 aet.
199 2508 245 2565 lllr'
259 2508 294 2565 ad
311 2511 485 2570 meauaniam.

81 2599 109 2654 8.
135 2605 167 2652 ut
184 2597 240 2652 alii
256 2597 454 2655 recedendum
470 2597 515 2654 ad
531 2615 577 2655 ur·

131 2683 184 2738 bea
202 2684 331 2738 manitas
355 2685 478 2756 quidam
496 2682 581 2740 amia

131 2765 255 2824 tendum
266 2766 316 2836 (1²2
330 2768 510 2836 annitendum)
520 2768 578 2824 bel·

133 2856 197 2912 lum
205 2863 372 2911 censerant.-
380 2851 438 2913 ΡΜ.
447 2885 482 2901 -
493 2851 578 2910 Panlo

132 2951 196 2999 ante
212 2939 235 2997 P
252 2960 288 3000 ιιι.
312 2945 349 3001 1.=
370 2939 579 3018 praealnrnbria.

133 3060 167 3072 -
186 3026 235 3084 ΡΜ
253 3027 301 3087 al:
325 3027 427 3105 „plaga
449 3048 503 3085 nna
523 3046 578 3085 mo·

133 3117 246 3171 terinam
275 3119 330 3192 ipai
359 3114 495 3194 appellant
523 3133 579 3171 nan

137 3204 271 3258 continuit
280 3202 362 3259 mado
375 3213 480 3261 ceteras
497 3204 526 3259 in
538 3221 579 3259 aa·

134 3291 209 3346 mis“
233 3300 283 3348 cet.
310 3287 380 3348 Lov.
397 3292 435 3350 da
460 3298 578 3360 „mater-

134 3396 197 3434 nam
213 3378 267 3450 ipsi
290 3375 455 3454 appellant“.
489 3376 579 3435 Nema

134 3483 191 3521 nan
206 3463 295 3533 videt,
315 3465 439 3542 plagam
456 3463 484 3523 b.
500 3462 520 3523 l.
541 3464 578 3520 ai-

134 3550 262 3627 gnilieare
279 3570 327 3607 aaa
343 3550 467 3608 hominen
484 3551 579 3628 quiex

133 3638 212 3714 plaga
232 3637 292 3708 (vel
313 3657 382 3715 pago
405 3637 433 3696 b.
456 3658 480 3696 e.
502 3647 580 3715 parte

134 3724 279 3795 Umbriae)
296 3723 425 3804 Materiae
442 3733 580 3782 venerant.

136 3812 181 3872 Cl.
200 3812 279 3871 Caes.
297 3812 324 3871 b.
342 3811 402 3886 gall.
420 3814 447 3882 6,
466 3813 527 3870 11.:
549 3813 579 3868 in

136 3899 223 3955 Gallia
241 3920 296 3957 nan
308 3899 395 3958 solnm
413 3902 442 3958 in
454 3900 579 3957 omnibns

136 3986 289 4044 civitatibus
308 3997 387 4064 atque
405 3989 434 4045 in
455 3987 579 4046 amnibus

137 4075 212 4152 pagis
235 4076 409 4156 partibusque
428 4075 479 4134 aed
495 4095 580 4154 paene

718 1986 827 2066 peditaa
838 1994 866 2040 et
875 1986 1047 2060 inopinantes
1058 1981 1164 2058 adgres-

718 2093 767 2131 ane
793 2076 915 2148 magnoin
942 2091 1035 2129 eornm
1061 2078 1165 2148 partem

720 2159 841 2216 coneilio
858 2178 904 2216 -r
924 2161 950 2214 ia
972 2176 1057 2236 pagus
1074 2155 1164 2234 adpel-

679 2280 682 2287 ·
715 2246 825 2304 labatur
832 2245 991 2321 Tigurinna:
1003 2264 1065 2301 narn
1077 2244 1176 2301 omnia

718 2335 815 2391 civitas
836 2332 957 2393 Helvetia
985 2336 1015 2390 in
1039 2339 1165 2409 quattuor

717 2441 801 2501 pagna
818 2420 905 2479 divina
922 2429 973 2480 eat.
992 2422 1017 2489 1,
1035 2420 1079 2478 nt.

648 2509 691 2568 13.
715 2517 807 2584 prout
827 2509 888 2565 laci
909 2517 1018 2566 notura
1037 2515 1163 2582 tempan-

718 2615 777 2674 qno
796 2596 965 2670 patiebatur
987 2596 1031 2651 iia
1056 2595 1164 2651 instru-

719 2685 767 2737 xit
785 2682 1022 2755 cohortaremur
1044 2678 1164 2755 praedi-

718 2768 833 2823 catione
851 2787 924 2824 uero
942 2786 1003 2843 qua
1015 2767 1046 2821 in
1061 2765 1165 2821 Tuscia

720 2872 782 2929 qua
806 2855 838 2908 ia
861 2853 985 2912 Somnio
1011 2859 1165 2926 partorum
1267 2920 1270 2935 ι

718 2940 874 2997 decorum:
898 2939 955 3001 Pii
990 2937 1124 3012 Peraaepe
1147 2956 1165 2993 a

719 3025 800 3084 Livio
824 3046 885 3102 qua
895 3057 929 3071 -·
940 3046 1002 3104 quo
1023 3044 1073 3103 pro
1093 3043 1163 3099 par·
1282 3032 1287 3053 ¹

718 3115 934 3192 tim-partim
962 3112 1048 3170 scribi
1071 3119 1164 3168 natum

718 3202 841 3258 videtur:
871 3201 905 3261 el.
931 3203 963 3271 ὓ,
986 3201 1031 3259 35.
1057 3200 1102 3256 ta.
1128 3228 1163 3240 -

718 3287 768 3345 ΡΜ
798 3307 944 3366 omnesque
970 3306 1056 3365 prope
1079 3283 1163 3342 Drak.
1224 3286 1226 3291 ’

719 3374 812 3434 codd:
844 3396 922 3452 „qna
947 3394 978 3431 ae
1001 3373 1095 3432 urbem
1120 3392 1164 3429 ra-

719 3482 825 3520 manent
848 3470 1049 3541 oppugnaturos
1070 3461 1165 3519 minati

718 3555 812 3609 aunt“.
848 3549 879 3606 ln
904 3548 981 3610 Leid.
1005 3569 1024 3608 ι.
1048 3549 1165 3618 „minati

719 3639 797 3694 aint“
818 3637 949 3715 seriptum
973 3656 1034 3697 ease
1056 3636 1164 3694 dieitur.
1246 3684 1249 3691 .

720 3723 754 3782 ol.
772 3726 804 3795 3,
823 3725 862 3782 2:
890 3723 1003 3783 dederit.
1028 3754 1063 3766 -
1092 3720 1169 3781 (lodi

719 3811 830 3887 Sigara:
848 3821 1054 3889 expugnaturos.
1079 3809 1102 3869 l.
1118 3808 1164 3868 Fr.

721 3897 806 3956 Gran.
824 3900 903 3954 etiam
925 3899 1045 3956 instruit
1061 3898 1090 3954 in
1105 3897 1163 3952 auia
1184 3943 1186 3947 .

720 3984 797 4042 libris
827 3988 962 4043 invenisne
989 3984 1055 4043 vult.
1078 3981 1165 4054 „Ab

720 4074 761 4132 aie
779 4071 828 4132 der
846 4071 950 4132 Canoul
968 4071 1035 4133 wild
1052 4068 1101 4132 aul
1111 4070 1163 4129 den
