2618 4590
153 192 231 295 'sss
514 274 518 287 .
628 238 743 331 ιιιΒιιιι
761 239 808 300 m

166 427 223 494 ges
246 404 326 474 haec
348 426 432 502 quae
448 404 583 495 agrarias
598 426 727 493 semper
741 405 940 495 inpugnauitr
961 404 1048 472 haec
1073 405 1222 472 conubis
1235 430 1271 496 pe

166 522 251 578 trum
273 521 306 613 et
327 510 439 602 plebis,
452 510 627 599 interrupit,
649 509 730 577 haec
751 508 838 600 plebi
860 510 900 576 sd
916 509 1049 576 curules
1075 512 1272 602 magistratus

91 678 102 693 ,
165 617 225 715 iter
247 616 423 707 obsaepsit:
458 612 521 681 hoc
544 624 594 680 est
622 637 741 681 nomen
770 615 872 682 multo
901 637 999 705 quam
1023 614 1272 707 Tarquiniorum

121 786 126 791 .
165 722 307 790 inlestius
330 731 455 788 vestrae
468 717 624 784 libertati.
663 718 747 785 itane
775 721 905 787 tandem
930 719 1015 810 Appi
1039 718 1185 803 Claudi,
1213 745 1270 789 cun

100 842 105 847 “
133 828 356 912 scentesimus
377 827 441 892 ism
470 846 571 890 annus
599 824 640 890 sit
668 823 708 889 ab
732 823 829 891 lllam.
853 824 988 892 Aemilio
1017 824 1208 908 dictatore,
1236 837 1270 892 tot

163 957 313 1002 censores
336 931 452 999 luerint
473 928 658 1003 nobilissimi
681 929 907 1020 fortissimique
936 929 1001 1010 viri,
1030 952 1141 998 nemo
1170 926 1269 998 eorum

144 1034 333 1107 'duodecim
356 1034 478 1103 tabulas
501 1032 598 1122 legit?
635 1054 731 1102 nemo
760 1035 791 1100 id
813 1034 862 1101 ius
891 1053 961 1101 esse
984 1034 1080 1124 quod
1110 1046 1268 1126 postremo

163 1145 302 1237 populus
325 1140 468 1209 iussisset
490 1137 580 1204 sciit?
602 1137 701 1205 immo
723 1161 801 1206 vero
822 1160 935 1206 omnes
953 1139 1125 1208 sciverunt
1152 1151 1190 1208 et
1210 1141 1269 1206 ideo

162 1249 316 1318 Aemiliae
337 1245 443 1336 potius
466 1241 527 1332 legi
549 1255 721 1331 paruerunt
743 1266 841 1333 quam
862 1243 907 1309 illi
930 1244 1104 1334 antiquae,
1128 1268 1200 1336 qua
1222 1245 1268 1334 pri·

115 1377 148 1431 ιο
161 1379 251 1421 mum
275 1370 425 1421 censores
447 1347 543 1415 creati
566 1359 670 1435 erant,
699 1348 773 1438 quia
800 1348 884 1415 hanc
911 1359 1118 1439 postremam
1142 1351 1270 1418 iusserat

160 1458 299 1551 populus
322 1467 355 1525 et
377 1452 460 1545 quia,
482 1453 537 1520 ubi
559 1453 641 1520 duae
658 1454 832 1520 contrariae
852 1452 938 1544 leges
961 1464 1045 1536 sunt,
1071 1475 1213 1546 semper
1227 1479 1267 1521 an

159 1565 268 1656 tiquae
291 1561 426 1652 obrogat
446 1582 541 1626 nova.
580 1582 620 1626 an
643 1559 706 1626 boc
728 1559 806 1626 dicis
828 1558 921 1649 Appi,
942 1580 1008 1625 non
1035 1560 1149 1627 teneri
1172 1561 1267 1629 Aemi
1295 1596 1297 1605 ⁴

159 1670 200 1737 lia
222 1669 293 1762 lege
321 1665 499 1758 populum?
535 1687 576 1731 sn
597 1663 753 1754 populum
780 1664 896 1747 teneri,
929 1675 962 1731 te
989 1686 1098 1730 unum
1122 1665 1267 1754 exlegem

159 1775 252 1845 esse?
271 1773 374 1843 tenuit
395 1769 529 1838 Aemilia
551 1770 605 1837 lex
628 1768 785 1836 violentos
807 1768 880 1835 illos
903 1790 1053 1837 censores
1080 1768 1121 1835 C.
1138 1769 1266 1835 Furium
1296 1804 1298 1817 ·

113 1904 145 1962 15
158 1893 192 1951 et
212 1880 259 1949 M.
282 1878 475 1970 Geganium,
509 1875 564 1966 qui
593 1874 669 1964 quid
696 1874 755 1942 iste
782 1874 983 1965 magistratus
1011 1872 1044 1939 in
1072 1897 1112 1941 re
1140 1873 1264 1966 publica

174 2018 200 2074 ³.
227 2013 283 2071 hoe
301 2020 347 2070 est
358 2029 464 2067 nonren
475 2007 568 2065 multo
582 2025 673 2082 quum
814 2026 879 2063 nero
891 2006 977 2063 omnls
989 2006 1115 2064 sciuerit.
1126 2004 1201 2063 -M
1209 2005 1262 2064 eod,

207 2126 213 2137 ⁸
231 2101 462 2177 Tarquiniorum
474 2096 614 2168 iusestius
625 2113 672 2150 ue·

227 2197 309 2246 strae
320 2187 465 2243 libertati:
478 2181 535 2240 Ptl.
548 2214 582 2224 -
593 2178 671 2237 llulti

224 2295 295 2334 rece.
313 2273 408 2330 codd:
427 2279 533 2327 nostrae
545 2266 671 2326 libertati.

228 2392 260 2404 -
287 2359 394 2416 Deinde
421 2359 551 2432 scriptum
579 2357 670 2414 estin

224 2447 248 2504 Ρ
264 2467 300 2505 m.
321 2450 345 2504 l.
367 2453 395 2501 et
417 2446 445 2501 in
462 2442 501 2500 bl:
524 2443 595 2497 itane
614 2449 669 2495 tan-

226 2536 288 2592 dem
306 2533 378 2612 appii
392 2529 490 2587 claudii
503 2547 564 2585 eum
582 2537 669 2583 cente·

227 2626 312 2681 nimus
330 2623 382 2678 ianr
396 2637 481 2675 annus
492 2619 528 2674 sit
546 2616 579 2672 ab
591 2635 670 2672 nram.

224 2710 331 2770 aemilio
344 2708 476 2764 dictatore
492 2714 533 2762 tot
545 2722 670 2761 censores

224 2800 325 2858 luerint
342 2792 503 2853 nobilissimi
515 2793 667 2851 fortissimi·

224 2906 277 2966 que
306 2886 358 2944 uiri
389 2893 439 2942 eet.
473 2913 507 2924 -
544 2881 620 2938 Leid.
649 2901 668 2937 ι.

223 2973 304 3033 Voss.
317 2991 343 3031 u.
362 2970 408 3028 al:
431 2968 667 3045 „nobilissimique

150 3068 153 3073 ’
223 3061 364 3120 fortissimi
394 3058 479 3114 uiri“.
528 3056 592 3113 hinc
622 3055 666 3110 alii

221 3147 315 3206 noddo
339 3143 552 3220 nobilissimique
578 3142 666 3198 fortis·

221 3234 337 3312 nimique
355 3235 416 3293 uiri.

168 3331 194 3388 7.
223 3344 307 3383 mmo
327 3322 361 3379 id
377 3323 425 3377 ius
442 3337 509 3377 esse
522 3317 606 3397 quod
613 3338 665 3392 po·

220 3423 329 3473 strumo
363 3406 492 3482 populus
527 3407 667 3462 iussisset

220 3501 303 3559 sciit.-
322 3494 387 3568 ΡΜ]
401 3512 478 3550 uerno
489 3523 522 3534 -
531 3492 621 3550 seivit.
631 3514 666 3532 -—·

219 3584 282 3646 rub
300 3586 383 3640 immo
401 3602 466 3640 nero
480 3581 567 3641 omnis
580 3581 666 3637 sciue-

219 3682 290 3732 runt
320 3668 364 3730 Cl.
382 3671 409 3740 9,
426 3671 482 3728 bt:
508 3686 600 3725 ornnes
619 3669 665 3744 qui
708 3669 710 3679 ⁴

220 3765 290 3820 eirca
301 3769 385 3818 erant.
394 3789 428 3800 -
437 3755 513 3816 Laid.
521 3776 537 3813 r.
548 3753 626 3813 Voss.
639 3774 665 3812 u.

218 3850 266 3908 al.=
296 3864 374 3905 nemo
401 3844 430 3903 ld
453 3847 565 3901 iussisse
592 3841 665 3919 quod

218 3947 356 4013 postremo
375 3943 426 3994 cet.
445 3930 563 3992 lacida:
582 3935 665 3988 immo

219 4042 284 4080 uero
302 4042 395 4080 omnes
413 4021 542 4078 sciuerint
560 4051 593 4062 —
612 4016 663 4091 legi

218 4110 363 4192 ppruerint.
405 4107 484 4168 Voss.
507 4125 551 4164 m:
581 4107 663 4184 immo

813 2093 1261 2168 Tbuao.ornnesquel)relc.codd:

814 2183 876 2259 quia
896 2181 963 2236 benc
987 2189 1165 2255 postremam
1181 2184 1260 2238 insse·

813 2280 854 2326 rat
871 2268 996 2346 populus.
1025 2267 1060 2323 l':
1083 2270 1177 2346 „qnia
1199 2269 1261 2324 base

812 2355 1259 2433 postremumiusseratpopulus‘·:

810 2445 862 2514 (el.
875 2444 949 2521 quod
961 2441 1040 2521 paulo
1054 2454 1120 2500 ente
1132 2445 1259 2520 seriptum

812 2539 868 2586 eret
886 2530 981 2608 „quod
1001 2540 1158 2606 postremo
1176 2551 1257 2610 popu-

811 2617 853 2675 lus
863 2619 1031 2684 iussisset“).
1048 2649 1080 2662 -
1097 2617 1150 2676 PM
1159 2617 1255 2679 Leidr.

811 2704 873 2765 eod.
899 2704 1008 2765 Kloelm
1036 2725 1170 2783 „semper
1194 2709 1255 2763 auti·

740 2814 754 2829 ·
810 2814 878 2870 quae
900 2793 1011 2868 obrogat
1038 2800 1146 2854 noua“.
1183 2793 1255 2851 Multi

809 2901 879 2939 rece.
898 2880 990 2940 codd:
1010 2880 1179 2956 „abrogat“.
1210 2881 1254 2938 sed

809 2969 919 3042 abrogat
936 2967 1029 3042 legem,
1048 2969 1094 3044 qui
1106 2968 1195 3049 legepr
1206 2968 1254 3024 tol·

808 3054 841 3111 lit
858 3063 904 3110 ant
919 3054 1004 3110 cllieit
1022 3065 1052 3111 ut
1070 3056 1195 3114 tollatur:
1212 3058 1253 3113 ob

809 3152 884 3217 rogat
902 3142 966 3216 legi,
989 3145 1035 3219 qui
1060 3142 1179 3221 aliqum
1197 3163 1253 3223 par-

808 3239 862 3285 tem
881 3229 947 3304 legis
967 3229 1105 3287 cuiusdam
1129 3247 1180 3310 pro
1199 3251 1251 3288 mu·

806 3319 869 3372 tetis
878 3327 1028 3393 temporum
1039 3319 1190 3376 rationibus
1199 3338 1252 3376 mu·

757 3424 760 3429 ·
806 3413 889 3461 tatem
907 3405 973 3467 uult.
1073 3461 1077 3469 ,

738 3493 780 3550 13.
806 3499 836 3548 te
849 3510 939 3548 unum
951 3495 1089 3572 exlegem
1100 3513 1185 3551 esse:
1198 3492 1250 3551 Pii

783 3642 789 3665 i
807 3606 841 3622 -
855 3576 930 3637 Leid.
944 3599 960 3640 r.
978 3580 1108 3656 multique
1126 3581 1175 3638 alii
1186 3601 1251 3638 rece.

807 3665 901 3724 cudda
920 3666 1034 3742 exlege.
1067 3667 1134 3727 [ιον.
1150 3673 1192 3728 dr
1209 3688 1250 3725 ex·
1298 3679 1302 3695 ¹

806 3762 847 3809 tra
866 3755 959 3827 legem.
980 3753 1023 3812 Cf.
1042 3755 1101 3814 Cie.
1120 3776 1172 3830 pro
1190 3754 1249 3814 ctu-

808 3849 861 3900 ent.
896 3844 946 3908 st,
964 3845 1022 3900 ut:
1047 3863 1101 3900 non
1121 3844 1197 3920 quod
1213 3842 1250 3901 illi

807 3939 852 3984 ant
863 3928 979 4004 exlegem
988 3949 1047 3987 esse
1054 3929 1158 3989 Sullam
1166 3963 1198 3976 -
1204 3951 1249 4008 pu·

737 4030 747 4050 ⁸
803 4024 900 4075 tarent.

736 4105 778 4161 15.
807 4103 883 4179 quid
910 4105 966 4163 iste
996 4107 1193 4184 magistratus
1220 4107 1250 4164 in
