2798 4722
28 413 31 480 t

458 229 677 342 ''unaam

48 469 93 514 nos
112 445 179 512 ianr
203 427 393 528 exercitibup
414 440 594 537 conparatis
615 439 656 510 ab
670 440 817 512 Romano
839 439 1054 536 iuPelignum
1069 458 1137 514 var·

50 551 76 618 a
93 549 231 616 terrum:
263 570 370 638 neque
392 547 436 616 aa
457 545 504 616 rei
525 557 634 638 germ
656 547 742 616 rnna
763 544 871 614 rarae
892 531 938 618 se·
950 549 1067 619 sunaus
1091 556 1136 620 te:

50 655 103 722 uuit
122 655 182 722 sed
197 650 471 742 Carthaginienses
493 675 623 744 quoque
644 652 767 745 legatos
789 650 980 744 gratulatum
997 653 1136 724 Romam

50 761 146 828 nuere
169 783 248 829 cunr
269 781 407 826 coronae
429 780 544 828 aureae
566 756 669 842 dono,
693 782 777 849 quae
798 757 832 826 in
853 755 1011 849 Capitolio
1033 759 1066 828 in
1087 761 1135 828 Io·

52 863 86 930 vis
104 864 185 934 cella
212 873 401 955 poneretur:
434 862 629 953 turpanda
657 860 768 954 viganti
796 859 948 954 quinque.
985 865 1171 934 eonsules5

51 969 127 1038 arnbo
155 969 198 1037 de
225 967 422 1036 Samnitibus
449 965 685 1057 triumpharunt
711 976 867 1058 sequente
891 965 995 1036 Decio
1022 966 1137 1059 insigni

50 1097 107 1142 curn
125 1075 225 1144 laude
245 1071 417 1164 durisque,
443 1095 520 1142 cum
540 1069 704 1146 incondito
725 1070 852 1140 militari
872 1071 945 1142 ioco
971 1071 1059 1141 haud
1079 1073 1137 1140 mi·
1214 1086 1217 1102 ·

52 1203 96 1246 nus
114 1177 235 1247 tribuni
256 1177 382 1247 celebre
404 1200 525 1248 nomen
551 1201 650 1269 quarn
672 1174 842 1244 consulum
868 1187 963 1248 easet.
1002 1176 1136 1269 Campa-

51 1307 145 1352 norum
167 1283 286 1354 deinde
307 1282 606 1397 Suesqanommque
627 1280 752 1352 auditae
773 1280 961 1388 iegationee,
980 1283 1136 1374 precanti-

102 1417 130 1474 in
151 1413 330 1494 quadraginta
344 1433 440 1472 ›aanoa
465 1413 551 1490 impe·

101 1511 230 1562 traurnnr
240 1502 299 1571 tei.
314 1505 411 1574 mr.)
429 1511 491 1560 orto
504 1500 552 1560 de·

105 1609 178 1650 rrum
202 1593 266 1648 anui
289 1592 391 1668 peracti
409 1599 493 1650 erant.
514 1619 550 1634 ·-

103 1675 164 1737 Pttz
197 1679 232 1737 ab
261 1696 374 1736 romano
403 1676 433 1734 in
460 1673 550 1753 poelt·

103 1783 193 1841 orm·
288 1761 290 1772 ’

64 1851 84 1912 t.
107 1873 183 1930 quoe
202 1854 235 1912 in
252 1851 400 1928 Capitolio
419 1852 451 1910 in
467 1851 552 1912 Ionia
571 1847 574 1859 '

104 1941 179 2000 cello
195 1948 376 2017 poneretur:
390 1937 450 1998 ΡΜ.
468 1969 503 1982 -
519 1937 552 1996 In

105 2047 171 2089 rece.
203 2025 364 2104 quibusdam
391 2025 470 2086 codd.
496 2045 552 2084 uon

105 2113 271 2190 ineleganter
291 2115 421 2192 seriptum
442 2122 485 2170 eat
501 2113 553 2182 „iu

108 2201 379 2280 Capitoliolunooia
389 2199 555 2271 aella“,eorn

107 2288 226 2348 librariis
247 2288 277 2346 in
301 2297 419 2348 ruentem
435 2290 555 2348 veniant

107 2377 172 2436 illud
180 2374 361 2454 virgilianum
372 2375 457 2448 (Aen.
464 2378 488 2444 1,
496 2378 554 2448 15.)

108 2464 201 2534 „Urba
226 2465 336 2542 antiqua
356 2463 409 2522 tuit
426 2495 460 2508 -
477 2462 554 2540 Tyrii

107 2563 217 2611 tenuare
229 2550 320 2611 coloni
330 2583 363 2594 -
373 2549 509 2629 Carthago
519 2581 555 2594 -

108 2639 195 2716 Quam
212 2639 280 2697 Iuno
299 2638 384 2698 fertur
401 2640 481 2696 terrie
498 2659 553 2697 ma-

88 2733 93 2748 “
108 2729 148 2804 gia
160 2728 287 2786 omnibus
304 2745 385 2785 unam
396 2725 554 2784 Pasuabtu

108 2813 224 2874 oalnieaa
247 2814 339 2874 Samo.
369 2845 404 2860 -
433 2812 475 2872 dit
503 2811 555 2870 tuit

109 2923 135 3003 p
150 2924 212 2961 xxv.
229 2908 306 2962 cou‘.
319 2900 398 2958 ambo
409 2898 445 2957 da
455 2900 554 2957 samni-

109 3000 182 3058 ribus
194 2995 402 3075 triumpharunt.
418 2993 455 3052 Pr
472 2993 556 3074 tuttp

112 3065 261 3147 xxvioontr.
280 3080 556 3144 ambooetiiarl.1.t
584 3097 602 3144 ².

112 3172 162 3232 tati
178 3172 294 3254 proinde
317 3173 413 3247 uiginti
430 3171 559 3250 quinque.

113 3261 190 3322 tait.
209 3283 241 3320 rr
258 3258 310 3318 tuit
326 3279 377 3340 pro
395 3258 490 3334 viginti
507 3265 559 3316 cet.

112 3379 148 3393 -
173 3347 241 3409 Poll.
267 3351 294 3408 1.
320 3350 347 3406 3.
364 3345 444 3406 voa.
462 3364 489 3406 u.
512 3343 559 3404 ala
594 3333 596 3340 ¹

114 3435 287 3516 triumphare.
314 3465 353 3478 -
381 3431 465 3494 Paulo
495 3439 561 3511 poet

115 3523 189 3584 ttm.
202 3526 241 3584 1.r
259 3520 344 3580 milita
359 3523 365 3593 Ι
379 3520 450 3582 loeo.
470 3540 507 3580 m.
518 3521 560 3580 tr
642 3571 647 3586 ,

116 3610 225 3670 militari
236 3610 320 3685 lluco.
329 3609 364 3668 1>=
372 3608 482 3666 militari
490 3608 561 3665 iooo.

72 3697 95 3758 9.
118 3698 419 3774 ιδ’τιιειειινιονιιηι«μισ.·Ι
431 3693 480 3752 ΡΜ
492 3693 562 3766 reli]

117 3785 395 3862 Suaraulanorurnqae
421 3786 471 3853 (ax
493 3781 593 3866 coni0⁴

119 3873 230 3950 Sigon.)
242 3903 275 3917 -
290 3870 323 3934 C.
336 3870 463 3946 Sigonius
473 3867 564 3930 Suer-

119 3963 354 4037 aulouorumque
369 3957 454 4018 scribi
466 3955 564 4040 poluit,

121 4049 195 4126 quod
215 4069 272 4108 non
297 4052 387 4110 minua
404 4048 434 4106 in
451 4044 564 4105 Sueaau·

122 4134 198 4196 lauoa
216 4155 297 4214 qaam
310 4140 339 4196 in
351 4135 504 4216 Campanae
515 4130 565 4190 Sa·
612 4148 639 4160 ·“

690 1412 816 1472 mnitiurn
839 1413 922 1470 animi
947 1413 1046 1474 irritati
1072 1413 1139 1474 faia·

690 1507 760 1560 aaut.
788 1497 839 1558 aed
854 1519 1014 1578 quamquam
1031 1501 1139 1560 tertiam
1156 1519 1158 1532 ·
1178 1553 1180 1562 .

668 1585 766 1668 ,ittam
788 1607 849 1644 curn
871 1585 1002 1646 Romania
1022 1607 1139 1668 pugnam

690 1671 858 1732 Samnitibus
867 1673 901 1732 ad
909 1673 1064 1732 Suraeularn
1074 1675 1139 1733 tuta·

691 1781 724 1820 ae
740 1765 768 1831 7,
784 1763 829 1820 37.
845 1756 968 1837 legimur,
994 1771 1082 1818 tamen
1100 1762 1140 1819 ibi

692 1869 750 1908 non
765 1847 840 1926 quod
849 1847 1022 1908 Sueuulania
1033 1848 1140 1909 Samni·

691 1947 735 2002 tea
757 1937 855 1994 offerri
877 1946 968 1994 aaaeru
993 1946 1140 2014 pugnatum
1230 1954 1232 1966 ·

694 2033 745 2094 est,
762 2023 811 2082 aed
828 2024 903 2102 quod
919 2025 959 2084 ibi
972 2026 1001 2082 in
1013 2025 1073 2081 loco
1086 2024 1140 2082 Ca·

653 2119 655 2128 ’
694 2131 765 2190 praa
781 2114 934 2190 propinquo
948 2111 1084 2170 Samnites
1100 2109 1141 2168 ul·

694 2201 762 2258 tirno
781 2201 926 2259 certamina
944 2200 1079 2258 fortunam
1096 2217 1146 2254 au·¹

693 2288 778 2366 periri
794 2296 950 2348 statuerant.
974 2277 1141 2346 Samnitibus
1267 2327 1268 2336 ,

694 2384 784 2434 autem
812 2375 893 2434 viatia
923 2395 984 2434 aum
1009 2371 1142 2451 Campani

695 2463 879 2522 Romanorum
892 2462 1014 2523 dediticii
1024 2460 1089 2518 faeti
1100 2478 1143 2515 ea-

693 2561 768 2620 eent,
791 2569 826 2608 ne
843 2549 1015 2612 simulanti
1032 2546 1143 2626 quidam

694 2659 756 2698 aum
773 2636 919 2717 Campania
939 2637 1090 2696 coniunctis
1108 2633 1141 2690 ab

696 2725 864 2787 samnitibus
894 2745 1054 2804 magnopere
1088 2741 1143 2780 me·

695 2811 981 2872 tuendumvidehatur.
997 2811 1078 2884 longe
1090 2807 1143 2864 alia

694 2919 760 2958 vero
778 2898 975 2956 &annornm
998 2894 1057 2954 iore
1078 2914 1143 2951 eon-

682 2977 768 3047 'dicio
780 2984 869 3044 rideri
885 2985 982 3065 potuit.
1001 2999 1061 3040 aum
1074 2983 1146 3038 eninr

699 3073 807 3144 Sueaea,
825 3093 895 3152 quae
912 3080 1005 3150 portae
1018 3071 1145 3128 Aurunca

698 3159 831 3241 appellata
849 3171 892 3220 eat
908 3163 953 3231 (8,
971 3161 1047 3230 15.),
1073 3153 1147 3218 haud

699 3250 797 3331 procul
814 3249 848 3308 ab
860 3247 952 3310 Teano
964 3247 1087 3308 Sidicino
1101 3245 1146 3301 ab·

700 3348 787 3408 eaeet,
822 3357 873 3396 nea
902 3336 1037 3394 Samnitas
1068 3331 1146 3410 quid·
1179 3362 1181 3367 ,

675 3444 782 3506 'quarn
805 3425 889 3498 magia
913 3442 993 3500 quarn
1011 3419 1148 3478 Sidicino·

701 3531 762 3570 rum
791 3512 929 3569 interitum
958 3509 1052 3568 videre
1079 3503 1149 3562 velle

702 3597 866 3666 viderentur,
884 3606 979 3676 utpote
990 3597 1038 3674 qui
1049 3598 1095 3664 (8,
1107 3594 1148 3665 t.)

704 3685 738 3742 ab
760 3683 890 3742 Romania
920 3683 1029 3742 foedere
1057 3683 1148 3740 aurici·

704 3775 758 3832 tiae
775 3782 904 3830 renovato
923 3771 987 3830 belli
1001 3773 1044 3830 tus
1056 3770 1149 3828 adver·
1214 3825 1218 3834 ,

704 3880 753 3918 erre
761 3859 898 3918 Sidicinos
908 3869 1040 3938 peterent,
1054 3861 1150 3916 timen-

646 3991 652 4024 p
706 3948 770 4010 duur
793 3957 851 4004 erat
871 3967 905 4006 ne
923 3948 1057 4006 Samnitas
1078 3943 1150 4001 Sidi-

706 4037 775 4094 ciuia
793 4037 873 4095 virile
889 4037 1012 4094 victricia
1032 4033 1151 4090 armaio
1264 4041 1267 4050 ’

705 4126 873 4206 propinquos
885 4122 1035 4183 sucaranae
1053 4117 1152 4180 inferre
