2618 4590
429 288 431 294 “
518 276 627 338 blBllll
642 276 713 339 vili.
737 280 746 296 “
1105 266 1173 337 289

72 444 226 511 ducerent
246 441 384 510 Romani
406 439 586 523 rictoriam,
609 463 706 531 quam
726 437 920 509 Samnitibus
941 464 983 512 ex
1004 443 1171 536 Campano

58 550 274 639 ‘Sidicinoque
295 546 390 613 hoste
413 545 609 636 eripuissent,
631 567 673 611 ne
694 542 778 612 vinci
799 544 895 612 etiam
915 569 953 613 se
975 549 1016 614 ab
1037 548 1169 638 ignavis

69 653 157 719 simis
180 650 308 742 populis
325 650 479 718 sinerent:
501 647 632 716 Latinos
650 647 906 741 Campanosque,
929 651 955 718 si
970 652 1029 718 sub
1046 652 1168 721 dicione

66 756 180 848 populi
201 755 338 822 Romani
360 764 480 837 essent,
507 777 567 845 pro
594 751 728 843 imperio
757 764 902 823 arcerent
923 754 1059 823 Samniti
1084 778 1169 845 agro,

68 863 119 928 sin
146 860 315 950 imperium
343 861 532 943 abnuerent,
560 857 655 925 armis
678 871 871 927 coercerent.
910 861 1062 928 advorsus
1087 860 1204 932 haeai

67 988 259 1055 responsum
280 987 399 1054 anceps
421 964 545 1045 datum,
577 962 652 1054 quia
679 963 771 1031 fateri
796 964 927 1056 pigebat
953 960 991 1032 in'
1009 975 1169 1056 potestate

68 1092 127 1136 sua
141 1068 273 1137 Latinos
293 1069 359 1136 iam
380 1092 446 1137 non
468 1090 548 1152 esse,
569 1066 790 1158 timebantque
810 1091 853 1135 ne
875 1070 1036 1159 arguendo
1054 1067 1168 1136 abalie-
1206 1152 1209 1157 Ι

66 1183 194 1241 narent:
215 1172 454 1264 Campanorum
476 1172 571 1238 aliam
593 1173 814 1241 condicionem
837 1196 918 1258 esse,
941 1173 1081 1265 quinon
1102 1174 1169 1242 loe·

66 1279 143 1353 dere
165 1277 223 1344 sed
244 1300 303 1368 per
325 1276 520 1345 deditionem
540 1277 574 1344 in
595 1277 694 1345 fidem
715 1278 885 1363 venissent,
906 1279 1014 1370 itaque
1034 1278 1168 1371 Campa-

65 1405 126 1450 nos
146 1405 206 1450 seu
226 1381 327 1449 velint
348 1405 406 1449 seu
428 1381 532 1449 nolint
558 1381 736 1472 quieturos:
773 1383 807 1449 in
835 1383 965 1451 foedere
986 1382 1100 1451 Latino
1123 1381 1168 1449 ni·
1180 1390 1216 1451 10

62 1486 109 1553 hil
131 1509 201 1553 esse
224 1486 312 1576 qnod
334 1485 455 1552 bellare
478 1509 552 1552 cum
575 1486 691 1576 quibus
712 1486 773 1577 ipsi
786 1487 886 1555 velint
906 1488 1144 1579 prohibeantur.

154 1590 207 1658 lll.
252 1588 350 1675 Quod
372 1610 565 1679 responsum
585 1591 632 1658 sic
652 1602 691 1658 ut
712 1591 826 1659 dubios
840 1591 1000 1659 Samnites
1016 1592 1168 1683 quidnam

61 1693 223 1763 facturum
243 1693 427 1761 Romanum
449 1707 617 1763 censerent
638 1693 772 1778 dimisit,
799 1695 843 1764 ita
867 1695 1049 1787 Campanos
1078 1707 1168 1763 metu

61 1797 268 1882 abalienavit,
295 1795 425 1866 Latinos
447 1799 537 1869 velut
557 1799 635 1868 nibil
656 1801 722 1868 iam
742 1823 810 1870 non
836 1798 1085 1870 concedentibus
1105 1800 1168 1869 Ro-

79 1944 109 2001 3.
136 1941 167 1998 si
183 1940 238 1997 sub
257 1938 373 1996 dicione
387 1941 445 2016 pii.
468 1946 582 1998 essent.-
656 1930 666 1943 ”
723 1939 897 1999 sebiosrenen
920 1940 1075 1999 Bb’ndnisse
1094 1938 1169 1997 finde

133 2025 169 2086 tt.
192 2026 290 2087 -.P=
320 2031 362 2106 pi.
387 2058 422 2069 -
452 2024 531 2086 Voss.
553 2047 582 2084 rr.

133 2113 265 2190 multique
283 2112 330 2170 alii
347 2132 417 2171 rece.
436 2111 528 2171 codd:
554 2114 584 2170 si

132 2203 275 2280 imperium
292 2201 448 2258 abnuerent.
475 2230 509 2242 -
539 2198 581 2256 lla

131 2292 214 2345 armis
237 2296 407 2346 coarcerent:
431 2285 482 2357 (ci.
504 2305 579 2343 coar·

131 2396 184 2452 guo
203 2376 265 2448 ab).

74 2489 104 2547 7.
131 2488 330 2564 timebantque
356 2507 394 2544 ne
421 2484 578 2566 arguendo

132 2575 352 2631 abalienarent:
370 2573 401 2633 P.
426 2604 461 2615 -
487 2570 528 2629 lli:
545 2574 580 2629 ri-

132 2661 241 2716 mebant
260 2662 313 2735 qui
329 2681 364 2716 ne
379 2659 515 2736 arguendo
534 2659 580 2715 ab·

134 2747 291 2803 alienaretiu
301 2765 489 2822 campanorum
502 2745 582 2803 aliam

133 2832 317 2890 conditionem
330 2852 405 2890 esse.
422 2851 458 2888 ru.
472 2832 513 2889 Ἅι
525 2832 581 2899 „ti-

132 2918 329 2995 mebantquo“t
358 2916 408 2975 sed
435 2937 502 2976 esse
524 2937 581 2975 arr·

132 3027 192 3064 sum
211 3014 259 3065 est.
278 3038 312 3049 -
336 3004 412 3064 Pm.
432 3008 470 3064 l.:
489 3004 582 3061 condi·

722 2029 781 2085 sich
804 2028 910 2098 mahts,
938 2029 1001 2086 dass
1024 2028 1107 2087 ihneu
1124 2028 1168 2097 (in

723 2115 815 2192 Brzug
849 2116 959 2173 woraui
990 2114 1090 2183 ibnen)
1121 2113 1170 2170 dar

722 2198 1169 2280 Kriaguntersagtwerdenlrtinn·

709 2295 780 2350 ¹ta“.
792 2320 827 2334 -
845 2289 918 2350 Harl.
930 2288 1032 2350 rxLov.
1045 2291 1086 2349 t:
1104 2307 1168 2365 pro-

660 2400 663 2409 *
719 2372 1169 2453 hibaant.l.Fr.Gron.:quodbel-

720 2461 820 2520 lara-
832 2464 984 2544 probibeat.
1001 2494 1032 2507 -
1050 2463 1124 2524 llari.
1136 2482 1167 2522 a:

721 2551 751 2607 in
781 2551 890 2609 loedere
917 2551 1027 2612 latinos.
1057 2583 1091 2596 ·-
1127 2550 1168 2608 tt:

717 2639 887 2736 phibeantur
895 2640 976 2696 ambi
985 2639 990 2713 Ι
999 2634 1114 2718 gnitate
1123 2657 1169 2696 re·

724 2734 831 2809 sponsi
852 2741 981 2806 quantos
1005 2731 1168 2806 uincerim’i

724 2820 858 2874 inimicos
869 2816 942 2892 quod
950 2837 1110 2894 responsum
1120 2824 1178 2876 cet..

723 2903 772 2960 sed
795 2903 883 2960 media
905 2904 986 2961 verba
1013 2923 1049 2962 m.
1071 2904 1098 2962 4.
1125 2922 1169 2959 ex·

719 2998 823 3068 puncta
840 2999 912 3049 sunt.
930 2989 964 3049 ci.
981 2992 1008 3058 7,
1020 2993 1076 3050 to:
1094 2990 1170 3047 aedis

721 3076 848 3154 spalliolo
867 3076 989 3135 dedicata
1007 3085 1057 3137 est.

653 3166 697 3225 tt.
725 3166 810 3242 quod
826 3184 1000 3240 responsum
1011 3167 1098 3222 sicut
1115 3164 1169 3221 du-

722 3253 787 3311 bios
797 3251 949 3309 Samnites
961 3254 1104 3327 quidnam
1113 3252 1168 3324 sa·

722 3341 1170 3399 aturunaltomannmcensarent

724 3426 837 3482 dimisit
854 3426 896 3480 ita
910 3426 1078 3498 Campanos
1089 3432 1168 3481 metu

721 3513 920 3568 abalienauit:
938 3511 965 3566 lli
982 3531 1017 3569 m.
1031 3513 1055 3570 1.
1067 3508 1102 3569 P:
1114 3513 1169 3591 ujai

722 3598 795 3674 quod
813 3598 843 3652 in
854 3596 881 3652 lli
899 3600 1028 3673 scriptum
1045 3606 1087 3656 est
1104 3598 1168 3667 „di-

721 3687 799 3744 misit
815 3704 836 3738 a
854 3690 1028 3759 campanos“.
1040 3717 1075 3729 -
1092 3682 1168 3767 blm.

722 3774 763 3830 2:
783 3771 910 3848 quidnam
921 3770 1051 3831 iacturum
1064 3774 1171 3830 romtni

723 3867 864 3916 censerent
889 3858 991 3917 dimisit
1015 3872 1042 3918 at
1066 3882 1169 3940 campa-

723 3966 774 4002 nos
787 3956 838 4005 cat.
850 3977 885 3989 -
897 3946 963 4007 Pall.
977 3950 1002 4006 1.
1014 3951 1041 4015 3.
1053 3946 1134 4013 Voss.
1143 3966 1169 4003 u.

132 3097 243 3152 tionem.
271 3114 307 3152 m.
326 3095 367 3152 Q:
385 3092 581 3151 condicionem.

132 3212 168 3224 —-
197 3179 219 3236 P
249 3200 285 3240 ru.
318 3185 359 3240 1.:
391 3180 581 3259 perditionem.

132 3288 169 3327 m.
187 3271 227 3323 in
245 3286 295 3346 per
313 3267 487 3328 deditionem.

55 3395 104 3453 1⁰.
132 3411 187 3449 seu
205 3390 298 3447 uelint
310 3409 364 3446 sau
375 3392 487 3448 nolint:
504 3388 532 3447 lll
544 3411 580 3455 m.

131 3481 158 3537 2.
176 3477 207 3535 P.
225 3509 260 3518 -
278 3474 307 3532 tt
323 3496 360 3535 m.
379 3479 418 3535 1.:
436 3498 466 3534 se
485 3477 579 3535 uelint.

55 3593 105 3662 il.
134 3599 218 3677 quad
242 3598 356 3655 ballare
378 3618 444 3654 cum
472 3600 579 3675 quibus

131 3689 192 3762 ipsi
227 3687 321 3743 uelint
351 3684 580 3761 prohibeantur.-

130 3772 181 3831 PM
187 3771 261 3832 Harl.
269 3793 285 3828 r.
294 3770 394 3830 Leidn.
405 3771 450 3842 al]
460 3789 514 3847 quo
524 3769 580 3826 bal·

131 3860 189 3917 lare
200 3891 233 3901 -
244 3859 439 3939 prohibeantur
449 3858 540 3930 (Voss.
550 3876 580 3916 11.

131 3957 161 4004 at
170 3949 223 4004 duo
235 3966 305 4004 cecc.
316 3945 395 4005 codd.
402 3949 459 4015 ).-
470 3942 580 4002 Utrum·

131 4054 186 4111 que
212 4031 295 4089 latine
322 4032 377 4089 dici
401 4033 506 4110 potuit:
527 4032 580 4102 „iu
723 4032 771 4091 al:
789 4032 858 4090 nihil
874 4033 929 4090 iam
941 4053 997 4090 non
1008 4028 1170 4093 conniten-

132 4118 195 4177 dem
222 4120 273 4176 mit
299 4118 352 4178 den
377 4117 507 4178 Latinam
535 4139 580 4197 ga·
721 4121 796 4179 tibur
813 4124 941 4179 romanis.
975 4112 982 4183 f
1014 4110 1101 4158 “'''''·‘

83 4225 117 4270 ¹1⁸.
130 4223 183 4270 tivi
194 4239 248 4284 porr
261 4224 293 4271 11.
927 4211 975 4281 Q
