2618 4590
529 311 640 373 effluit
656 312 714 373 vlt
1106 304 1172 373 195

71 486 220 545 auctores
241 475 408 543 turbarum
437 474 496 541 sed
523 472 607 541 inter
633 473 809 543 concitatos
835 496 894 566 per
920 496 956 545 se
983 472 1097 547 omnes
1116 479 1172 548 vix

71 580 171 649 duces
193 581 345 647 eminent.
383 577 573 670 aliquotiens
600 578 716 647 unna
743 576 778 645 in
805 602 955 671 campum
983 581 1172 653 descensum

69 710 148 753 cum
170 695 257 753 esset
276 683 432 775 multique
454 707 514 773 per
534 682 706 752 seditiones
729 684 791 751 acti
812 684 986 753 comitiales
1008 688 1090 771 dies,
1115 713 1172 779 po·

68 802 192 857 stremo
212 789 315 857 uictae
337 787 572 879 perseverentia
599 788 769 857 consulum
796 789 899 879 plebis
921 813 961 857 eo
988 791 1080 869 dolor
1101 816 1170 860 eru-

69 894 124 982 pit
140 905 177 960 ut
197 894 354 976 tribunos,
381 904 489 971 uctrun
510 914 582 961 esse
605 893 646 960 de
673 892 819 971 libertate
840 895 1051 963 vociferantes
1078 896 1205 965 teliu-t

68 999 297 1089 quendumque
318 1021 387 1067 non
407 1021 558 1089 eampum
579 997 644 1069 iam
665 996 774 1065 solum
794 999 852 1066 sed
874 1000 972 1067 etiam
985 1001 1100 1068 urbem
1122 1026 1171 1069 cu·

66 1113 159 1190 ptam
180 1113 277 1192 utque
300 1124 489 1193 oppressam
509 1126 608 1193 regno
630 1101 845 1193 patriciorum,
867 1116 989 1172 maeste
1007 1106 1102 1196 plebs
1122 1129 1172 1175 se·

66 1218 230 1295 queretur.
263 1207 413 1275 consules
434 1206 537 1275 relicti
559 1232 579 1275 a
600 1218 691 1298 parte
712 1207 824 1299 populi
842 1232 902 1299 per
924 1208 1172 1301 infrequentiam

65 1311 195 1378 canitia
214 1310 313 1379 nihilo
328 1311 457 1402 segnius
471 1311 654 1403 perficiuutz
676 1314 774 1381 cremi
787 1313 936 1383 consules
958 1314 1054 1380 ambo
1076 1314 1171 1406 putri·

64 1415 106 1482 cii
119 1415 166 1484 M
181 1415 298 1483 Fabius
310 1416 488 1485 Ambustus
510 1417 641 1485 tertium
654 1418 694 1487 Τ.
710 1416 888 1506 Quinctius.
921 1417 955 1484 in
977 1416 1170 1509 quibusdam
1183 1429 1219 1488 1⁰

64 1520 232 1589 urnalibus
253 1545 314 1612 pro
335 1522 376 1589 Τ.
398 1521 550 1608 Quinctio
566 1521 612 1590 M.
628 1522 802 1614 Popillium
823 1521 991 1589 consulem
1008 1521 1148 1592 invenio.

151 1625 240 1694 XlX.
283 1626 360 1693 Duo
382 1626 468 1694 bella
491 1650 639 1695 courum
666 1649 820 1718 prospere
842 1637 932 1717 gesta
961 1651 1036 1695 cum
1058 1628 1170 1697 Tibur·

723 1790 823 1871 plebs“
840 1802 977 1850 semotum
993 1794 1044 1863 sit,
1061 1794 1107 1852 vix
1124 1814 1170 1852 au·

723 1881 777 1936 sim
794 1880 926 1936 seribere:
944 1890 1116 1955 „postremo
1128 1882 1171 1938 ui-

723 1969 1171 2041 doperseuerantioeonsulum

721 2053 818 2129 plebis
832 2073 867 2110 eo
880 2052 987 2109 dolore
998 2056 1095 2129 erupit
1112 2056 1171 2120 (sic

81 1792 109 1851 2.
137 1792 319 1869 aliquotiens
324 1791 451 1865 frustra
463 1794 494 1849 in
505 1812 583 1849 com·

130 1898 205 1956 pum
222 1880 397 1936 descensum
409 1899 476 1937 eum
487 1890 582 1938 essetr

134 1966 200 2039 Pil]
228 1965 371 2043 aliquoties
395 1978 512 2027 eet..-
540 1968 581 2026 lll:

133 2054 264 2132 multique
275 2075 325 2133 per
337 2075 367 2111 se
376 2055 510 2113 dictiones
519 2056 580 2114 aeti.

79 2144 107 2201 3.
130 2144 580 2218 postremouictaeperseueron·

132 2232 177 2287 tio
192 2231 349 2287 consulum
363 2230 461 2304 plebia
473 2250 508 2287 eo
526 2230 579 2287 do·

101 2364 104 2374 .
132 2320 181 2375 lor
202 2318 314 2394 erupit:
340 2316 421 2375 codd.
438 2315 534 2372 Geleni
552 2324 580 2371 ct

131 2405 238 2465 Kloelri.
260 2436 295 2447 -
329 2402 403 2463 Harl.
421 2423 439 2463 ι.
463 2401 541 2461 Lcid.
560 2423 578 2462 ι.

132 2494 182 2553 al:
198 2494 291 2561 „uicta
302 2493 502 2568 perseuerantia
514 2510 578 2546 con·

130 2582 221 2638 sulum
237 2579 359 2658 plebis“.
376 2578 413 2635 P:
428 2580 501 2635 uictu
514 2598 578 2656 pse·

130 2669 251 2726 uersutia
269 2673 326 2726 coi.
337 2665 426 2745 plebis
438 2686 470 2723 eo
481 2664 579 2723 doloro

131 2756 214 2830 rupit.
232 2753 273 2811 tl:
290 2755 363 2811 metu
378 2754 579 2830 perseuerantia

17 2904 25 2915 ,
134 2848 193 2900 cos'r.
210 2838 312 2899 nullum
328 2840 416 2917 plebis
434 2861 466 2898 eo
483 2838 578 2897 dolore

130 2929 220 3006 rapite
246 2928 298 2998 (et.
323 2927 357 2985 de
378 2934 439 2987 eoi.
461 2927 578 2984 nullum

130 3021 164 3085 7,
188 3018 245 3075 122
266 3016 330 3075 nori
352 3013 515 3085 consulem).
541 3044 577 3056 -

128 3104 163 3162 si
181 3106 267 3161 uictu
277 3104 410 3178 integrum
428 3111 478 3169 est,
494 3100 576 3180 paulo

128 3201 195 3272 post
211 3210 267 3249 nou
290 3199 413 3259 „maesta
432 3189 518 3265 plebe
535 3209 577 3245 se-

129 3279 577 3358 querctor“scd„maestaseque·

130 3372 229 3425 retur“
248 3364 356 3423 ubivis
374 3368 506 3443 seriptum
518 3383 579 3421 esso

130 3452 489 3532 oportet‚quemadmodum
497 3453 579 3509 otiam

129 3543 160 3599 iu
178 3562 233 3599 uno
252 3541 313 3599 cod.
331 3539 424 3599 Lovel.
443 3542 470 3599 2.
487 3556 578 3617 reper-

128 3637 190 3685 tum
207 3638 257 3687 est.
287 3637 315 3684 et
332 3626 412 3684 facile
432 3644 498 3683 osne
517 3624 580 3683 fleri

128 3717 231 3793 potuit,
247 3725 279 3771 ut
295 3714 426 3771 baeovox
443 3711 580 3791 exprioro

125 3804 224 3880 plebis
234 3800 381 3877 repetenda
392 3798 537 3869 videretur,
552 3800 579 3857 si

128 3890 236 3947 librarii
256 3891 353 3965 plebis
375 3908 430 3947 non
456 3906 508 3966 pro
528 3906 578 3945 no·

129 3979 261 4035 minotiro
279 3978 329 4035 sed
340 3996 391 4055 pro
401 3976 521 4053 genitivo
531 3973 578 4031 ln·

135 4065 261 4123 buerunt
284 4065 334 4123 sed
346 4084 408 4123 cum
421 4065 450 4121 io
463 4061 579 4121 meliori·
664 4096 668 4101 -

128 4152 186 4211 'bus
208 4151 286 4211 libris
308 4153 433 4213 omnibus
455 4158 579 4223 „moute
613 4217 616 4227 Ι

721 2139 799 2197 multi
816 2159 886 2196 roco.
905 2137 1016 2207 codd),
1033 2149 1068 2196 ut
1082 2142 1171 2197 tribu-

721 2248 777 2285 nos
791 2235 890 2283 aetum
903 2244 971 2281 ease
983 2225 1021 2282 de
1032 2227 1171 2286 libertate

721 2313 922 2386 uociferantes
931 2314 1170 2388 relinquendum·

722 2422 781 2480 que
803 2420 864 2458 non
884 2419 1020 2475 campum
1041 2403 1104 2465 iam
1122 2424 1169 2460 so·

718 2492 784 2547 lum
804 2487 972 2549 sedetiam
998 2490 1101 2548 urbem
1122 2510 1169 2547 cu

717 2587 803 2653 pium
818 2586 912 2652 atque
931 2595 1106 2650 oppressam
1123 2596 1168 2633 re·

717 2683 780 2742 gno
787 2664 989 2738 patriciorum,
999 2673 1116 2721 mesta
1124 2684 1168 2747 qe·

720 2753 892 2825 queretur“.
910 2781 945 2793 -
962 2748 1003 2804 lle
1021 2748 1168 2805 sedetiam

720 2846 825 2912 captam
841 2838 847 2907 Ι
862 2844 943 2911 atque
961 2844 1012 2894 cet.

666 2969 693 3026 8.
720 2972 797 3025 cosi.
814 2965 947 3022 relictio
960 2974 1049 3041 porte
1063 2966 1169 3040 populi

716 3074 773 3130 per
794 3050 1027 3131 infrequentiam
1048 3054 1168 3109 oomiia

718 3141 814 3200 nihilo
843 3143 966 3220 segnius
992 3140 1167 3216 perficiunt.-

695 3229 794 3288 Ῥιιι.
812 3232 838 3283 2.
867 3259 900 3271 -
931 3226 1165 3305 Pm.1.2proli·

718 3318 802 3374 ciunt.
821 3346 855 3356 -
872 3314 915 3371 lll:
933 3318 1031 3373 eonii.
1046 3315 1168 3389 patricii

720 3420 829 3459 rursus
851 3407 921 3458 ccii.
944 3399 1033 3457 relicti
1054 3408 1166 3477 apperte

719 3486 814 3567 populi
830 3490 835 3559 Ι
850 3507 900 3565 per
922 3496 973 3545 cet.
1009 3484 1054 3546 Cf.
1071 3491 1103 3556 7,
1124 3488 1186 3545 an«.

720 3574 825 3632 clavum
845 3583 952 3651 pangat.
976 3606 1010 3619 -
1034 3571 1108 3632 Num
1125 3574 1166 3631 ab

716 3662 824 3739 porte?
846 3692 880 3703 -
907 3658 969 3718 Pu:
1000 3663 1083 3718 oresti
1107 3666 1164 3720 eoi.

718 3746 799 3807 mbo
815 3746 932 3827 putati.
956 3778 989 3791 ·-·
1011 3748 1051 3806 lll:
1073 3754 1108 3807 ιῑι.
1126 3747 1164 3804 l'u·

718 3836 782 3895 bius
793 3834 940 3895 ambustus.
955 3856 991 3894 ιιι.
1003 3846 1024 3895 t.
1037 3837 1165 3912 quintius.

720 3956 757 3969 -
781 3922 845 3983 Νι
870 3928 905 3983 rb.
930 3922 1063 4003 popilium
1090 3930 1165 3981 cons.

717 4007 859 4083 tuq)
872 4012 991 4071 inuenio.
1008 4006 1052 4069 Gl.
1065 4012 1092 4079 7,
1112 4008 1153 4067 tu.
