2618 4590
127 114 193 184 632
602 122 713 190 orsus
728 124 764 185 X.

128 302 236 359 tamen
257 291 552 382 increscentemque
567 287 683 358 liducia
704 287 755 356 sui
768 289 835 359 vim
849 288 1037 380 potuisset,
1058 282 1098 351 ni

128 393 213 463 acies
235 393 323 462 iussu
345 395 485 463 consulis
507 394 540 461 in
561 393 701 484 primum
716 393 944 462 successisset:
970 391 1020 459 ibi
1046 389 1181 480 integrae
1199 389 1202 403 '

129 522 182 568 res
203 498 319 568 sistunt
339 499 544 569 invehentem
565 521 601 566 se
622 499 687 565 iam
702 497 889 581 Samnitem,
911 508 949 565 et
967 508 1134 587 tempore
1153 493 1209 583 inpr

127 604 196 675 visa
217 629 260 674 ex
287 605 448 672 montibus
475 604 565 694 signa
593 603 778 695 clamorque
807 602 958 670 sublatus
984 624 1063 668 non
1087 623 1165 668 vero
1182 611 1213 666 ta

98 721 200 780 otum
220 720 310 778 metu
331 719 473 787 terruere
495 707 686 776 Samnitium
708 707 846 775 animos:
874 731 953 774 nam
983 716 1024 775 et
1044 703 1239 772 Fabinslla·

129 814 215 883 cium
238 815 397 907 collegam
412 812 667 905 adpropinquare
683 811 881 895 exclamavit,
903 821 937 878 et
961 833 1031 902 pro
1055 832 1098 879 se
1123 808 1219 900 quisqu

127 918 222 988 miles
244 919 357 987 adesse
379 919 516 988 alterum
538 918 705 985 consulem
727 904 839 985 adesse
866 915 1019 1005 legiones
1048 915 1174 1007 gaudio
1191 914 1223 979 alr

129 1047 200 1092 cres
221 1023 376 1092 fremuntr
406 1046 559 1112 errorque
581 1021 666 1089 utilis
688 1021 841 1089 Romanis
863 1018 996 1088 oblatus
1023 1019 1132 1111 fugae
1154 1018 1227 1086 lomi

128 1127 274 1219 diuisque
296 1127 456 1194 Samnites
477 1125 611 1216 inplevit
631 1125 836 1216 maximeque
857 1124 987 1193 territos
1014 1148 1062 1192 ne
1088 1122 1135 1190 ab
1159 1121 1230 1190 alteo

83 1242 119 1301 1⁰
130 1233 273 1307 exercitu
295 1232 418 1323 integro
439 1230 623 1321 intactoque
645 1229 722 1298 lessi
737 1229 1007 1321 opprimerentur.
1039 1239 1077 1298 et
1093 1227 1175 1320 quia
1188 1249 1232 1318 po

204 1442 297 1500 volant
314 1440 343 1500 ln
360 1445 477 1514 primum
496 1452 523 1505 et
534 1462 584 1520 pro
602 1463 648 1500 an·

199 1531 347 1606 tesignanis
364 1550 470 1608 parmas
489 1531 620 1588 obiciunt.

148 1621 176 1679 3.
202 1627 232 1676 et
259 1618 393 1692 tempori
419 1620 573 1692 inprouisa
608 1637 649 1674 ex

201 1708 349 1771 montibus
368 1707 457 1785 signo
476 1707 650 1780 clamorque

204 1794 341 1853 sublatus
363 1814 422 1850 non
445 1812 517 1850 uero
535 1801 650 1848 tantum

204 1889 425 1946 metuterruere
434 1888 498 1938 cet:
516 1878 556 1936 lll:
569 1877 650 1947 „hier

203 1969 315 2042 bringen
342 1965 386 2024 dic
413 1965 531 2023 semelen
557 1963 651 2022 Krtilte

202 2054 255 2113 den
273 2053 359 2116 sehon
378 2053 589 2129 eindringenden
601 2051 650 2107 Sa·

203 2142 304 2203 mnitcr
321 2161 380 2198 zum
400 2141 514 2209 Stehena
537 2140 593 2209 und
612 2137 651 2194 als

200 2230 269 2301 jetzt
291 2229 328 2283 im
351 2227 578 2291 entecheidenden
597 2227 650 2282 Au·

204 2311 343 2387 genbliclre
366 2315 489 2390 (saepius
513 2317 567 2383 „ire
584 2323 650 2370 tem·

202 2405 307 2479 pore“:
329 2402 356 2468 8,
374 2404 400 2460 7.
418 2403 467 2468 30,
485 2402 545 2469 35.)
564 2399 652 2456 wider

205 2485 348 2543 Ervvarten
361 2507 414 2542 von
428 2487 480 2544 den
489 2486 593 2561 Bergep
603 2486 652 2542 her

202 2572 262 2631 sich
273 2572 418 2632 leindliclre
426 2574 601 2632 l'eldzeiclren
611 2594 652 2639 sc·

204 2659 258 2730 lien
283 2661 372 2720 lassen
396 2663 452 2720 und
477 2662 527 2718 das
543 2660 653 2736 l’eldge

203 2748 293 2805 schrei
312 2750 431 2817 erhobeu
450 2748 541 2816 ward,
559 2747 594 2804 da
612 2767 653 2803 er-

206 2833 283 2893 liilltc
307 2837 365 2895 dies
384 2836 457 2893 Alles
480 2835 556 2894 nicht
578 2834 653 2894 bloss

207 2926 257 2991 urit
284 2923 403 2978 walrrem
427 2921 581 2982 Schreclren
608 2921 654 2977 die

207 3009 375 3075 Samniter“.
393 3009 425 3078 ln
436 3008 458 3064 P
470 3011 601 3084 scriptum
613 3018 655 3064 est

208 3106 257 3167 „et
284 3105 407 3172 tempore
429 3096 459 3164 in
481 3114 515 3153 se
538 3097 596 3157 uisa
621 3115 655 3152 ex

208 3183 345 3243 ruentibus
374 3184 482 3258 signa“.
522 3180 566 3238 Ad
595 3201 655 3238 non

207 3291 278 3328 oero
297 3279 410 3327 tantum
428 3279 508 3328 metu
528 3267 655 3347 supplens

208 3359 273 3419 dum
300 3377 361 3415 esse
383 3359 441 3415 aad
465 3360 555 3415 etiam
576 3377 655 3414 cono

209 3444 291 3506 verba
301 3447 440 3520 sequentia
453 3443 607 3512 ostendunt.
620 3443 654 3504 el.

207 3531 235 3597 7,
252 3532 310 3595 tc:
330 3552 385 3588 non
403 3531 491 3591 solum
508 3531 591 3610 plebi,

88 3650 92 3659 ·
156 3620 185 3691 8,
208 3637 353 3693 errorque
383 3620 466 3689 utilis
495 3619 656 3676 Romanis:

209 3705 240 3777 Ρ,
250 3735 285 3748 -
296 3704 329 3772 la·
340 3705 367 3762 tl
378 3708 508 3782 scriptum
522 3717 564 3762 est
576 3727 656 3781 „gau-

210 3793 256 3856 dio
275 3792 374 3857 alacres
387 3801 505 3858 tremunt
516 3803 657 3868 terrorque

112 3876 114 3881 ¹
210 3882 285 3939 utilis
297 3884 451 3939 romanis“:
463 3881 588 3956 idemque
599 3891 656 3939 ter·

148 3998 158 4012 ·
210 3988 262 4031 ror
279 3970 308 4025 iu
327 3970 452 4035 omnibus
469 3990 555 4051 prope
572 3969 655 4029 Dral.

790 1442 869 1501 codd.
888 1443 968 1500 inest.
981 1471 1019 1484 -
1035 1439 1067 1497 Μ
1087 1461 1128 1499 m.
1147 1440 1186 1499 3.=
1197 1437 1238 1510 luge
1263 1474 1267 1487 ·

790 1528 999 1606 formidinisque
1011 1531 1159 1586 samnites
1174 1525 1238 1603 inple

791 1619 840 1677 uit.
857 1615 885 1673 ll
903 1638 937 1675 m.
956 1619 996 1675 1.=
1016 1615 1097 1677 luce.
1117 1614 1159 1673 P:
1173 1632 1241 1690 purae

791 1704 1008 1780 formidinisque.

737 1795 765 1861 9·
791 1795 982 1866 maximeque
1020 1791 1175 1848 territos:
1208 1783 1244 1841 Pll

791 1877 865 1951 rell]
896 1879 1014 1935 maxime
1047 1879 1170 1938 territos
1199 1872 1244 1940 (ed.

791 1965 997 2034 Frob.1531.).
1034 1963 1102 2025 Hae
1125 1959 1245 2042 particula

794 2074 853 2130 quc
876 2050 971 2110 Livius
998 2071 1032 2107 ea
1061 2072 1142 2126 quae
1169 2051 1245 2107 minus

793 2149 886 2218 aperte
903 2142 1004 2217 scripta
1018 2137 1197 2205 viderentur,
1213 2135 1246 2190 di·

792 2225 918 2304 ligentius
942 2226 1101 2302 exprimere
1125 2235 1156 2281 et
1174 2221 1247 2301 expli·

793 2335 855 2377 care
864 2313 983 2372 solebat:
995 2312 1122 2381 „dieser
1133 2312 1190 2368 den
1200 2309 1247 2366 Ro·

759 2437 761 2441 ·
793 2423 870 2471 mern
883 2399 1091 2474 hcilbringende
1102 2396 1202 2455 Wahn
1214 2415 1248 2451 er·

794 2488 870 2549 lllllte
883 2489 927 2546 die
936 2488 1079 2545 Samnites
1090 2489 1147 2542 mit
1158 2485 1181 2542 F
1181 2484 1250 2544 luclrt

794 2576 852 2635 und
875 2576 1057 2649 Bestiirzung‚
1083 2574 1155 2630 und
1176 2589 1250 2631 zmor

796 2663 890 2721 darum
902 2662 966 2722 weil
984 2663 1025 2724 sie
1034 2661 1124 2721 sahen
1136 2659 1203 2717 dass
1214 2660 1250 2714 sio

795 2751 840 2819 dic
854 2748 1018 2815 Ermiideten
1036 2768 1068 2804 cs
1092 2745 1249 2822 unmdgliclr

795 2841 846 2899 mit
856 2841 943 2895 ciuem
955 2834 1073 2892 frisehen
1088 2833 1164 2890 noch
1176 2834 1251 2890 niclrt

795 2928 834 2983 im
849 2922 965 3001 Kample
979 2941 1144 2998 gewesenen
1163 2921 1251 2989 Heerc

759 3071 762 3079 ,
797 3010 911 3068 wiirden
930 3009 1092 3078 aulnehmen
1107 3009 1249 3067 ldnnen“.

797 3095 1250 3173 Cf.l,56.:earumlegatosutrius

796 3205 850 3262 que
872 3187 959 3260 gentis
986 3183 1104 3264 populos
1131 3188 1248 3251 circum·

796 3272 852 3330 isse
876 3275 1088 3348 castigantesque
1110 3275 1250 3348 ignaviam

797 3359 873 3432 quod
886 3392 919 3417 -.-
932 3361 1006 3434 passi
1024 3369 1123 3419 essent.
1144 3363 1171 3430 2,
1192 3363 1249 3417 13.:

796 3448 838 3512 uic
856 3447 975 3512 deditam
986 3445 1198 3525 inviolatamque
1213 3446 1249 3504 ad

796 3553 862 3600 suos
880 3537 1054 3592 remissurum
1072 3533 1106 3595 al.

727 3621 774 3685 10.
798 3631 828 3680 ct
855 3624 926 3697 quia
944 3624 1060 3698 passim
1082 3625 1114 3678 in
1129 3623 1249 3702 fugam

799 3709 1040 3784 dissipationem
1058 3709 1093 3778 tt,
1108 3743 1140 3752 —
1162 3709 1199 3768 P:
1219 3721 1248 3766 et

797 3817 817 3872 q
843 3798 943 3871 passim
971 3806 1022 3865 cet,
1052 3796 1086 3865 cl,
1113 3800 1161 3865 10,
1188 3801 1246 3857 10.:

798 3903 853 3941 uon
872 3893 926 3949 tam
939 3886 1009 3958 quia.
1022 3913 1058 3926 ·-
1068 3883 1112 3948 lll;
1131 3887 1183 3944 triu
1196 3890 1246 3943 mi·

797 3968 833 4029 lia
851 3983 871 4026 tc
886 3989 948 4029 ecce
964 3977 969 4040 1
985 3973 1056 4028 eaesi
1079 3975 1153 4047 capti
1176 3993 1247 4031 accc
