2618 4590
526 274 709 340 inmun.
844 318 848 323 .
1097 264 1165 337 uos
1288 348 1291 361 ,

68 439 184 509 sidium
205 439 251 508 rei
272 438 420 530 publicae
440 449 534 506 esset
571 436 641 528 ipse
662 439 726 506 iam
737 440 822 515 satis
842 442 989 531 omnibus
1004 442 1162 511 instructis

67 545 312 636 conparatisque
335 545 377 611 ad
398 544 527 612 hostem
547 543 659 635 pergit,
682 543 771 613 ouius
793 555 830 612 ut
849 545 938 636 prius
952 559 1099 616 nosceret
1118 547 1162 615 vi·

66 674 118 717 res
142 673 241 741 quam
261 648 404 738 periculo
426 646 539 713 ultimo
561 657 740 738 temptaret,
761 649 795 718 in
815 650 950 734 tumulo,
973 675 1071 741 quern
1090 675 1163 742 pro·

64 755 191 821 ximum
213 752 322 819 eastris
344 750 509 819 Gallorum
529 774 644 842 capere
665 751 783 841 potuit,
812 754 933 823 vallum
955 757 1071 823 ducere
1092 780 1163 823 eoe-
1275 828 1279 843 Ι

65 859 124 946 pit.
164 881 242 948 gens
263 857 354 924 ferox
376 866 409 923 et
429 855 545 946 ingenii
567 856 650 924 avidi
672 855 712 922 ad
734 880 875 947 pugnam
898 882 973 926 cum
987 858 1100 950 procul
1121 857 1198 925 iri-5

65 962 111 1028 sis
130 962 347 1028 Romanorum
368 959 463 1050 signis
484 971 521 1028 ut
548 960 712 1052 extemplo
739 962 898 1050 proelium
924 963 1038 1031 initura
1067 960 1163 1053 expliss

65 1066 184 1132 suisset
211 1066 324 1149 aciem,
360 1056 532 1155 postquam
553 1090 659 1157 neque
686 1064 720 1131 in
747 1089 888 1155 aequum
916 1066 1029 1135 dimitti
1050 1088 1196 1156 agmen·

62 1169 142 1236 vidit
163 1181 196 1237 et
217 1195 292 1238 eum
319 1169 384 1236 loei
411 1168 574 1238 altitudine
602 1181 673 1237 tum
693 1169 779 1238 vallo
808 1169 905 1237 etiam
931 1170 1028 1260 integi
1048 1170 1164 1238 Roma-

63 1297 141 1357 nos,
169 1275 334 1364 perculsos
355 1298 477 1365 pavore
498 1287 566 1343 rata
593 1274 690 1342 simul
716 1275 975 1365 opportuniores,
1010 1274 1098 1365 quod
1118 1274 1164 1341 in-

61 1378 143 1445 tenti
169 1389 239 1446 tum
265 1379 405 1447 maxime
434 1379 523 1471 operi
545 1390 666 1462 essent,
700 1379 781 1446 truci
809 1379 948 1447 elamore
975 1377 1163 1469 adgreditur.
1177 1389 1212 1447 to

63 1483 106 1549 ab
127 1482 280 1552 Romanis
301 1508 364 1552 nee
386 1506 467 1573 opus
488 1482 704 1551 intermissum
725 1523 770 1534 -
791 1484 886 1551 triarii
908 1495 998 1552 orant
1019 1481 1074 1573 qui
1096 1506 1164 1548 mu-

62 1585 193 1654 niebant
214 1626 259 1639 -
281 1600 314 1656 et
335 1588 375 1654 ab
398 1587 528 1655 hastatis
551 1587 824 1679 principibusque,
847 1588 901 1678 qui
922 1612 981 1679 pro
1003 1585 1165 1655 munitori-

62 1688 125 1758 bus
152 1691 265 1759 intenti
292 1691 468 1781 armatique
494 1702 664 1776 steterunt,
695 1691 855 1784 proelium
881 1691 1004 1761 initum.
1040 1700 1166 1781 praeter

135 1838 195 1897 3l.=
224 1839 316 1898 decem
338 1837 488 1897 tabularum
507 1837 581 1914 leges

135 1925 255 2003 perlatas
266 1937 339 1996 sunt,
351 1947 420 2004 quae
431 1945 502 1983 nune
514 1946 580 2003 quo·

134 2033 198 2089 que
203 2044 237 2057 -
255 2012 316 2071 lons
334 2023 385 2073 cet
403 2043 439 2057 -
456 2012 530 2073 llsrl
546 2032 564 2073 1
571 2034 579 2069 ι
720 2017 824 2074 intecti.
836 2046 872 2059 -
888 2013 967 2071 illulti
983 2034 1053 2072 rece.
1073 2010 1167 2071 codd·

133 2100 333 2177 subsidium..p
351 2109 430 2160 esset.
722 2112 813 2159 essent
831 2102 915 2179 operi.
979 2160 982 2165 ,
1261 2176 1264 2183 Ι

78 2188 109 2244 3.
136 2188 167 2243 in
184 2189 297 2245 tumulo
313 2208 400 2263 quem
408 2186 581 2262 proximum
652 2191 695 2250 m.
723 2189 777 2268 qui
789 2209 846 2266 pro
859 2189 1054 2245 munitoribus
1066 2184 1170 2243 intemi

134 2277 242 2331 castris
251 2275 407 2331 Gallorum
415 2282 520 2347 cliper‘e
529 2294 580 2348 po
721 2277 890 2354 armatique
907 2280 1065 2332 steterunt.-
1087 2272 1167 2331 itm.

721 1839 796 1920 quod
830 1841 927 1898 intenti
961 1845 1020 1897 tum
1052 1838 1166 1895 maxims

722 1930 800 2004 operi
817 1937 915 1986 essent.
937 1926 964 1984 Μ
981 1947 1017 1986 ιιι.
1036 1925 1075 1984 ta
1092 1921 1167 2000 quod

132 2363 191 2417 tuit
208 2363 322 2419 uallum
344 2361 453 2417 ducere
470 2360 627 2435 coepit.-

134 2447 157 2503 P
178 2468 213 2507 m.
235 2451 261 2507 2.
279 2448 319 2505 Μ.
343 2446 415 2515 „aul
433 2449 508 2503 einer
524 2447 580 2502 An·

134 2533 215 2602 trote,
235 2547 266 2591 so
284 2534 354 2591 nahe
372 2534 411 2591 als
430 2554 461 2591 er
478 2544 529 2591 nur
546 2536 581 2591 ir·

135 2622 257 2695 gendari
280 2623 328 2679 das
351 2621 478 2698 galliselre
495 2618 582 2696 Lagei·
634 2617 635 2621 ¹

134 2708 318 2764 heranrticlen
331 2709 462 2767 lonnte“.
481 2706 525 2766 Of.
537 2711 582 2777 27,
639 2737 640 2741 =

137 2797 182 2852 28.
195 2826 230 2836 -
248 2794 270 2851 P
286 2809 321 2853 m.
341 2798 377 2853 1.=
397 2796 427 2850 in
444 2794 569 2854 tumulto.

78 2887 109 2942 5.
138 2882 214 2938 uisis
239 2883 442 2939 Romanorum
471 2883 583 2960 signis:

137 2969 207 3028 Pm.
221 2965 374 3028 nit—P
392 2987 428 3027 m.
448 2968 487 3026 1.=
505 2969 584 3028 uiris.

83 3062 112 3119 7.
141 3057 252 3115 armos
275 3058 400 3135 agmen.-
429 3050 480 3112 ΡΜ
508 3040 583 3127 ret]

140 3146 244 3202 demitti
262 3156 356 3219 agmen
370 3142 466 3219 (Stg.).
497 3140 541 3202 Cf.
556 3145 583 3212 4,

120 3235 194 3293 i17.:
221 3231 333 3307 digressi
356 3232 426 3290 sunt.
456 3232 504 3299 27,
528 3232 583 3288 18.=

136 3322 166 3379 in
188 3319 260 3375 hune
282 3317 438 3375 inferiorem
459 3328 584 3395 eampum

134 3439 171 3452 -
194 3408 296 3484 equites
318 3404 448 3461 Numidas
473 3404 584 3461 levium·

138 3513 192 3572 que
202 3508 334 3548 armorum
343 3491 458 3548 Baliaris
467 3491 583 3548 etAiros

139 3581 242 3638 dimisit
263 3577 338 3646 (Put.
363 3577 441 3636 Colb.
464 3577 584 3648 Bamb.).

139 3668 173 3728 al.
201 3698 235 3709 -
265 3663 314 3721 ΡΜ
331 3663 404 3723 Harl.
422 3683 439 3722 r.
457 3662 534 3724 [reid.
551 3683 585 3724 ιτ

139 3763 189 3825 „et
211 3770 273 3810 oum
293 3752 348 3808 loci
371 3750 510 3807 altitudine
528 3749 584 3820 (Mt

68 3836 72 3843 ’
142 3841 326 3909 altitudinem)
345 3848 402 3895 tum
415 3837 486 3895 uallo
504 3841 586 3895 etiam

138 3930 222 4003 integi
233 3927 400 3985 Romanos“.
421 3923 497 3981 multi
514 3945 583 3985 rece.

139 4015 233 4074 codd:
251 4025 278 4071 et
294 4026 351 4072 tum
368 4013 424 4069 loci
436 4021 486 4072 cot.
500 4041 534 4054 -
548 4013 583 4069 P:

139 4104 336 4182 oportuniores.
355 4131 387 4144 -
405 4098 432 4157 Μ
450 4120 485 4160 m.
503 4101 529 4159 Μ.
546 4096 583 4156 P:

93 4209 123 4255 Τ.
136 4207 190 4254 Livi
204 4223 254 4268 pars
266 4206 299 4251 ll.

722 2363 818 2435 1..le
842 2364 942 2440 qui-
906 2370 1089 2419 -steterant
1106 2359 1169 2431 (Ρ)

722 2483 762 2503 -ι
776 2450 887 2507 Intenti
902 2451 1069 2527 armatique
1082 2442 1178 2505 stem
1251 2445 1259 2458 '

722 2545 792 2594 rant
813 2535 881 2592 nihil
905 2536 978 2593 aliud
1006 2555 1086 2613 quam
1112 2535 1168 2591 oni·

722 2643 828 2681 morum
862 2623 984 2680 habitum
1018 2643 1072 2701 quo
1108 2630 1169 2678 ante

722 2710 857 2788 proelium
875 2708 975 2766 luerint
988 2708 1086 2765 hastati
1097 2710 1170 2785 prin·

724 2798 861 2870 eipesque‚
874 2797 1012 2871 exprimit:
1028 2803 1171 2852 steterunt

725 2883 875 2938 accuratius
888 2880 1018 2936 describit
1029 2880 1104 2937 illum
1117 2884 1171 2945 ani·¹

725 2981 831 3025 morum
854 2965 977 3025 ardorem
996 2989 1049 3046 quo
1073 2967 1172 3025 lraststi

723 3054 917 3134 prliieip'esqus
934 3076 985 3133 pro
996 3057 1097 3113 triariis
1113 3074 1171 3115 mu·
1256 3077 1257 3080 ’

725 3144 862 3201 aientibus
879 3152 951 3200 stare
966 3144 999 3201 ab
1012 3146 1105 3222 eisque
1121 3143 1170 3199 ho-

724 3240 779 3288 stes
791 3230 934 3288 defendere
945 3232 1122 3307 perrexerint.
1135 3261 1170 3272 -

724 3314 753 3376 Μ
775 3339 811 3377 m.
836 3319 875 3376 8.:
901 3332 952 3395 pro
979 3317 1171 3386 munit6i†bus

725 3405 823 3460 intenti
834 3412 884 3462 cet.
896 3402 965 3458 —P
982 3423 1018 3465 m.
1038 3405 1076 3463 1.:
1093 3423 1171 3480 proe-

724 3490 790 3549 lium
808 3493 925 3548 initium.

636 3581 699 3638 ¹13.
726 3587 847 3653 praeter
855 3579 993 3634 uirtutem
1005 3576 1088 3637 locus
1101 3548 1172 3657 quo·
1245 3630 1249 3636 .

727 3684 785 3742 que
803 3661 940 3739 superior
956 3665 1087 3723 adinum
1112 3664 1171 3726 ΡΜ.

728 3784 762 3794 -
775 3748 851 3810 Leid.
864 3770 897 3808 n:
916 3772 1023 3830 quoque
1040 3752 1125 3815 loeus.
1137 3785 1172 3798 -

725 3838 761 3896 P:
780 3855 835 3894 non
847 3846 924 3917 tiqui
935 3860 968 3896 ex
980 3860 1065 3918 aequo
1083 3842 1173 3898 missa.

725 3923 766 3982 ld:
792 3946 848 3982 non
875 3937 1010 4004 tamquam
1033 3946 1065 3983 ex
1087 3947 1173 4004 aequo

698 4082 705 4105 s
725 4015 819 4071 misso.
832 4045 867 4057 -
880 4012 920 4071 tl:
938 4014 1111 4088 fingerentur.
1129 4010 1173 4074 Οἱ

725 4103 769 4169 30,
790 4104 847 4160 10.:
870 4120 929 4171 „ex
946 4101 1071 4159 rostratis
1089 4101 1174 4159 Poeni

897 4190 976 4258 ‚lt
