2618 4590
514 261 624 335 unrn
639 261 698 329 nr.
1024 206 1026 213 ’
1089 248 1154 321 173

58 426 163 494 iacent
184 448 401 517 peragravere,
421 423 585 516 rebusque
605 423 799 517 nequiquam
820 425 960 517 repetitis
979 425 1057 497 nori
1076 448 1151 511 eon

55 528 143 597 sulen
161 531 202 599 Ο,
214 518 332 598 Fabius
355 540 388 596 et
402 527 440 597 C.
455 528 598 597 Plautius
618 529 707 597 iussu
727 528 840 620 populi
860 529 982 596 bellum
1001 531 1151 615 indixere,

55 633 222 726 Fabioque
245 659 283 702 ea
305 630 465 724 provineie
479 633 604 701 Plautio
618 633 747 701 Hernici
768 657 915 702 evenere.
948 633 1059 702 Gallici
1072 658 1151 726 quo-
1193 638 1196 645 '

54 763 120 828 que
142 738 220 805 belli
241 738 327 804 sarna
347 736 615 835 increbreseebetr
636 737 695 805 sed
715 737 797 805 inter
810 739 929 807 multos
944 749 1079 807 tenores
1100 761 1150 805 so·

52 841 132 909 latio
154 842 215 910 fuit
234 866 298 934 pax
318 841 436 909 Latinis
458 841 638 932 petentibus
661 841 734 908 data
756 852 790 908 et
809 867 924 933 magne
944 842 994 910 vis
1014 841 1179 907 militum5

55 944 170 1011 abhis
198 969 240 1012 ex
267 946 396 1025 foedere
421 957 564 1029 vetusto,
591 945 678 1037 quod
706 945 815 1013 multis
842 945 1075 1015 intermiserant
1099 968 1151 1013 an·

51 1050 118 1133 nis,
147 1061 286 1141 acceptu.
322 1073 387 1141 quo
414 1050 572 1142 praesidio
600 1074 676 1118 cum
697 1050 840 1118 confulta
861 1074 913 1118 res
935 1038 1082 1118 Rornenu
1103 1072 1152 1117 es
1246 1034 1254 1053 ἰ

121 1243 204 1300 genus
221 1232 328 1283 seeutus
344 1233 394 1294 est,
411 1227 452 1284 sie
468 1247 503 1284 ne
520 1226 566 1284 hie
705 1227 735 1288 in
746 1224 796 1284 PM
807 1211 937 1304 seriptum
949 1234 990 1282 est
1001 1225 1151 1284 metuit.

121 1315 288 1397 eeousrtirus
305 1314 414 1391 quidem
432 1312 567 1371 videbitur
652 1315 680 1374 6.
707 1312 1025 1386 abhis2Prn12btis.
1047 1343 1082 1355 -
1105 1311 1150 1373 Cf.

56 1403 62 1421 “
121 1400 323 1478 improbandus.
342 1400 386 1460 cf.
401 1398 484 1459 Corn.
496 1399 565 1478 Nep.
704 1403 731 1470 6,
749 1402 775 1456 2.
990 1418 999 1429 ·

120 1486 287 1547 Timum:
307 1499 484 1564 „ensgenten
497 1509 566 1565 quae
652 1492 679 1548 7.
706 1488 1160 1561 eumconfultaresromonaee‘
1182 1500 1185 1505 “

120 1594 203 1632 more
220 1575 301 1633 illud
316 1576 473 1634 adiacent“:
495 1576 523 1634 h.
541 1595 566 1634 e.

61 1718 64 1723 .
119 1683 189 1740 quse
215 1663 250 1718 sd
277 1683 349 1720 mare
375 1663 442 1721 illud
469 1666 565 1721 iueent.

124 1750 184 1807 [ἰν.
197 1752 241 1816 30,
255 1752 310 1808 19.:
330 1749 418 1818 „haee
428 1760 498 1805 terre
510 1770 566 1805 mr·

121 1838 199 1912 rique
217 1839 245 1892 in
263 1846 339 1913 parte
350 1835 442 1892 Itsliue
455 1857 515 1912 quo
524 1838 566 1892 ia·

121 1932 167 1978 cet
183 1925 227 1981 od
236 1925 324 1999 Alpis
341 1929 437 1998 gesto“
450 1923 553 1994 (Put).

64 2013 92 2070 1.
120 2011 269 2087 rebusque
285 2013 466 2087 nequiquam
483 2031 564 2086 repe·

120 2100 201 2154 titis.-
218 2096 281 2169 Pul]
301 2097 434 2174 rebusque
456 2101 564 2175 nequie-

120 2204 199 2260 qnam
217 2193 269 2242 oet.
290 2181 333 2243 Cf.
352 2186 378 2251 4,
395 2187 439 2245 25.

64 2274 92 2332 2.
120 2272 152 2329 C.
169 2273 280 2329 Fabius
302 2281 331 2329 ct
354 2274 387 2330 C.
408 2270 563 2332 Plautius:

118 2358 176 2419 Pu.
204 2379 297 2416 rerum
324 2361 354 2415 io
383 2359 405 2416 P
431 2363 563 2433 scripturn
615 2316 629 2402 i

119 2457 174 2504 est:
193 2449 281 2515 „noui
300 2452 355 2505 eos.
371 2449 398 2503 is
417 2454 438 2504 i.
452 2447 562 2504 fabius“

122 2543 181 2602 cet,
206 2536 235 2592 iu
252 2533 280 2591 tl
301 2535 388 2602 „noui
411 2540 476 2590 coni
493 2537 520 2591 is
539 2542 563 2594 ὃ.

121 2621 231 2677 subius“
245 2631 296 2680 eet.
307 2623 336 2677 in
347 2619 462 2679 Hoetu:
473 2622 564 2690 „noui

119 2706 243 2765 eonsules
268 2709 302 2766 is.
324 2727 399 2766 eous.
421 2708 508 2764 fabius
535 2717 564 2762 et

120 2803 144 2853 ὃ.
167 2794 315 2872 plautius“.
344 2795 409 2849 inde
424 2793 503 2855 Voss.
520 2813 563 2852 ruz

119 2924 138 2952 ‚‚
145 2883 209 2938 noui
228 2877 352 2936 eonsules
369 2880 404 2936 hi
413 2890 482 2936 sunt
499 2900 563 2936 eon·

117 2970 162 3028 sul
179 2967 267 3025 sebius
284 2976 312 3024 et
337 2965 470 3024 cornelius
487 2967 564 3048 pleu-

119 3061 207 3116 tiusf‘.
228 3054 277 3112 sed
299 3057 378 3112 cosio
400 3055 468 3112 nihil
489 3055 563 3125 aliuel

116 3145 224 3204 videtur
247 3142 330 3200 fuisse
353 3164 431 3221 quarn
458 3164 563 3200 consu·

117 3234 173 3302 les,
191 3251 251 3287 cum
264 3233 282 3298 i,
299 3233 319 3299 1,
332 3240 479 3309 tperseepe
491 3234 563 3288 inter

73 3372 77 3377 .
115 3339 148 3376 se
165 3317 398 3377 confunderentur.
421 3318 562 3387 ct7‚18.:

119 3404 267 3463 consulum.
285 3408 311 3473 ὓ,
326 3407 380 3465 63.:
402 3408 563 3475 „consules

115 3491 195 3550 Titus
206 3491 367 3548 Numicius“
377 3502 428 3552 eet.
440 3524 474 3536 -·
487 3492 562 3550 flnt

117 3597 150 3637 ιε
174 3578 279 3634 Plautio
302 3577 431 3634 Hernieee
457 3600 563 3640 uenere.

117 3664 194 3722 Leid.
212 3684 241 3724 t:
261 3664 401 3721 fler-niciae
419 3685 525 3726 uenere.

63 3754 93 3812 4.
119 3751 564 3826 increbrescebatrlilm.2.P]in·

121 3839 292 3896 erubescebat
303 3837 370 3908 (duo
385 3858 453 3898 rece.
465 3840 565 3911 codd.).

120 3957 156 3968 -
167 3926 196 3985 tl
213 3947 248 3986 m.
267 3928 305 3984 1.:
323 3926 458 3983 increbres
475 3927 564 3988 uehat

121 4011 171 4069 sic
188 4014 236 4080 37,
255 4017 297 4072 13.
314 4015 343 4070 iu
361 4013 455 4072 Bumb.
473 4016 564 4072 incre-

121 4101 272 4156 brescente
293 4110 393 4170 uento,
422 4100 471 4158 sed
488 4105 519 4171 8,
537 4105 563 4161 8.

706 1585 765 1632 set:
776 1595 809 1632 ex
819 1578 888 1633 roni.
897 1577 949 1646 m.]
959 1595 1020 1631 eum
1029 1574 1094 1632 fulta
1104 1594 1149 1633 res
1184 1580 1189 1597 '

706 1661 826 1719 Romans
837 1672 906 1717 esset
918 1659 951 1730 (P
958 1666 1044 1728 m).
1057 1693 1091 1705 -
1104 1661 1148 1723 Cf.

706 1751 733 1819 2,
752 1753 806 1805 12:
826 1768 886 1804 cum
904 1767 1043 1807 concursu.
1062 1749 1096 1808 ul.
1113 1780 1148 1790 —

688 1876 691 1887 ·
706 1837 851 1910 Confulte
857 1837 1031 1904 restituimus,
1040 1846 1067 1892 et
1076 1835 1151 1912 quod

705 1926 735 1980 in
746 1923 774 1980 M
786 1923 916 1998 scripturn
929 1931 970 1979 est
988 1943 1063 2000 „quo
1071 1943 1149 2000 prse-

704 2009 776 2067 sidio
791 2012 797 2074 Ι
813 2030 874 2064 eum
901 2008 1026 2065 cumfults
1043 2030 1087 2066 res
1104 2030 1149 2066 ro·

703 2117 782 2153 mano
799 2103 913 2152 essent“
930 2101 983 2164 (m.
996 2099 1035 2156 Ἅι
1053 2101 1149 2170 esset),

704 2187 734 2241 in
760 2182 782 2240 P
807 2205 843 2244 m.
874 2187 899 2243 1.
925 2182 1002 2241 Leid.
1025 2204 1044 2244 r.
1071 2205 1148 2263 „quo

702 2270 840 2350 praesidio
854 2270 971 2328 consults
984 2291 1027 2328 res
1039 2291 1148 2330 romanu

703 2365 812 2427 esset“‚
839 2369 866 2415 et
883 2359 956 2436 quod
974 2359 1028 2417 loei
1049 2361 1149 2417 rationi

703 2445 734 2503 id
760 2448 848 2523 aptius
872 2447 1021 2506 videbatur.
1056 2447 1149 2507 Foloe

703 2536 775 2595 enim
793 2534 908 2604 diceret,
931 2537 960 2592 in
982 2556 1037 2592 unu
1058 2537 1148 2592 socio·

701 2639 762 2677 rum
771 2623 907 2699 praesidio
919 2622 1032 2680 salutem
1043 2626 1083 2680 rei
1092 2622 1147 2679 Ro·

702 2727 797 2764 manae
814 2711 981 2779 constitisse,
1005 2710 1078 2786 quod
1097 2729 1148 2767 neo

702 2791 839 2849 Romanos
862 2795 985 2852 decuisse
1010 2796 1149 2852 videretur

703 2898 754 2935 nee
777 2899 810 2934 ex
832 2879 875 2935 his
898 2901 965 2957 quae
990 2891 1063 2957 gestu
1080 2881 1148 2939 refe·

704 2973 800 3021 runtur
816 2967 925 3042 probari
942 2976 1042 3046 posset.
1063 2967 1148 3024 verbo

703 3053 840 3125 confulta
857 3054 1017 3130 (‚‚zugieich
1035 3057 1085 3115 urit
1098 3074 1147 3112 un-

703 3146 867 3214 terstiitut“)
891 3147 1063 3223 exprimitur,
1090 3164 1148 3202 rem
1237 3188 1242 3199 „

702 3227 850 3287 Romanam
867 3251 917 3306 per
932 3253 963 3289 se
980 3255 1036 3290 nou
1052 3231 1148 3289 inveli-

703 3315 765 3372 dam
787 3321 922 3374 sociorum
944 3319 1051 3376 auxiliis
1074 3319 1147 3374 adie-

702 3404 781 3473 ieetis
816 3404 883 3460 adeo
925 3405 1029 3463 firmem
1063 3409 1149 3464 visum

702 3491 800 3558 fuisse,
829 3502 860 3547 ut
888 3512 943 3548 nou
974 3496 1062 3570 magni
1091 3513 1149 3550 mo·

703 3580 787 3634 menti
813 3578 949 3636 videretur
977 3582 1050 3658 quod
1078 3579 1149 3639 Gelli
1259 3572 1261 3577 ¹

703 3667 918 3744 appropinquare
935 3668 1094 3727 dicerentur.
1113 3701 1148 3714 -

705 3752 742 3825 13:
768 3752 855 3810 leuius
882 3754 933 3813 suit
959 3759 1033 3834 quod
1060 3756 1149 3837 goliuq

704 3858 769 3896 mox
787 3853 838 3901 cet.
860 3874 895 3886 -·
920 3845 952 3902 ln
969 3846 1061 3902 multis
1078 3844 1151 3904 reee.'

706 3927 785 3986 eodd.
820 3932 949 4008 scriptum
985 3943 1027 3990 est
1064 3951 1150 4001 „mox

706 4013 835 4075 Gallos“:
862 4020 935 4095 quod
962 4018 1034 4077 haud
1056 4017 1149 4097 displi-

706 4111 774 4165 cent.
801 4135 836 4149 -
864 4105 896 4165 ln
914 4105 992 4168 Voss.
1009 4124 1038 4163 u.
1056 4104 1090 4166 ak
1107 4107 1148 4163 in·
