2618 4590
419 285 422 289 -
463 250 465 255 ⁴
527 250 728 330 nonan„
806 286 808 292 ·
1094 238 1156 309 111
1200 310 1205 329 ,
1248 216 1261 289 ἶ

68 348 73 395 t

62 416 215 505 „qnando
238 415 393 506 quidem“
413 414 530 505 inquit,
558 415 736 500 „Quirites,
763 415 833 482 iam
853 438 912 482 vos
939 416 1102 484 tribunicia
1123 417 1157 484 li-

62 519 137 586 bido
160 544 226 586 non
248 532 390 610 potestas
411 521 499 610 regit,
522 523 557 586 et'
574 518 836 586 intercessionem
858 522 1035 589 secessione
1057 546 1157 613 quon·
1269 586 1272 593 .

62 624 138 689 darn
159 624 262 713 plebis
284 635 407 715 partam
427 625 519 691 vobis
541 625 655 691 eadem
682 620 714 690 vi
741 622 842 692 facitis
869 623 993 691 inritam
1018 650 1082 717 qua
1103 650 1157 717 pe·
1215 642 1218 647 ’

62 727 198 818 peristis,
219 751 284 794 non
306 728 350 794 rei
370 729 516 818 publicae
538 727 638 818 magis
652 727 820 795 universae
829 718 931 819 'quam
945 739 1049 795 vestra
1064 752 1158 796 causa

64 828 200 898 dictatbr
224 833 439 900 intercessioni
468 835 563 901 adero
593 855 803 922 eversumque
833 845 976 900 vestrum
1009 833 1193 904 auxiliumtt

62 934 198 1024 imperio
218 936 372 1004 tutabor.¹
391 938 500 1030 itaque
526 937 554 1004 si
576 935 614 1005 C.
635 935 773 1003 Licinius
802 947 840 1003 et'
856 935 893 1002 L.
916 935 1046 1003 Sextius
1066 935 1159 1003 inter·
1273 968 1278 983 ·

61 1039 198 1106 cessioni
220 1040 416 1131 collegarum
439 1041 565 1124 cedunt,
585 1040 664 1107 nihil
682 1039 853 1132 'patricium
878 1041 1096 1130 magistratum
1116 1041 1160 1106 in-

61 1164 169 1211 seram
181 1142 325 1213 xconcilio
347 1146 467 1240 plebis:
491 1145 518 1212 si
531 1145 692 1233 'adversus
713 1131 976 1212 intercessionem
994 1156 1161 1242 tamquam

60 1258 174 1337 captae
195 1247 312 1317 civitati
334 1253 422 1343 leges
438 1251 598 1339 ,inponere
618 1249 759 1333 tendent,
780 1250 847 1318 vim
869 1249 1068 1317 tribuniciam
1091 1274 1161 1316 ase

58 1351 130 1440 ipsa
158 1351 287 1422 dissolvi
313 1378 380 1423 non
411 1355 546 1446 patiar“.
590 1353 753 1422 Adversus
782 1378 820 1422 ea
848 1378 923 1429 cum
952 1355 1160 1447 contemptim
1174 1370 1208 1424 10
1246 1386 1254 1407 x

60 1456 178 1524 tribuni
198 1459 301 1548 plebis
323 1484 392 1526 rem
419 1460 517 1528 nihilo
545 1458 672 1550 segnius
697 1471 898 1548 peragerent,
931 1471 1001 1526 turn
1022 1461 1161 1552 percitus

59 1559 107 1628 ira
128 1561 281 1631 Camillus
303 1564 431 1632 lictores
454 1564 510 1656 qni
531 1565 572 1632 de
593 1563 700 1630 medio
715 1562 846 1652 plebem
860 1577 1047 1632 emouerent
1066 1564 1161 1647 misit,

61 1666 238 1735 et'addidit
260 1669 377 1753 ninas,
405 1670 431 1736 si
453 1678 635 1760 pergerent,
668 1678 867 1734 sacramento
891 1691 1003 1735 omnes
1024 1668 1162 1733 iuniores

47 1767 248 1842 ,adacturum
270 1758 509 1867 exercitumque
531 1762 694 1861 entenrplo
717 1795 759 1838 ex
781 1772 859 1839 urbe
876 1772 1075 1839 educturum.
1102 1782 1163 1839 ter·

43 1897 169 1969 ‘xt'orem
195 1878 358 1968 ingentem
384 1878 560 1949 incusserat
586 1876 689 1967 plebi:
727 1875 860 1945 ducibus
888 1876 992 1967 plebis
1020 1874 1164 1944 accendit
1177 1889 1211 1944 15

47 1981 161 2071 'magis
184 1983 356 2051 certamine
378 1983 501 2051 animos
525 2008 623 2074 quarn
644 1983 772 2050 minuit:
805 1983 861 2048 sed
884 2007 919 2049 re
941 1992 1054 2051 neutro
1076 1979 1163 2050 incli-

60 2097 145 2152 nata·
159 2086 345 2178 magistratu
368 2098 404 2155 se
427 2088 592 2172 abdicavit,
616 2111 676 2155 seu
698 2087 771 2177 quia
794 2085 871 2153 vitio
893 2095 1018 2152 creatus
1040 2096 1108 2152 erat
1129 2094 1166 2149 ut

60 2190 217 2281 scripsere
241 2193 385 2284 quidam,
419 2216 477 2260 seu
506 2194 579 2284 quia
602 2192 718 2261 tribuni
744 2190 848 2282 plebis
875 2189 1016 2257 tulerunt
1037 2189 1078 2255 ad
1099 2188 1166 2279 ple·

60 2294 141 2362 bem
162 2297 257 2387 idque
280 2297 372 2388 plebs
395 2298 494 2383 scivit,
527 2309 563 2366 ut
579 2298 606 2364 si
628 2297 674 2365 Μ.
696 2296 816 2366 Furius
830 2319 890 2386 pro
913 2295 1065 2365 dictatore
1089 2292 1165 2383 quid

30 2398 34 2406 '
60 2398 194 2490 egisset,
227 2401 436 2492 quingentum
462 2402 586 2473 milium
613 2404 643 2471 ci
669 2400 771 2470 multa
799 2411 893 2468 esset.
930 2399 988 2466 sed
1019 2396 1165 2489 auspiciis
1178 2414 1213 2467 20

139 2618 226 2667 ctator
250 2613 440 2670 intercessioni
464 2613 582 2670 edero“:
722 2613 806 2671 verbo
831 2611 967 2668 accendit
991 2608 1168 2688 respondere·

136 2695 212 2757 bne.
241 2700 437 2758 intercedentes
459 2701 582 2758 tribunos
724 2710 775 2758 tur.
795 2687 829 2743 -ss
847 2697 994 2759 lnllarl..1.
1013 2697 1169 2753 exciderunt

137 2784 279 2843 adiuvabo.
722 2788 803 2841 verba
821 2787 937 2841 oreimos
957 2804 1045 2859 quam
1057 2784 1169 2839 minuit.

78 2873 329 2950 {conlega-rum
346 2874 470 2930 cedunt:
492 2872 527 2932 ll.
547 2905 582 2915 -
655 2874 698 2932 16.
724 2873 780 2928 sed
797 2892 830 2929 rc
848 2879 952 2927 neutro
967 2872 1124 2925 inclinata:
1141 2865 1170 2922 lll
1232 2928 1235 2933 ,

136 2958 172 3016 P:
192 2954 353 3035 collegarum
371 2961 508 3019 caedunt:
724 2980 760 3018 m.
783 2961 809 3018 3.
826 2957 857 3018 P.
884 2988 919 3037 -ς-
944 2955 972 3014 tt
994 2978 1031 3015 m.
1055 2959 1094 3015 1.:
1120 2952 1170 3010 s'ed
1294 3018 1297 3025 Ι

61 3049 110 3107 10.
136 3048 288 3106 aduersus
311 3070 348 3106 ea
370 3069 436 3109 cum
458 3056 583 3104 contem·
723 3057 819 3104 neutro
836 3044 972 3104 inclinata.
1008 3044 1039 3101 ln
1056 3041 1169 3101 Leid.‘1.
1272 3082 1278 3093 .

135 3136 210 3211 μίγη
227 3135 263 3194 dr.
279 3139 320 3212 pl.
339 3158 402 3193 rem
425 3136 518 3193 nitito
537 3156 583 3193 se·
675 3197 679 3217 Ι
724 3137 855 3211 scriptum
883 3143 923 3191 est
949 3155 986 3190 ne
1014 3134 1092 3190 ultro
1119 3150 1169 3208 pro

82 3270 88 3277 .
135 3225 229 3302 gaius
244 3233 438 3303 peragerent:
465 3223 539 3282 Pm.
557 3226 584 3282 2.
717 3233 842 3282 ,neutra
861 3220 905 3281 Cl.
923 3222 949 3288 5,
962 3222 1018 3276 no:
1035 3222 1087 3274 teri
1104 3228 1170 3272 tem-

77 3338 83 3353 »
138 3340 175 3355 -··
197 3309 271 3371 l'm.
297 3314 335 3370 1.:
361 3310 446 3368 nihilo
471 3313 584 3385 sergius.
725 3331 777 3389 pus
796 3319 891 3365 neutro
909 3306 1037 3364 inclinata
1060 3324 1118 3381 spe.
1137 3302 1171 3358 el.

137 3393 180 3453 ll:
198 3401 353 3474 contempti.
365 3406 400 3457 tr.
411 3397 448 3478 pl.
466 3409 584 3457 remeet.
726 3428 761 3443 -ι-
778 3395 843 3453 Pll:
865 3416 914 3451 scu
938 3394 1000 3469 qnia
1022 3400 1056 3445 tr.
1074 3389 1111 3466 pl.
1129 3399 1170 3444 tu·
1253 3460 1261 3470 ἱ

139 3482 185 3542 Gt.
212 3487 242 3552 2,
267 3489 325 3544 56.1
353 3489 527 3564 contemptim
551 3487 585 3542 de
726 3484 816 3542 lerunt
834 3482 867 3538 ad
880 3481 986 3559 plebem
996 3477 1078 3555 idque
1095 3473 1171 3554 plebs

139 3572 199 3628 iure
234 3572 392 3628 disserendo
427 3573 585 3650 perturbare
726 3575 808 3628 sciuit
825 3579 876 3629 cet.
950 3578 953 3584 “
1010 3568 1014 3577 '

138 3657 294 3716 Laetorium
311 3669 423 3736 poterat.
436 3693 469 3704 -
481 3658 556 3719 Harl.
566 3679 585 3718 1.
656 3661 700 3719 20.
729 3662 921 3738 quingentum
929 3657 1055 3714 millium
1064 3654 1093 3711 ei
1098 3643 1172 3709 mul·

71 3734 79 3744 ’
140 3745 189 3805 alr
206 3767 267 3803 cum
284 3750 413 3804 contenti
429 3747 501 3806 oet*
726 3756 760 3802 ta
777 3754 871 3802 esset:
894 3744 921 3801 tl
939 3765 974 3804 m.
993 3747 1018 3802 1.
1036 3742 1066 3802 P.
1085 3771 1119 3783 -
1144 3734 1172 3792 Μ

67 3831 115 3891 14.
141 3839 284 3891 terrorem
296 3837 444 3912 ingentem
456 3838 585 3892 incusse-
729 3854 766 3892 nr.
782 3837 823 3892 3.=
841 3832 947 3893 mulcta.
960 3863 994 3873 -
1006 3830 1084 3887 Recc.
1097 3824 1171 3901 quid:

143 3927 193 3975 md
207 3921 300 3994 plebi.-
317 3921 375 3982 ΡΜ.
399 3954 433 3967 -··
461 3921 536 3979 Leid.
554 3940 585 3979 1.:
729 3920 824 3978 codd:
842 3924 1046 3997 quingentorum
1059 3911 1171 3969 millium

14 4014 17 4021 '
120 4024 125 4031 ’
143 4007 292 4069 incesserat
311 4008 393 4086 plebi.
428 4009 508 4069 Recc.
529 4010 587 4085 qui·
728 4010 798 4062 aeris
809 4009 834 4060 ei
843 4001 924 4061 multa
932 3998 1171 4059 esset-Lentos

143 4084 210 4171 darn
224 4093 317 4156 codd:
336 4097 477 4156 incussit.-
503 4105 533 4154 ut
551 4099 587 4155 ita
729 4090 915 4149 mulctasset:
930 4087 989 4148 h.e.
1001 4086 1171 4148 mulcta’aset.

850 4172 858 4195 x
995 4173 999 4178 ,
