2618 4590
153 225 221 295 230
534 286 539 293 .
615 234 799 297 manvu

156 425 215 471 cns
236 402 338 486 venit,
365 424 431 469 non
453 411 523 467 orta
543 400 626 467 inter
651 399 740 491 ipsos
768 413 828 468 est.
864 399 1024 473 Samnites
1045 395 1192 464 Sidicinis
1213 394 1257 461 in

155 507 238 574 iusta
259 530 346 573 arma
368 505 443 596 quia
463 504 584 572 viribus
605 503 679 595 plus
700 516 850 596 poterant
871 529 946 574 cmn
967 502 1164 583 intsdissent,
1186 523 1256 585 coa

156 608 201 678 cti
225 609 338 701 inopes
365 610 406 676 ad
438 609 676 700 opulentiorum
703 611 856 677 armifium
885 610 1057 699 confugere
1085 605 1258 696 Campanis

156 716 456 806 sese'eoniungrmt
500 713 656 805 Campani
677 715 778 808 magis
800 739 920 783 nomen
937 713 978 781 ad
993 711 1188 803 praesidium
1209 734 1257 778 so

126 819 279 892 {sciorum
301 845 399 913 quam
419 820 504 888 vires
526 844 602 887 cum
624 821 818 904 attulissent,
846 821 982 887 fluentes
1003 818 1085 885 luxu
1106 816 1147 882 ab
1168 816 1259 882 dura

157 923 197 991 tis
218 949 281 993 usu
303 950 466 995 armorum
487 925 520 991 in
536 925 676 993 Sidicino
698 927 783 1016 pulsi
797 948 874 1016 agro
895 924 928 990 in
943 947 979 991 se
1001 923 1116 991 deinde
1137 922 1260 990 molem

158 1050 290 1099 omnem
310 1031 389 1098 belli
410 1040 588 1099 verterunt:
622 1055 761 1122 namque
784 1030 943 1097 Samnites
966 1028 1091 1096 omissis
1113 1025 1260 1096 Sidicinis

155 1132 260 1224 ipsam
281 1160 390 1203 arcem
410 1135 618 1203 finitirnorum
639 1135 823 1226 Campanos
844 1135 960 1217 adorti,
982 1132 1068 1200 unde
1091 1154 1196 1222 aeque
1216 1130 1260 1197 ia·

158 1238 225 1307 cilis
245 1241 378 1309 victoria
399 1241 537 1331 praedae
560 1250 656 1330 atque
678 1240 797 1331 gloriae
818 1241 892 1332 plus
915 1250 1017 1321 esset,
1044 1237 1151 1305 'litata
1172 1235 1260 1302 imni

109 1358 146 1412 10
160 1345 264 1411 nentis
286 1344 418 1437 Capuae
440 1345 532 1416 eolfis
554 1368 629 1412 cum
650 1345 807 1436 praesidio
830 1345 923 1412 firmo
952 1351 1181 1433 occupassent,
1210 1341 1261 1407 de-

156 1449 314 1541 scendunt
335 1451 409 1518 inde
431 1451 588 1544 quadrato
611 1450 736 1542 agmine
763 1451 797 1518 in
818 1448 984 1541 planitiem
1010 1470 1094 1538 quae
1116 1445 1263 1537 Capuam

148 1630 152 1637 ’
227 1636 374 1693 trinsecus
391 1636 490 1693 uenit:
517 1624 579 1691 Pii:
606 1634 675 1703 „die

227 1717 674 1799 Veranlsssungzudiesemfiriege

197 1834 204 1852 ι
226 1805 288 1864 iam
306 1808 360 1865 deu
371 1808 490 1866 Rdmem
508 1830 563 1867 von
580 1812 675 1867 sussen

225 1892 306 1955 her“.
336 1894 476 1955 Possm:
504 1895 567 1954 belli
587 1907 675 1954 autem

227 2001 307 2039 eausa
323 2004 384 2041 cum
397 1983 564 2041 Samnitibus
575 1985 674 2041 Roma·

226 2070 337 2147 nisque.
545 2072 548 2076 ’

173 2148 200 2213 2
227 2160 300 2231 quia
312 2159 426 2216 uiribus
439 2158 511 2233 plns
521 2166 674 2234 poterant:

225 2241 674 2319 Pm.a.tt.-Pm.1.:qua

226 2331 331 2387 uiribus
350 2341 401 2389 cet.
415 2363 449 2372 -
467 2331 490 2387 P
507 2351 543 2390 m.
557 2334 583 2389 2.
600 2330 674 2388 dim.

227 2418 270 2475 3.:
294 2420 381 2475 coacti
404 2421 509 2494 inopes.
538 2416 674 2475 Pm.1.:

228 2513 322 2561 coacta
340 2507 445 2581 inopes.
472 2503 610 2564 tlm.1.:
630 2524 674 2560 co·

228 2593 376 2671 actinopes.

176 2674 203 2734 d.
230 2676 378 2755 Campani
393 2681 492 2759 magis
509 2699 616 2736 nomen
633 2679 677 2735 ad

224 2766 411 2838 praesidium
422 2768 572 2824 sociorum
585 2785 675 2842 quam

229 2853 311 2910 airas
328 2873 395 2911 cum
412 2856 600 2912 attulissent:
617 2853 675 2913 Pil.

227 2934 273 2997 Cf.
296 2942 328 3008 5,
356 2944 413 3001 18.:
443 2941 475 2997 Si
505 2950 533 2997 et
559 2940 675 3016 collegas

227 3023 337 3082 eosdem
366 3027 479 3084 reficitis
508 3032 588 3084 etiam
624 3048 675 3085 usa

228 3109 355 3168 meliores
374 3113 468 3181 factos,
485 3116 531 3169 me
548 3117 602 3170 iam
619 3136 675 3173 non

139 3266 143 3273 υ
228 3196 343 3254 eundem
357 3199 410 3255 sed
429 3201 550 3255 umbram
564 3221 675 3258 nomen·

228 3301 282 3360 que
299 3284 329 3345 P.
347 3286 437 3344 Licini
459 3286 582 3344 relictum
600 3288 675 3344 vide·

228 3373 278 3428 tis:
305 3374 377 3430 vires
400 3377 522 3452 corporis
545 3375 676 3443 adfectae,

227 3477 323 3516 seusus
353 3461 494 3519 oculorum
521 3471 601 3540 atque
630 3483 675 3518 au·

228 3547 299 3603 rium
316 3547 436 3618 hebetes,
449 3553 582 3623 momoria
593 3548 676 3620 labat,

119 3647 126 3657 ·
143 3691 146 3699 ,
228 3633 307 3706 vigor
324 3637 406 3692 animi
419 3638 558 3697 obtunsus.
576 3642 603 3708 3,
615 3641 676 3697 aaz

230 3720 339 3775 nomina
352 3731 454 3782 tautum
466 3746 497 3782 se
508 3726 619 3784 biennio
629 3725 675 3782 ha·

228 3801 330 3867 tuisse.

176 3891 203 3953 7.
229 3912 359 3972 nomque
380 3895 531 3958 Samnites
556 3902 676 3960 omissis

229 3980 373 4043 Sidicinis
384 3995 447 4046 cet:
460 3986 521 4044 Pu:
535 3991 589 4046 nisi
602 3986 676 4067 quod

228 4071 317 4147 primo
335 4074 364 4131 in
382 4074 405 4131 P
423 4076 526 4135 omisis
549 4085 614 4135 erat.
640 4107 674 4118 -

816 1632 898 1692 Reae
923 1631 1018 1689 codd:
1040 1651 1101 1688 nam
1119 1631 1262 1688 Samnites.

816 1753 847 1766 -
863 1720 891 1778 il
908 1741 943 1780 m.
957 1723 983 1779 1.
996 1717 1031 1775 P:
1050 1717 1204 1795 Campanos
1216 1716 1262 1772 ad·

816 1811 878 1868 orti.
905 1808 934 1865 tl
958 1828 994 1867 m.
1016 1809 1057 1865 3.:
1080 1803 1262 1890 campano&

815 1897 843 1956 h.
862 1915 899 1955 e.:
919 1915 1117 1973 campanorum.

762 1987 790 2044 9.
821 1986 848 2042 Τ
846 1984 926 2056 {fata
949 1984 1119 2039 inminentis
1141 1982 1264 2056 Capuae

817 2073 919 2128 collis:
937 2069 975 2142 P]
988 2069 1076 2125 Tifata
1094 2070 1264 2126 imminentes

817 2157 928 2234 Capuae
946 2156 1038 2217 c'olles.
1063 2189 1098 2200 -
1124 2155 1152 2212 u
1169 2157 1262 2213 m.1.:

817 2245 892 2302 tifata
911 2247 1067 2302 inminentis
1086 2263 1188 2320 capuae
1209 2240 1263 2298 col·

817 2331 867 2391 les.
896 2332 924 2389 tt
941 2354 977 2392 m.
995 2336 1036 2392 3.=
1062 2331 1146 2390 sirau.
1182 2328 1264 2388 Recc.

819 2420 895 2478 multi
918 2419 1011 2479 codd:
1038 2418 1154 2475 Tifatam
1177 2418 1264 2474 immi·

817 2518 925 2564 nentem
936 2507 1044 2584 Capuae
1054 2505 1159 2565 collem.
1168 2504 1264 2564 Haris.

817 2593 896 2654 Voss.
915 2616 943 2654 11.
962 2595 1007 2653 af:
1034 2593 1135 2651 tifacta.
1157 2625 1192 2634 ·-
1220 2591 1263 2651 Cf.

752 2697 762 2715 ⁸
817 2682 861 2749 ῦὸ,
879 2685 917 2741 5.:
945 2684 973 2739 in
991 2679 1060 2738 ualle
1079 2679 1182 2736 occulta
1200 2689 1264 2757 post

807 2753 904 2824 'Tifata
934 2778 1053 2825 montem
1088 2767 1264 2824 inminentem

817 2853 930 2933 Capuae
959 2856 1089 2914 consedit.
1125 2854 1174 2920 23,
1206 2855 1265 2911 aa:

816 2955 889 3001 retro
913 2946 942 2999 in
966 2952 1050 2999 castm
1075 2960 1155 3018 super
1173 2939 1265 2995 Tifata

818 3052 848 3088 se
867 3033 982 3107 recepit:
1000 3031 1078 3100 (Put.
1089 3025 1182 3086 Cofb.:
1200 3027 1265 3083 tita-

817 3120 879 3187 na).
898 3121 942 3185 aa,
954 3119 998 3176 so.
1016 3116 1265 3183 aa.1>ae÷‚,inu-

816 3205 910 3263 ssum.
928 3204 961 3265 c,
980 3202 1106 3264 sil.1al.
1124 3197 1168 3272 12,
1185 3206 1264 3262 tou:
1295 3205 1299 3214 ’

816 3293 877 3367 ipse
898 3290 987 3349 Tifata
1013 3291 1121 3360 insidit,
1149 3293 1265 3370 propior

818 3397 871 3455 qua
897 3379 1039 3436 moenibus
1063 3382 1146 3436 instat
1167 3377 1264 3448 Collis,

817 3475 845 3521 et
863 3465 1000 3523 etumulis
1011 3467 1159 3524 subiectam
1176 3467 1266 3544 despi-

821 3552 858 3607 cit
875 3554 976 3612 urbem.
1126 3618 1131 3631 Ι

747 3639 791 3697 11.
819 3659 897 3715 quas
930 3643 1063 3717 Capuam
1102 3641 1267 3719 Tifataque

776 3798 779 3802 ι
818 3729 1005 3786 interiacet:
1027 3729 1054 3785 tl
1072 3750 1108 3789 m.
1130 3732 1155 3789 1.
1173 3728 1205 3789 P.
1233 3761 1268 3772 -

818 3814 863 3872 Cf.
881 3817 925 3885 22,
937 3820 975 3876 3.:
993 3817 1100 3874 Etrusci
1119 3820 1208 3895 campi
1221 3819 1268 3896 qui

816 3900 943 3960 Faesulas
973 3907 1051 3961 inter
1076 3905 1269 3982 Arretiumque

817 3990 913 4050 iacent.
931 3993 975 4059 21,
987 3995 1044 4049 30.:
1062 3992 1144 4048 finem
1155 4002 1269 4070 sperent

817 4098 942 4161 campum
958 4080 1161 4138 interiacentem
1172 4076 1267 4139 Tiberi
