2618 4590
530 290 701 382 amaru
848 310 853 319 ‘
1070 284 1160 382 '117

64 479 279 571 impertituros
301 475 388 569 plebi
416 479 587 564 hoborem,
616 483 671 573 qui
693 494 807 551 octona
829 485 901 552 loca
919 482 1058 554 'tribunis
1080 487 1159 579 mili·

62 595 132 650 tum
155 585 299 655 creandis
328 608 485 675 occupare
512 585 596 652 soliti
622 586 702 671 sint,
730 599 763 654 et
789 588 829 655 ad
854 590 1052 657 consulatum
1073 591 1158 659 viam

62 688 131 756 lieri
154 710 318 779 passuros,
348 690 402 780 qui
423 676 618 756 tribunatum
640 701 787 782 saeptum
808 684 951 759 tamdiu
971 691 1158 767 habuerint?

62 791 134 884 lege
163 793 368 860 obtinendum
390 784 579 885 essequod
607 795 742 865 comitiis
767 813 827 888 per
853 796 986 888 gratiam
1012 809 1157 890 nequeat,

131 1001 186 1058 bris
205 1000 291 1072 (ets,
304 1005 365 1071 10.)
382 1005 453 1060 inter
468 1023 498 1060 se
508 1024 574 1060 eon-

70 1113 77 1131 ·
128 1088 188 1144 fusa
218 1109 277 1146 esse
305 1089 378 1151 band
409 1092 571 1166 ignoramus,

126 1184 216 1233 umen
232 1177 312 1235 huius
324 1176 380 1234 loci
390 1181 498 1248 rationi,
515 1199 571 1256 qno

74 1338 78 1345 1
118 1274 253 1323 nontam
277 1264 311 1324 de
332 1269 467 1343 praesenti
490 1285 570 1344 qnam

126 1347 161 1405 de
195 1351 286 1410 futuro
314 1362 445 1430 tempore.
467 1363 570 1428 agatur,
612 1368 619 1382 ι

126 1457 204 1494 nune
215 1441 261 1496 vix
278 1448 370 1515 aptum
388 1458 447 1496 esse
458 1440 570 1497 arbitre-

126 1544 194 1584 mur.
224 1525 380 1584 facillimum
392 1529 473 1602 igitur
490 1537 570 1594 asset,

124 1614 151 1667 oi
168 1623 196 1670 et
205 1613 329 1671 hocloco
348 1635 385 1673 ree
403 1614 438 1671 ad
455 1617 487 1671 in
504 1624 571 1671 tem·

125 1719 206 1777 qnam
236 1701 318 1757 altera
348 1701 468 1757 eiusdfln
494 1703 571 1757 vocis
599 1729 601 1734 ·

124 1789 257 1864 scripture
270 1809 285 1851 s
297 1787 414 1845 librariis
427 1786 518 1844 addita
530 1786 570 1842 ‹li-

19 1933 23 1940 ,
48 1900 54 1905 ·
126 1886 246 1944 caretur,
274 1875 302 1931 id
327 1875 400 1952 quorl
423 1895 457 1931 ex
479 1873 570 1933 multis

124 1962 259 2041 similibus
277 1961 345 2019 locis
358 1961 570 2040 quodammodo

122 2050 234 2127 probari
251 2059 345 2128 posset
358 2049 494 2127 multoque
512 2050 571 2106 veri

67 2160 71 2167 ·
125 2137 240 2193 similius
271 2135 408 2194 videretur
436 2157 516 2213 qnam
542 2129 571 2191 si

124 2243 187 2278 cum
204 2223 225 2281 Ι.
240 2222 284 2281 Fr.
297 2222 381 2281 Gron.
401 2227 455 2300 qui
470 2223 570 2280 erede·

121 2306 191 2366 rent
215 2311 362 2369 reiicienda
392 2329 568 2370 censeremus.

100 2436 102 2441 -
124 2416 218 2454 verum
243 2418 277 2453 no
302 2398 331 2454 id
355 2398 464 2475 quidem
489 2397 569 2453 nobis

124 2487 191 2540 satis
216 2482 312 2560 placet.
350 2506 397 2540 cnr
422 2493 487 2543 verb
513 2505 569 2540 non

82 2558 90 2596 '¹
122 2581 214 2647 potest
239 2571 268 2627 id
291 2571 365 2648 qnod
387 2573 417 2627 in
445 2572 569 2628 omnibus

124 2659 203 2715 bonis
225 2658 302 2715 libris
327 2667 382 2727 est,
406 2659 569 2725 duobusne,

123 2766 174 2824 pro
201 2747 305 2820 integro
331 2746 441 2801 baberi?
470 2763 569 2801 numne

125 2831 200 2910 qnod
224 2833 255 2887 in·
276 2852 328 2911 nna
351 2830 570 2888 sententia'duo·

121 2919 174 2977 bns
192 2919 282 2977 verbis
300 2918 334 2974 ad
352 2919 581 2992 interrogationis*

124 3028 233 3066 sonsum
246 3006 450 3064 describendum
462 3007 502 3062 uti
514 3025 570 3062 non

84 3168 87 3172 .
122 3097 275 3174 possimus?
286 3115 375 3151 nonne
387 3093 417 3150 id
428 3096 517 3170 ipsum
528 3095 582 3155 ri-.

106 3184 218 3241 'demus
235 3183 326 3239 multis
338 3183 415 3251 locis,
434 3202 503 3260 qnos
521 3180 567 3241 ad·

123 3270 178 3326 bne
195 3291 274 3327 nemo
293 3281 434 3348 corruptos
457 3269 568 3326 babuit?
593 3330 596 3335 ,

122 3359 227 3414 namsi
247 3378 287 3417 ex.
306 3378 344 3433 gr.
367 3357 439 3436 apud
457 3355 567 3414 Cicero-

86 3458 91 3467 “
123 3464 186 3503 nem
203 3444 297 3513 (Tusc.
318 3449 342 3513 1,
362 3449 404 3504 15.
421 3447 481 3514 31.)
502 3443 567 3519 legi·
630 3482 633 3487 -

121 3542 169 3591 tur
191 3532 281 3608 „qnid
302 3535 389 3588 nostri
411 3531 567 3609 philosophi

122 3706 245 3763 scribunt
263 3706 296 3761 de
308 3707 500 3763 contemnenda
512 3706 567 3781 glo·

23 3804 27 3810 '
116 3797 173 3863 'ria,
190 3814 239 3850 sna
258 3795 365 3848 nomina
380 3795 566 3853 inscribunt“:

125 3879 212 3937 aliove
224 3880 285 3936 loco
297 3879 386 3950 (Vere.
396 3883 422 3948 l,
432 3886 479 3946 59.
488 3883 567 3948 132.)

84 4039 87 4044 ,
124 3967 215 4044 „qnid
238 3977 294 4023 tum
320 3968 484 4025 mediocrine
510 3978 566 4022 tan·

125 4053 187 4116 dem
206 4052 300 4112 dolore
318 4076 365 4112 eos
377 4056 496 4112 adiectos
508 4075 568 4111 esse

124 4142 332 4198 arbitramini“:
354 4174 389 4186 -
424 4145 485 4223 quis
514 4145 568 4200 iam

714 1006 890 1074 contenderit,
896 1006 991 1064 hornrn
997 1006 1158 1064 similiumve

711 1094 832 1153 locorum
848 1096 967 1152 rationes
989 1095 1023 1152 ab
1047 1093 1097 1152 illo
1111 1090 1177 1151 Li!
1205 1114 1209 1120 ·

696 1183 791 1241 'viano
808 1181 870 1239 loeo
884 1180 983 1240 alienas
997 1202 1066 1250 esse,
1083 1180 1157 1259 qnod

709 1289 765 1349 pro.
796 1271 974 1331 recentiorum
1006 1279 1158 1346 temporum

711 1375 787 1412 moro
819 1357 1036 1432 interrogationis
1072 1356 1156 1432 signis

711 1452 775 1519 post
793 1443 965 1518 philosophi
981 1452 1008 1499 et
1028 1450 1090 1499 tum
1106 1461 1155 1521 po-

711 1531 772 1586 sitis
795 1530 904 1586 alteram
927 1531 960 1586 ab
987 1529 1069 1586 altera
1096 1549 1155 1586 ora·

712 1617 795 1671 tionis
818 1626 896 1693 parte
922 1620 1060 1693 seiungere
1085 1612 1155 1672 solcss‘

712 1722 786 1770 mus,
809 1723 876 1779 qnae
898 1722 947 1778 per
970 1723 999 1759 se
1017 1703 1155 1779 aptissima

714 1789 880 1849 cohaereant.
911 1788 946 1845 ad
967 1789 1019 1846 boc
1044 1788 1155 1855 aceedit,

712 1876 785 1954 quod
803 1877 875 1937 band
892 1897 953 1933 raro
966 1876 1008 1935 vel
1026 1877 1155 1950 negativis

711 1962 850 2040 particulis
864 1962 1035 2025 encliticam
1052 1958 1155 2020 adiecta

712 2060 754 2106 est
771 2048 844 2106 nullo
868 2049 920 2109 alio
944 2048 1057 2114 consilio
1076 2068 1155 2126 qnam

712 2140 796 2215 utris
814 2139 1032 2212 interrogationis
1049 2155 1155 2211 angere.
1173 2135 1179 2143 “
1243 2136 1248 2149 ’

680 2238 683 2245 ’
711 2233 765 2283 tur.
791 2227 833 2282 sic
844 2226 928 2301 igitur
940 2227 1019 2281 etiarn
1031 2224 1083 2281 boe
1094 2222 1154 2278 loco

711 2313 867 2375 duobusne
893 2314 1023 2390 seriptum
1048 2309 1155 2368 ridetur

637 2467 651 2477 ,
710 2409 742 2461 ut
764 2419 858 2476 magna
883 2399 929 2456 illa
952 2402 1012 2470 ris,
1035 2418 1104 2475 qnae
1125 2399 1154 2453 in

647 2534 650 2539 .
709 2486 761 2546 hac
783 2490 842 2565 ipsa
859 2507 927 2545 voce
946 2486 1071 2564 ponenda
1089 2492 1154 2551 erat,

709 2575 794 2648 magis
824 2576 903 2632 etiam
932 2574 1061 2642 eluceret,
1094 2591 1154 2627 cnm

709 2670 820 2738 propter
844 2665 897 2738 qni
917 2664 1067 2738 principem
1094 2676 1176 2728 sen·⁸
1271 2704 1276 2715 .

710 2750 810 2803 tentiae
832 2747 923 2810 locum
947 2749 1064 2805 dnobus
1087 2745 1154 2800 obti-

710 2853 776 2889 nere
793 2855 848 2890 non
869 2843 971 2910 posset.
994 2862 1028 2875 -
1054 2830 1091 2887 P:
1114 2832 1154 2885 in·

709 2921 835 2996 ptituros.
865 2920 893 2979 Μ
911 2941 948 2980 m.
966 2922 1007 2978 1.:
1025 2919 1154 2992 „imperi-

710 3006 818 3067 {oront
854 3007 918 3067 dnn
947 3007 1153 3083 impertituros.

629 3252 635 3257 ¹
658 3187 683 3242 1.
711 3186 765 3263 qni
776 3188 882 3242 octono
894 3185 962 3241 loco
972 3192 1010 3244 ir.
1021 3183 1080 3239 mil.
1093 3199 1153 3237 cre-

709 3272 799 3329 andis
818 3292 961 3346 occupare
978 3271 1060 3327 soliti
1077 3270 1152 3324 sint:

707 3356 768 3417 Plll.
791 3357 855 3415 Non
871 3357 966 3415 Livius
984 3356 1072 3439 modos.
1083 3357 1109 3421 5,
1128 3355 1151 3410 1.

709 3456 771 3502 octo
802 3453 907 3500 creatos
937 3461 996 3498 esse
1031 3441 1152 3497 tribunos
1257 3472 1260 3489 .

658 3541 662 3545 ’
709 3555 734 3589 a.
752 3534 814 3591 351.
831 3533 948 3608 scripsit,
966 3528 1015 3584 s'erl
1032 3531 1111 3584 etiam
1123 3529 1151 3581 in

709 3619 779 3697 Cap.
797 3621 889 3693 fragm.
909 3637 993 3673 annos
1011 3616 1149 3679 371315.

710 3717 823 3763 octonos
840 3709 963 3764 tribunos
972 3705 1100 3764 habuisse
1111 3703 1150 3757 vi·
1162 3735 1165 3740 ·

709 3793 822 3862 tlemus,
840 3804 867 3850 et
889 3796 988 3851 oratori
1010 3790 1107 3847 licebat
1124 3797 1151 3842 et

710 3897 805 3956 angere
827 3889 856 3936 et
877 3882 1041 3941 deminuere,
1069 3881 1150 3951 prout

709 3988 753 4023 res
771 3968 928 4044 postulabat.
952 3994 985 4004 -
1011 3961 1039 4018 bl
1056 3982 1091 4018 m.
1112 3965 1148 4019 l.:
1206 4013 1208 4017 ,

680 4098 683 4103 ,
709 4059 757 4113 nin
774 4055 841 4112 iieri.
860 4072 895 4110 m.
913 4054 952 4104 b:
971 4050 1029 4106 niti.
1053 4076 1086 4089 --
1108 4046 1149 4105 hl:

710 4140 768 4217 lego
785 4139 960 4219 optinendum
977 4153 1045 4201 esse.
