2618 4590
111 188 179 259 568
279 234 285 246 ι
577 198 748 261 munau

112 389 237 458 poaque
259 366 438 458 patiebatur
459 366 502 432 ita
524 365 685 446 instruxi,
706 362 960 454 cohortatusque
984 360 1210 452 praedicatione

115 495 192 540 veru
214 495 278 562 qua
299 471 332 538 in
353 470 468 539 Tuscia
491 492 554 560 quo
577 468 609 535 in
630 468 762 538 Samnio
784 478 954 558 partorum
979 467 1149 534 decorum
1165 467 1211 533 eri

114 598 211 666 guam
233 576 444 668 appendicem
464 572 590 642 Etrusci
616 571 692 640 belli
714 573 871 642 conficere
893 571 989 640 iubet
1011 581 1051 639 et
1073 570 1213 640 vocirin

112 679 184 771 piae
206 704 327 773 poenas
349 689 516 772 expetere,
538 701 601 768 qua
624 700 660 745 ae
681 677 795 745 urbem
808 676 1001 744 Romanam
1024 687 1214 767 oppugnati

82 791 167 852 tros
188 785 298 854 minati
320 795 403 853 sunt.
442 783 523 850 haec
544 793 630 850 tanta
651 793 727 850 aunt
748 780 908 850 alacritate
934 780 1089 849 militum
1118 779 1215 862 auditu

111 898 150 957 nt
182 889 305 959 clamor
331 913 389 958 sua
415 896 531 979 sponte
559 897 647 954 ortus
675 887 861 978 loquentem
888 884 1216 976 interpellarentur

113 1015 201 1061 cemr
230 1005 303 1062 ante
325 991 494 1084 imperinm
515 1001 589 1058 unte
610 1003 803 1060 concentum
823 990 975 1058 tubarum
1003 1013 1047 1058 ac
1069 1011 1219 1061 cornuum

113 1119 209 1165 curun
230 1098 332 1166 effuso
353 1095 387 1162 in
407 1094 536 1163 hostem
558 1093 716 1163 feruntur:
739 1120 805 1165 non
819 1106 988 1186 tamquam
1011 1095 1048 1161 in
1067 1094 1162 1162 viros
1178 1103 1219 1159 aot

186 1337 262 1396 wan
279 1338 441 1397 loeatttnuen
458 1338 516 1407 aab,
532 1338 587 1397 rici
601 1358 630 1397 er

186 1424 232 1483 die
249 1425 378 1484 Saldaten
394 1447 449 1486 von
470 1427 518 1483 der
535 1426 632 1485 drbeit

187 1508 221 1570 ab
239 1512 296 1570 und
313 1512 402 1572 ateilte
419 1516 459 1573 eie
476 1535 508 1572 ao
525 1524 572 1592 gut
589 1513 629 1572 ula

184 1596 234 1656 der
247 1599 300 1658 0rt
316 1602 372 1662 und
390 1599 630 1661 devertuntur

184 1704 215 1744 ee
232 1685 370 1746 erluubten
393 1689 451 1758 oui,
473 1688 530 1748 und
548 1687 629 1746 nuch-

185 1770 248 1831 dcm
265 1795 295 1832 er
310 1777 351 1835 aie
369 1776 454 1833 durch
477 1776 527 1833 dae
543 1775 630 1832 wohl-

184 1860 324 1919 verdiente
341 1861 400 1921 [rob
418 1863 492 1920 ihrer
509 1866 537 1920 in
551 1863 629 1920 Etru-

185 1948 245 2007 rien
263 1950 319 2007 und
328 1948 466 2008 Samnium
478 1949 631 2026 aurgeffihr-

185 2042 232 2091 teu
254 2033 452 2094 Helianthrteu
478 2037 630 2113 engeieuert

186 2119 272 2190 hoste,
289 2122 409 2182 iorderta
420 2144 450 2181 er
460 2128 502 2183 aie
513 2124 561 2182 ani
570 2123 629 2182 dies

184 2205 327 2277 thiiein‚
353 2212 417 2287 eine
439 2211 545 2287 Zugube
569 2232 630 2270 rum

105 2288 112 2299 ⁸
184 2290 629 2371 TuaciechenKriege‚ruvarnich-

182 2387 231 2435 ten
253 2381 310 2437 und
336 2381 386 2439 dae
411 2385 526 2458 gottloee
548 2383 631 2442 Wort

186 2483 220 2521 zu
237 2464 344 2536 richen,
365 2470 462 2526 uomit
477 2470 526 2528 der
542 2471 630 2528 Feind

185 2549 300 2625 gedroht
316 2553 401 2612 relbat
410 2554 480 2616 Rom
494 2557 630 2634 angreiieu

126 2638 132 2655 “
184 2657 219 2697 ru
235 2638 369 2702 wolleu“.

133 2727 160 2789 ⁷.
186 2735 255 2786 unte
282 2729 436 2806 imperinm
465 2741 535 2790 onte
564 2752 630 2790 cou-

106 2862 110 2871 ,
184 2820 270 2873 centri
285 2818 424 2877 tuburum
441 2838 478 2875 ur
488 2839 631 2877 cornuum

159 2932 160 2940 κ
184 2921 275 2963 curru
292 2906 390 2980 fiune
409 2905 567 2979 indoctam
578 2906 630 2979 se-

185 2991 352 3050 mutum-ln
369 3013 405 3053 m.
417 2996 443 3051 2.
455 3024 489 3039 -ι-
501 2992 529 3050 Μ
540 3013 575 3052 m.
590 2997 628 3052 1.:

181 3084 247 3132 ante
270 3089 402 3138 concentu
426 3080 571 3136 turbarum.
593 3111 628 3124 -·

184 3161 250 3219 inP
268 3165 308 3235 (et
319 3166 347 3222 in
356 3165 439 3226 Drak.
461 3166 551 3237 codd.)
561 3168 626 3223 acri·

184 3257 261 3327 ptum
273 3260 315 3308 est
332 3263 416 3321 „onte
427 3256 570 3333 imperium
581 3254 627 3310 de-

184 3335 249 3395 iude
271 3349 367 3397 oronte
388 3344 439 3413 (m.
459 3344 498 3402 1.r
520 3346 628 3419 otentu)

138 3431 144 3440 “
185 3422 628 3488 turbarumaccornnum“cet.aed

160 3532 162 3539 ¹
186 3511 302 3582 deinde,
324 3515 397 3593 quod
416 3515 496 3573 focile
512 3535 545 3573 cx
556 3525 627 3573 ante

191 3596 354 3676 fieripotuit‚
368 3603 626 3679 ocutionemlangui·

184 3684 248 3742 dam
264 3687 361 3758 reddit,
380 3701 409 3746 ut
426 3711 460 3748 ne
478 3689 507 3748 id
519 3691 627 3768 quidem

122 3824 126 3832 .
184 3773 353 3851 probandum
365 3778 489 3835 videatur
506 3778 579 3855 quod
597 3780 627 3834 iu

186 3861 246 3928 cod.
258 3863 366 3942 Neapol.
380 3863 480 3921 Latinii
498 3867 627 3942 seriptum
664 3922 668 3927 ,

185 3968 245 4005 esse
263 3951 362 4009 dicitur
385 3962 467 4021 „ante
485 3954 628 4030 imperium

185 4037 294 4127 deinde
311 4048 380 4095 unte
405 4049 565 4097 concentum
588 4049 627 4096 tu·

582 4352 589 4388 i

26 1202 35 1211 '
117 1211 256 1269 armatos
277 1200 455 1269 incurrunt:
477 1198 630 1266 mirabilia
652 1199 748 1286 dictu,
769 1202 857 1293 siguo
871 1201 977 1291 primo
1002 1199 1093 1290 eripi
1117 1207 1220 1289 coepta

770 1342 864 1399 barum
881 1359 913 1397 ac
931 1330 1107 1398 cornuumit.
1145 1334 1222 1402 ΟΜ,

772 1431 830 1490 tu:
853 1429 882 1485 in
903 1445 971 1505 quae
989 1425 1166 1497 (roboare)
1181 1443 1223 1481 nec

771 1517 847 1574 inaeu
864 1512 1008 1572 romulum
1027 1533 1084 1572 nec
1096 1515 1178 1589 riguo
1188 1532 1223 1568 ar-

771 1613 849 1683 repto
884 1605 1006 1661 victores
1037 1600 1151 1693 vadunt
1180 1607 1223 1657 cet

769 1692 820 1758 30,
837 1691 894 1749 33.:
911 1708 985 1746 -cnm
1010 1691 1138 1746 maxime
1164 1685 1223 1743 tae

770 1777 918 1855 imperetur
929 1773 1003 1852 apud
1016 1773 1221 1851 Camhug'uieu·

771 1882 816 1921 rea
834 1894 870 1907 —
887 1871 989 1938 egeret,
1007 1863 1096 1920 tubae
1116 1883 1221 1920 comor-

771 1971 824 2029 qua
848 1951 882 2007 ab
906 1951 1039 2008 Romania
1067 1954 1222 2009 cecinerunt

772 2047 823 2096 cet
836 2069 869 2080 -
881 2034 922 2095 tte
940 2037 1046 2094 clamor
1056 2057 1112 2096 eur
1129 2046 1222 2116 oporto

770 2123 874 2184 hortus.
886 2156 919 2167 -
932 2123 1002 2183 Pru.
1022 2127 1065 2184 1.=
1083 2127 1117 2182 in
1130 2135 1220 2183 ortem.

719 2213 745 2271 9.
772 2213 922 2270 munditia
939 2212 1037 2269 dictu.-
1062 2211 1117 2270 Plu
1139 2213 1173 2272 el.
1190 2243 1218 2256 ·-

773 2297 844 2357 Cod.
862 2299 955 2374 Sigon.
976 2297 1048 2358 [ιον.
1059 2300 1086 2359 d.
1105 2299 1158 2360 eL:
1175 2301 1219 2356 mi·

772 2385 856 2444 rubilc
874 2384 955 2444 dictu.
974 2384 1045 2447 [ιον.
1060 2390 1105 2446 da
1125 2386 1220 2445 deindo

770 2473 892 2548 signiferi
908 2474 963 2550 ipsi
979 2472 1054 2530 trahi
1072 2474 1110 2530 ad
1128 2493 1218 2531 eunun-

771 2558 826 2621 lem
843 2562 990 2636 armatique
1001 2559 1105 2617 militer
1119 2579 1156 2617 ex
1166 2561 1218 2617 acie

771 2645 912 2705 transferri
929 2648 959 2703 iu
975 2647 1072 2706 aciem.
1093 2645 1175 2706 Leid.
1188 2665 1216 2706 u:

763 2754 816 2793 ree
832 2735 941 2809 geritur.
955 2765 1000 2784 .-
1027 2732 1071 2791 M:
1098 2733 1217 2792 umboni·

771 2821 823 2879 bue
840 2822 974 2897 iocurauq.
999 2819 1040 2879 ala
1063 2828 1218 2878 stemuntur

770 2909 873 2965 hortea.
891 2907 927 2963 P:
936 2915 1062 2964 sternunt
1074 2905 1177 2966 husten
1187 2936 1217 2951 -·

771 2995 889 3064 „Zuorrt
903 2993 959 3069 ling
970 3014 1033 3052 man
1045 3015 1082 3051 an
1094 3027 1130 3040 -
1141 2993 1218 3051 kannt

770 3081 842 3140 wird
860 3102 922 3139 man
940 3101 969 3138 ca
987 3080 1105 3156 glauben
1121 3111 1159 3126 -
1177 3082 1218 3138 die

768 3168 880 3227 Fahnen
893 3168 945 3225 den
954 3167 1175 3244 Fahnentrtgem
1187 3189 1218 3226 zu

769 3259 927 3323 entrrirren,
945 3255 1017 3312 dano
1036 3256 1083 3312 die
1097 3257 1217 3314 Fehnen·

769 3353 858 3419 trtgcr
880 3346 930 3401 ruit
951 3342 1005 3400 den
1022 3342 1044 3400 F
1046 3343 1137 3402 ohnen
1159 3365 1218 3402 zum

770 3429 876 3488 Consul
893 3450 926 3487 zu
944 3429 1092 3508 schleppen
1106 3431 1163 3490 uod
1176 3432 1218 3488 die

751 3560 754 3569 .
768 3518 948 3575 bewaffneteu
960 3517 1158 3580 Soldaten²ana
1171 3520 1218 3575 der

769 3607 848 3663 einen
866 3607 894 3662 in
913 3604 956 3662 die
969 3602 1218 3663 undereSchlrclrt·

768 3691 835 3748 linie
850 3692 966 3748 irin'dber
984 3713 1016 3748 zu
1034 3693 1142 3751 richen:
1163 3693 1219 3750 und

763 3777 871 3836 irommt
893 3799 923 3834 es
941 3778 1063 3836 wiriiich
1086 3801 1134 3836 wo
1158 3800 1218 3837 zum

769 3864 878 3943 Kampi,
894 3885 926 3921 eo
943 3865 1042 3922 richtet
1059 3852 1109 3923 der
1121 3866 1218 3924 Schild

770 3951 845 4010 mehr
871 3972 918 4008 aua
941 3952 980 4008 ala
1004 3951 1052 4008 das
1075 3953 1217 4031 Schwartz

770 4039 820 4099 mit
848 4039 900 4097 don
922 4037 1133 4101 Sohildbuckeln
1161 4041 1217 4098 und
