2618 4590
521 251 628 315 LIBER
644 252 703 316 vu.
799 344 802 351 .
903 316 905 321 ,
1094 244 1158 313 153

65 416 180 497 datto
215 415 422 484 inscientibus
453 414 576 484 cunetis
603 415 705 483 cultro
731 417 910 485 succinctus
936 443 1030 488 mnne
1052 420 1084 487 in
1105 444 1155 487 ur·

59 522 135 589 bem
162 532 260 611 atque
290 545 309 586 a
336 531 428 610 porta
457 520 590 587 domum
611 519 780 587 confestim
807 522 848 588 ad
873 520 920 591 M.
941 523 1154 616 Pomponium
1228 507 1232 517 Ι

59 627 223 692 tribunum
245 625 362 714 pergit,
393 616 516 693 ianitori
543 647 626 715 opus
653 647 724 692 esse
747 625 807 692 sibi
834 625 963 694 domino
991 628 1059 696 eius
1080 654 1153 697 con-

59 742 158 797 vento
184 729 352 818 extemplo
367 729 417 814 ait,
439 729 597 798 nuntiaret
610 729 721 798 Titum
734 730 891 813 Manlium
904 729 941 798 L.
958 730 1059 798 tilium
1072 756 1153 801 esse.

59 857 140 899 mox
166 833 360 901 introductus
378 860 425 883 ·-
447 845 480 902 et
506 833 592 902 enim
619 834 777 926 percitum
802 835 848 903 ira
870 835 903 902 in
929 846 1054 926 patrem
1080 853 1189 927 spess

62 949 131 1003 erat
153 950 208 1005 aut
229 938 363 1006 crimmis
385 938 505 1030 aliquid
525 937 602 1006 novi
623 950 679 1007 out
700 940 823 1008 consilii
846 941 887 1006 ab
909 963 979 1007 rem
1001 939 1156 1030 agendam

60 1042 183 1111 deferre
203 1081 247 1093 --
268 1043 369 1111 salute
391 1055 523 1134 accepta
544 1043 729 1134 redditaque
751 1036 888 1112 essc'ait
910 1069 994 1135 quae
1017 1069 1092 1112 cum
1114 1068 1155 1113 eo
1228 1096 1231 1103 -

57 1171 151 1236 agere
173 1147 297 1215 arbitn's
314 1149 446 1216 remotis
469 1148 554 1217 velit.
590 1149 703 1238 procul
725 1148 797 1216 inde
820 1149 968 1217 omnibus
985 1149 1072 1217 abire
1093 1150 1155 1216 ius·

55 1251 98 1316 sis
128 1251 264 1320 cultrum
290 1253 431 1345 suingit,
464 1265 498 1321 et
524 1276 620 1344 super
645 1253 767 1321 lectum
793 1265 881 1321 stans
909 1252 999 1329 ferro,
1018 1256 1153 1338 intento,

53 1354 113 1420 nisi
140 1357 174 1423 in
203 1382 285 1448 quae
313 1358 383 1450 ipse
410 1359 613 1450 concepisset
633 1359 730 1428 verba
761 1358 879 1425 iuraret
905 1381 941 1426 se
962 1360 1060 1451 patuis
1084 1360 1152 1427 eius
1165 1376 1201 1434 to

53 1463 221 1530 accusandi
242 1487 339 1533 causa
361 1463 532 1534 concilium
557 1463 661 1556 plebis
688 1486 864 1555 numquam
890 1462 1088 1549 habiturum,
1116 1487 1153 1532 se

70 1647 97 1704 1.
122 1647 218 1705 cultro
241 1630 408 1708 succinctus
431 1640 519 1708 mone
537 1625 570 1709 in

124 1736 226 1792 urbem
252 1745 343 1811 atque
366 1757 386 1792 o
407 1746 496 1812 porta
516 1737 569 1795 do·

26 1836 28 1838 ·
124 1840 205 1876 snum
216 1822 373 1895 confestim
382 1823 425 1878 ad
433 1824 473 1882 M.
482 1822 569 1880 Pom·

121 1911 245 1981 ponium
274 1910 423 1966 tribunum
456 1911 569 1987 pergit.-

124 1993 181 2054 PM.
207 2025 242 2039 -
270 1993 348 2056 Voss.
366 2016 393 2055 u.
412 1994 475 2054 al.:·
489 2006 569 2072 atquo

122 2091 209 2160 porta.
223 2115 257 2126 -
270 2083 349 2143 Leid.
360 2084 392 2140 1.':
410 2083 445 2140 ad
457 2090 490 2141 tit.
503 2103 568 2140 cum

122 2171 308 2246 pomponium.
340 2169 384 2230 Cf.
402 2173 435 2240 6,
452 2173 511 2229 36.:
533 2168 566 2230 C.

121 2251 566 2336 Veturius—Reonquittcoddn

120 2346 257 2403 tribunum
279 2348 320 2423 pl.
339 2349 437 2423 pergit.
460 2378 494 2390 --
521 2344 565 2405 Cf.

121 2429 181 2492 Cic.
199 2434 233 2490 dc
251 2434 297 2492 off.
315 2435 342 2500 3,
359 2437 403 2493 31.

65 2519 95 2579 3.
123 2540 198 2596 opus
216 2542 282 2578 ecce
295 2522 352 2578 sibi
364 2522 482 2578 dominc
500 2522 565 2578 eius

121 2617 264 2665 conuento
282 2611 428 2684 cotemplo
439 2601 498 2665 cit:
515 2607 566 2665 ΡΜ

122 2692 181 2751 rell.
202 2693 247 2753 Cf.
258 2696 302 2761 at,
313 2698 371 2753 bt:
389 2695 446 2752 edit
457 2698 566 2752 nomina

121 2799 224 2848 corum,
239 2782 335 2856 quibus
348 2784 486 2839 conventis
498 2802 566 2857 opus

123 2876 204 2925 esset.
222 2869 266 2935 39,
277 2870 474 2935 flmmeum
486 2888 567 2925 nosse

120 2953 234 3032 probam
253 2965 280 3012 et
302 2957 405 3033 antiqui
422 2956 505 3010 moris
529 2954 567 3010 fc·

120 3043 221 3098 minam
231 3042 423 3120 respondisset,
433 3061 567 3119 opuscssc

120 3130 174 3186 sibi
192 3150 223 3186 ca
242 3140 371 3187 conventa
390 3131 465 3189 dixit.
483 3128 518 3190 al.
531 3161 565 3172 -

121 3215 164 3274 bl:
182 3219 316 3274 nuntiaret
333 3219 412 3275 titum
428 3218 565 3283 manlium.

121 3303 140 3362 l.
153 3303 171 3363 i.
190 3324 257 3364 csso.
269 3305 345 3366 Leid.
355 3325 372 3366 1.
381 3305 460 3365 Voss.
472 3325 500 3366 u.
518 3305 565 3365 ab:

121 3393 253 3451 nuntiare.

88 3520 96 3537 .
124 3488 152 3536 et
174 3482 251 3537 enim
270 3481 413 3554 percitum
433 3484 480 3539 irc
497 3492 564 3541 cot:

123 3565 172 3623 PM
194 3565 268 3625 Harl.
287 3585 305 3624 1.
328 3565 405 3627 Leid.
423 3589 441 3627 1.
472 3602 506 3613 —
533 3570 566 3627 In

122 3652 188 3712 Pell.
206 3656 231 3712 1.
251 3655 276 3712 3.
294 3651 373 3711 Voss.
392 3674 418 3712 11.
437 3654 470 3714 al.
488 3677 565 3732 prac-

121 3743 274 3797 termimum
297 3749 338 3796 est
364 3744 470 3798 etenim
495 3743 568 3800 baud

123 3828 339 3904 improbantibus
361 3829 381 3888 Ι.
399 3829 444 3889 Fr.
462 3828 568 3887 Grono-

124 3917 169 3970 vio
188 3925 216 3970 et
232 3916 505 3975 A.Drakenborcbio.
525 3916 568 3978 Cf.

126 4003 154 4068 3,
171 4003 228 4061 it:
246 4013 274 4058 at
290 4004 331 4061 itti
344 4037 377 4050 -·
390 4014 417 4061 et
434 4007 505 4062 enim
522 4025 568 4064 ex·

124 4097 238 4148 tremum
267 4095 330 4149 enni
365 4093 419 4153 iam
446 4102 504 4150 erat
533 4124 567 4136 -

710 1657 835 1724 quamam
852 1645 1016 1705 adfectantes
1033 1647 1152 1705 tribunt·
1231 1632 1236 1656 ¹

710 1743 768 1792 tum
786 1744 836 1794 cet.
854 1765 888 1776 -
910 1734 932 1791 P
949 1756 985 1793 m.
1004 1737 1043 1791 1.:
1061 1735 1153 1801 „arbi-

710 1822 760 1879 tris
772 1831 893 1881 remotus
898 1828 928 1878 “:
946 1819 1080 1900 pauloque
1091 1830 1155 1897 post

709 1907 733 1967 P
749 1930 786 1970 m.
805 1913 845 1965 1.:
867 1911 990 1979 ‚‚iussit“
1008 1927 1059 1986 pro
1077 1910 1153 1978 „ius-
1176 1962 1181 1977 x

710 1998 784 2054 sis“.

640 2082 683 2139 1⁰.
710 2085 771 2140 nisi
787 2086 817 2139 in
836 2084 993 2161 quaeipse
1009 2083 1154 2156 concepis-
1235 2080 1238 2087 '

709 2178 756 2227 set
773 2171 864 2228 uerbo
881 2173 1009 2227 inroret.-
1029 2168 1065 2228 bi.
1093 2166 1153 2225 Hoc

707 2259 798 2314 mium
816 2256 958 2333 diligenter
970 2258 1101 2335 scriptum
1112 2259 1153 2314 vi·

708 2343 787 2401 detur
802 2365 854 2422 pro
879 2347 955 2413 „nisi
977 2347 1008 2402 iu
1024 2364 1062 2403 ea
1083 2365 1152 2423 quse
1204 2374 1208 2387 ·

707 2433 767 2508 ipse
790 2435 958 2510 concepisset
976 2432 1057 2491 verba
1080 2434 1151 2489 iura·

656 2546 660 2552 ·
706 2524 787 2575 ret“:
816 2523 962 2578 nonenim
981 2523 1012 2577 in
1032 2521 1154 2595 aliquid

707 2606 756 2666 sed
774 2608 894 2686 aliquid
914 2610 1067 2684 concipere
1085 2606 1151 2664 dici-

706 2701 751 2748 tur
772 2697 820 2762 (1,
843 2698 888 2752 36.
910 2697 954 2754 32.
978 2692 1042 2764 ab),
1072 2696 1152 2749 etin

707 2780 798 2834 cerba
808 2783 908 2836 iurare
917 2783 961 2848 (3,
970 2782 1014 2836 20.
1024 2778 1152 2848 al.):·nisi

707 2863 777 2919 forte
787 2862 818 2922 L.
830 2865 897 2920 baec
906 2866 988 2922 verba
998 2866 1034 2919 ita
1044 2866 1152 2941 concipi

708 2950 795 3008 voluit
812 2952 889 3019 „uisi
905 2952 935 3008 in
953 2980 986 2994 -
1006 2970 1073 3028 quae
1093 2953 1153 3030 ipsc

710 3038 1006 3117 concepisset-*verba
1020 3039 1152 3100 iuraret‘t
1198 3107 1199 3111 ἵ

708 3125 1152 3207 ct7,10.=tnter.apteigiturscri·

707 3223 783 3293 ptum
792 3225 834 3272 ost
845 3236 886 3276 ex.
898 3237 937 3293 gr.
949 3221 976 3286 5,
988 3218 1048 3275 ot:
1067 3237 1152 3285 „cum

706 3305 737 3359 in
751 3323 805 3379 quo
819 3303 996 3360 consederant
1006 3323 1098 3378 agrum
1109 3303 1152 3359 ln·

706 3390 829 3447 subrium
841 3390 970 3467 appellari
982 3391 1152 3459 audissent“,

706 3499 769 3535 nam
790 3487 864 3534 reete
885 3478 966 3535 babet
988 3479 1038 3548 „iu
1060 3478 1151 3556 aliquo

706 3565 769 3621 loco
789 3565 961 3627 considere“.
973 3596 1008 3610 -
1025 3565 1048 3623 P
1064 3571 1152 3629 m.1.;

707 3654 861 3730 uiciumque
890 3655 949 3730 ipsc
984 3657 1152 3735 concepisset

709 3750 761 3801 ost.
790 3763 826 3803 m.
844 3745 884 3811 ᾖε
906 3746 960 3801 uisi
976 3747 1005 3801 in
1024 3764 1076 3822 que
1093 3746 1153 3822 ipso

710 3842 763 3891 cet.
779 3861 815 3873 -
833 3829 870 3887 P:
888 3832 1046 3889 accussandi
1064 3851 1153 3890 ouum.

709 3918 789 3979 tlm.
809 3923 847 3978 1.=
875 3919 1019 3976 accusandi
1037 3937 1154 3977 oausam.

709 4038 744 4051 -
767 4008 808 4064 tl:
831 4027 974 4083 numquam
992 4005 1154 4066 habiturum.

709 4094 746 4152 1³:
763 4114 888 4172 umquam
905 4095 1066 4152 habiturum.
