2618 4590
43 242 237 319 ’430
635 256 808 321 mmlx

169 424 303 494 rieeimo
325 424 367 491 ed
384 444 484 514 opere
497 444 538 489 ee
550 423 759 493 muniendum
772 424 866 493 horte
881 425 981 492 clausi
995 437 1106 493 essent
1128 437 1166 494 et
1178 450 1265 494 emn

170 524 382 624 puerinon
403 528 472 595 eine
493 550 611 619 magno
632 529 776 620 periculo
798 541 907 597 temen
929 529 998 596 eine
1025 541 1114 597 certu
1139 533 1266 622 pernicie

168 640 312 727 p'oeeent.
332 635 438 724 -quo'd
459 634 487 701 ei
507 632 570 700 iltis
591 644 629 701 nt
650 635 818 702 decurrere
841 659 883 703 ex
904 632 1062 724 Capitolio
1087 636 1262 704 emnetisir

169 734 408 808 hutem‘ticuit
428 762 495 829 quo
514 760 613 829 caepe
634 739 734 807 modo
755 739 880 807 obsessi
902 739 935 805 in
957 739 1145 808 obsidentes
1169 765 1263 833 erupe

141 855 254 929 trunt,
273 843 319 912 ite
340 843 434 912 nobie
450 868 555 935 nequo
571 854 626 911 aut
639 844 748 934 iniquo
763 845 838 913 loco
856 844 1024 912 dimicandi
1034 856 1167 914 tuntum
1181 848 1263 915 modo

168 972 245 1018 cum
266 950 361 1018 hoste
382 951 476 1041 copia
497 958 600 1031 esset,
627 970 694 1014 non
720 949 798 1016 milri
823 950 948 1040 paterni
974 949 1071 1017 enimi
1093 951 1263 1019 indoleein

168 1054 303 1125 coneilio
321 1054 431 1121 dendo
461 1055 605 1121 deesset:
643 1054 793 1143 equidem
814 1065 953 1122 mortem
979 1078 1039 1144 pro
1060 1057 1169 1146 patrie
1190 1082 1263 1149 pree

170 1162 291 1231 clerum
313 1183 386 1228 esee
407 1159 512 1227 fateor
532 1168 567 1227 et
586 1180 641 1225 me
662 1159 716 1226 vel
738 1160 897 1228 devovere
910 1182 970 1250 pro
984 1161 1110 1251 populo
1126 1162 1263 1230 Rormno

167 1265 412 1358 legionibusque
439 1263 492 1332 rel
518 1264 552 1331 in
579 1263 704 1332 medios
730 1288 784 1333 me
810 1264 969 1333 inmittere
999 1265 1113 1332 hostes
1144 1279 1263 1358 paratu
1304 1274 1306 1309 ¹

121 1382 257 1438 turum:
290 1358 348 1436 sed
370 1368 423 1436 hic
443 1369 579 1459 petrium
598 1369 710 1453 video,
736 1370 790 1438 hic
811 1370 967 1460 quidquid
988 1369 1212 1439 Romanarum
1230 1373 1263 1439 le

167 1475 299 1567 giorum
320 1485 384 1542 est:
407 1498 492 1566 quoe
513 1473 573 1542 nisi
594 1494 654 1564 pro
676 1497 712 1541 ee
734 1474 810 1565 ipsiu
832 1474 874 1541 ad
886 1485 1026 1542 mortem
1041 1498 1137 1542 ruere
1151 1477 1263 1558 volunt,

166 1579 245 1675 qnid
264 1577 386 1647 hahent
407 1579 496 1670 quod
517 1591 621 1646 morte
644 1603 701 1646 sua
723 1579 872 1647 servent?
898 1589 984 1645 tecta
1010 1578 1098 1645 urbis
1121 1620 1168 1631 —
1192 1583 1264 1648 dicet

93 1666 96 1673 ¹
167 1674 282 1777 uliquis
303 1722 347 1734 —
370 1695 403 1752 et
424 1683 552 1750 moenia
574 1696 607 1752 et
629 1709 701 1753 eam
723 1682 851 1751 turham
873 1707 892 1749 a
915 1706 979 1774 qua
1007 1682 1083 1750 urbs
1111 1683 1262 1753 incolitur.

166 1776 268 1858 immo
287 1780 419 1857 hercule
440 1788 618 1880 produntur
640 1814 678 1857 ca
701 1787 811 1857 omnia
830 1787 936 1856 deleto
958 1787 1023 1856 ho‘c
1037 1788 1184 1858 exercitu
1205 1815 1264 1858 non

235 1947 319 1998 rent:
342 1935 404 1993 Plll:
427 1935 483 2004 „dr
502 1938 542 1993 eie
556 1939 582 2011 je
605 1939 681 1995 nicht

140 2080 144 2087 .
235 2022 334 2083 einmnl
368 2023 454 2080 durch
486 2023 594 2082 Grrben
624 2025 679 2081 und

234 2110 311 2170 erl
328 2111 545 2188 eingeschlorren
556 2119 680 2173 wtreu“.

235 2200 271 2261 el.
291 2202 328 2267 8,
344 2202 400 2256 37.:
423 2219 474 2255 neo
496 2220 587 2258 earnm
610 2204 679 2278 ipsa-

821 1935 896 2014 quod
912 1937 938 1992 ri
956 1934 1009 1992 tllir
1031 1945 1062 1992 nt
1079 1937 1115 1993 de
1130 1940 1137 2011 Ι
1152 1951 1262 1996 currere

821 2044 856 2080 ex
873 2022 1000 2101 capitolio
1014 2027 1125 2081 ermetis
1142 2028 1172 2082 in
1190 2026 1264 2083 hoste

820 2110 905 2170 licuit.
922 2140 958 2153 -··
974 2110 1015 2169 ll:
1034 2120 1263 2192 ‚‚erumperunt“:

820 2197 954 2276 pauloque
963 2209 1026 2276 poet
1035 2203 1137 2268 „enimi
1147 2201 1263 2260 indole“.

233 2307 294 2342 rum
323 2294 415 2341 eructo
450 2285 519 2340 fides
549 2286 607 2344 luit.
644 2317 678 2329 -·
767 2287 794 2345 8.
824 2295 854 2342 et
872 2288 982 2342 menei
992 2287 1144 2346 deuouere
1151 2310 1208 2365 pro
1218 2297 1262 2367 pr.

234 2368 313 2429 Leid.
330 2380 370 2425 ι.ι”
380 2391 433 2426 nec
445 2371 516 2426 lorea
535 2393 589 2441 nee
599 2373 679 2432 nullo.

183 2460 209 2519 1.
235 2467 264 2515 et
290 2476 442 2531 erumpere
469 2461 499 2513 ri
526 2478 585 2514 nou
614 2462 679 2517 eine

234 2563 343 2623 magno
359 2545 492 2618 periculo
504 2553 603 2602 tomen
613 2549 678 2602 eine

233 2640 314 2690 certo
324 2633 454 2705 pernicie
463 2642 600 2706 poscent:
610 2632 677 2706 ΡΜ]

232 2728 260 2777 et
281 2736 420 2794 erumpere
437 2719 463 2774 ei
480 2738 534 2776 non
555 2722 614 2776 eloe
631 2742 677 2797 pe-

230 2803 317 2864 riculo
335 2818 447 2880 magno,
465 2816 554 2864 temen
572 2818 622 2866 oet
641 2841 676 2850 -

230 2892 305 2952 Sine
327 2912 437 2971 magno
460 2897 591 2969 periculo
610 2898 676 2952 ecri-

228 2990 306 3059 ptnm
324 2991 365 3036 est
378 2990 404 3035 et
416 2983 444 3036 in
455 2985 577 3040 omnibus
589 3004 676 3062 prope

227 3064 364 3125 Drelrenb.
389 3067 544 3134 codicibus,
570 3071 619 3125 sed
646 3074 675 3126 in

228 3151 305 3213 Leid.
319 3173 337 3212 ι.
356 3152 435 3212 Voss.
451 3173 479 3212 ιι.
504 3153 570 3214 Lov.
589 3159 614 3212 l.
641 3156 674 3216 al.

116 3252 134 3281 e
226 3243 445 3321 praetermissum
477 3251 519 3298 eet
549 3244 578 3298 ei
605 3263 673 3302 non.

225 3359 260 3373 -
278 3327 344 3390 Pell.
363 3331 388 3388 1.
401 3333 428 3388 ³.
447 3327 524 3390 Voee.
536 3349 575 3390 tn:
594 3339 623 3387 et
635 3340 672 3386 te·

226 3437 289 3475 men
306 3420 366 3475 sine
385 3426 456 3474 certa
472 3427 522 3477 cet.

166 3504 198 3562 d.
225 3502 310 3578 quod
326 3508 356 3562 ei
371 3506 434 3563 illie
457 3514 489 3561 ut
513 3505 672 3563 decurrere

111 3658 113 3663 ι
223 3608 266 3645 ere
281 3594 419 3666 capitolio
432 3595 558 3650 armotie
571 3595 600 3649 in
618 3592 669 3649 lio·

222 3683 297 3732 elem
306 3678 402 3734 licuit:
414 3679 473 3735 Pet
482 3696 574 3736 omnee
584 3699 669 3757 prope

219 3759 304 3822 Drrlr.
323 3763 419 3836 codd]
439 3765 511 3842 quod
529 3767 553 3821 ei
566 3776 597 3823 ut
613 3764 668 3822 illie

220 3847 362 3906 decurrere
384 3861 434 3910 oet.
471 3851 563 3909 Voluit
588 3853 670 3926 igitur

219 3933 314 3994 Lirin·
326 3946 423 3994 utnon
435 3940 524 3995 minor
535 3942 668 3996 orationir

215 4024 260 4078 'vir
268 4035 414 4100 poneretur
423 4028 451 4082 in
464 4026 525 4081 illie
535 4056 569 4069 -
582 4028 667 4082 nodie

173 4118 177 4125 '
216 4126 296 4185 quem
322 4114 351 4168 tn
377 4113 529 4172 rat—ito.
557 4141 591 4155 ·-
624 4111 666 4168 tl:

820 2374 1046 2450 legionibusque
1074 2378 1127 2432 uel
1151 2379 1182 2433 in
1208 2397 1264 2433 me·

821 2461 889 2516 dioc
918 2480 965 2517 me
994 2463 1141 2521 inmittere
1165 2463 1263 2521 hoster

817 2557 945 2622 paratur
970 2568 1054 2604 eum:
1074 2549 1097 2606 P
1117 2569 1153 2607 ιιι.
1176 2553 1202 2608 2.
1229 2581 1261 2592 -

800 2633 841 2689 ·P
858 2654 893 2692 m.
919 2639 959 2693 t.:
981 2637 1011 2690 in
1032 2636 1138 2693 medios
1160 2657 1202 2695 me
1223 2639 1261 2693 in-

817 2722 935 2797 quittere
952 2721 1053 2780 hoster.
1071 2754 1105 2766 -
1123 2723 1164 2781 ll:
1182 2734 1209 2780 et
1220 2744 1262 2780 me

817 2807 861 2863 nel
887 2808 1021 2863 deuouere
1042 2826 1093 2884 pro
1113 2814 1157 2885 pr.
1180 2810 1262 2886 legio-

777 2928 780 2933 ·
816 2894 872 2959 nih3
891 2895 938 2970 qul
956 2894 999 2950 uel
1011 2897 1039 2951 in
1050 2895 1153 2951 medios
1166 2917 1209 2952 ure
1220 2900 1261 2953 in-

816 2985 923 3037 mittere
945 2981 1035 3038 lroeter
1056 2989 1162 3057 peretur
1188 3000 1259 3041 eum.

816 3098 850 3111 —
863 3067 934 3135 Pltz,
943 3065 1073 3146 quidquid
1086 3087 1260 3128 romanarum

815 3153 958 3227 legionum.
995 3152 1038 3214 (ll.
1056 3155 1082 3222 1,
1098 3156 1159 3214 253
1183 3156 1260 3233 qnid·

814 3242 880 3317 quid
896 3244 994 3298 civium
1005 3241 1078 3299 domi
1088 3241 1222 3323 quidquid
1232 3247 1259 3300 in

814 3331 932 3385 exercito
942 3331 986 3396 rit,
999 3329 1108 3387 illorum
1116 3340 1258 3388 tuncarmr

813 3412 921 3472 illorum
938 3418 1037 3474 intueri
1051 3437 1155 3477 menne.
1174 3416 1208 3476 el.

745 3501 787 3561 ¹1.
813 3521 892 3576 quoe
916 3505 978 3559 1ιίιί
995 3524 1053 3579 pro
1071 3524 1107 3562 ee
1125 3508 1201 3581 ipris
1218 3505 1260 3561 od

811 3598 935 3646 monem
952 3610 1040 3649 ruere
1058 3594 1167 3650 uolunt
1187 3592 1260 3669 quid

810 3673 921 3733 tabent
931 3679 1016 3754 qood
1025 3689 1121 3736 morte
1129 3701 1189 3737 ruo
1199 3699 1257 3738 eer-

811 3773 898 3820 uent:
917 3763 965 3821 Pu
984 3766 1044 3826 cod„
1062 3767 1123 3826 Gel.

742 3855 784 3915 14.
811 3857 898 3915 imm
910 3859 1033 3917 hercule
1041 3862 1215 3936 produntur
1223 3881 1259 3919 eo

809 3946 909 4017 cronio¹
925 3946 1023 4002 deleto
1046 3942 1105 4004 hoc
1126 3952 1259 4006 exercitu

808 4048 869 4085 non
876 4041 1038 4090 :eruamur
1051 4036 1121 4108 quie
1132 4037 1213 4091 enim
1222 4053 1262 4091 eo

807 4117 936 4175 moror
964 4119 1084 4182 nocue
1119 4120 1260 4180 uidelicet
