2618 4590
134 182 202 253 652
604 194 713 256 ussit
729 195 765 257 X.

136 360 335 452 captivorum
362 359 459 428 etiam
479 360 644 450 repentina
671 359 851 428 delectione
879 357 1067 427 turbatum
1095 369 1173 441 erat,
1195 385 1223 449 qr

135 465 252 557 partim
272 465 333 559 ipsi
355 464 454 533 soluti
474 465 598 533 vinctos
619 465 797 548 solvebant,
818 464 939 557 partim
965 489 1069 531 arma
1086 463 1122 530 in'
1136 464 1224 532 sareiri

135 571 270 662 deligata
292 571 458 662 rapiebant
479 568 717 661 tumulbumque
729 569 852 661 proelio
869 569 944 660 ipso
964 569 1226 638 terribilioreruiu

136 675 274 743 termixti
302 674 417 767 agmini
449 674 659 765 praebebant:
693 675 942 742 memorandum
973 675 1108 742 deinde
1137 673 1227 743 edidere

105 779 271 864 atacinus,
307 805 382 848 narn
409 778 534 846 Staium
561 779 735 849 Minacium
765 781 880 847 ducem
911 780 1109 847 adeuntem
1138 777 1230 846 ordina

134 884 381 975 hortantemque
403 884 562 967 invadunt,
585 885 743 975 dissipatis
761 884 833 950 inde
850 884 1022 974 equitibus
1048 883 1114 975 qui
1132 907 1231 950 eumer
1271 954 1277 973 ι

134 990 267 1057 aderant
286 991 394 1080 ipsum
415 989 652 1056 circumsistunt
673 988 926 1078 insidentemque
951 1013 1050 1078 equo
1070 988 1233 1079 captumal

134 1094 299 1162 consulem
316 1095 498 1161 Romanum
519 1094 661 1183 rapiunt:
683 1103 832 1160 revocata
855 1116 894 1160 eo
917 1093 1075 1159 tumultu
1102 1093 1235 1183 primasi

133 1222 194 1288 gna
208 1199 400 1266 Samnitium
421 1197 643 1288 proeliumque
665 1198 729 1264 iam
750 1198 952 1289 profligatum
976 1197 1190 1287 integratum
1201 1206 1238 1275 est,

30 1288 34 1295 ⁵
86 1315 194 1370 10nec
216 1302 333 1368 diutius
350 1302 502 1369 ¹sustineri
524 1303 645 1392 potuit:
673 1326 767 1370 caesa
796 1302 836 1369 ad
863 1324 922 1368 sex
951 1299 1049 1367 milia
1074 1301 1240 1380 hominum

133 1408 197 1473 duo
220 1407 307 1474 milia
329 1417 363 1475 et
384 1407 547 1497 quingenti
576 1408 675 1497 capti,
709 1407 742 1473 iu
769 1407 816 1475 eis
842 1405 960 1474 tribuni
990 1405 1150 1473 militum
1173 1417 1241 1496 quat·

132 1523 213 1592 tuor,
235 1511 324 1602 signa
347 1511 492 1579 militaria
507 1512 642 1602 triginta,
664 1524 705 1595 et,
727 1513 816 1602 quod
830 1509 1049 1578 laetissimum
1073 1511 1242 1580 victoribus

132 1615 200 1699 luit,
222 1616 420 1707 captivorum
436 1630 564 1707 recepta
580 1629 705 1708 septem
720 1618 807 1684 milia
823 1627 856 1684 et
870 1614 1118 1706 quadringenti,
1137 1617 1242 1708 praeda

129 1721 242 1810 ingens
269 1721 445 1787 sociorum:
479 1723 636 1812 accitique
665 1721 770 1790 edicto
798 1720 920 1789 domini
942 1721 983 1785 ad
1007 1744 1066 1788 res
1097 1746 1181 1790 suas
1201 1742 1273 1791 nol

84 1837 117 1892 15
130 1825 264 1892 seendas
286 1825 562 1917 recipiendasque:
596 1827 780 1917 praestituta
803 1825 854 1894 die
883 1849 1022 1915 quarum
1046 1851 1169 1894 rerum
1190 1849 1244 1893 non
1271 1844 1279 1993 q

130 1930 234 1997 extitit
256 1930 404 1999 dominus
426 1931 518 1998 militi
540 1955 722 2015 concessae,
745 1931 912 2022 coactique
927 1931 1075 2000 vendere
1092 1932 1245 2024 praedatu

128 2058 170 2101 ne
191 2034 267 2102 alibi
289 2059 387 2127 quam
409 2036 442 2103 in
465 2037 559 2104 armis
582 2039 723 2103 animum
745 2036 908 2104 haberent

217 2139 305 2211 XXI.
350 2140 504 2230 Magnum
535 2167 571 2208 ea
602 2142 766 2232 populatio
791 2141 945 2231 Campani
973 2141 1040 2232 agri
1066 2138 1244 2209 tumultum

127 2244 249 2314 Romae
278 2246 481 2336 praebuerat:
515 2259 548 2313 et
569 2271 627 2336 per
649 2269 705 2313 cos
732 2246 815 2315 forte
844 2246 911 2314 dies
939 2270 979 2312 ex
1002 2245 1139 2313 Etruria
1164 2245 1242 2314 adla-

146 2403 171 2462 1.
198 2405 381 2476 captiuorum
391 2405 644 2478 etiamrepentine
784 2402 847 2463 lius.
871 2436 904 2445 -
928 2401 956 2458 tl
974 2423 1009 2462 m.
1034 2404 1075 2461 1.:
1104 2403 1241 2481 equitibus

197 2488 381 2562 defectione:
391 2489 454 2547 PM:
467 2490 559 2558 „auch
572 2491 642 2546 noelr
785 2494 831 2567 qui
850 2511 910 2547 cum
924 2510 956 2544 eo
970 2490 1072 2548 aderat.
1093 2511 1131 2550 m.
1142 2494 1185 2550 a:
1197 2490 1240 2546 ad·

197 2575 318 2633 dadurcb
338 2577 400 2634 dass
412 2580 470 2636 sich
489 2579 533 2636 die
546 2576 642 2634 Gelan·
784 2586 850 2638 eret.
864 2609 897 2621 -
917 2576 953 2632 P:
970 2577 1151 2655 insidienteq.
1171 2598 1239 2654 equo

195 2684 281 2740 genen
304 2663 433 2743 plbtzlicb
457 2666 508 2723 lrei
531 2687 565 2723 zu
587 2686 656 2723 ma,
784 2676 890 2744 captum
905 2664 939 2720 ad
952 2670 1042 2723 conii.
1053 2668 1178 2741 rapiunt.
1198 2663 1235 2721 bl:

194 2751 641 2813 cbenwussteu“.Leid.eversu.
782 2753 817 2813 ad
835 2754 908 2812 coss.

193 2837 262 2899 Lov.
274 2845 315 2899 d:
334 2842 488 2899 refectione.
508 2873 541 2883 -
559 2841 586 2899 tl
604 2863 641 2902 m.
728 2843 755 2900 9.
778 2843 986 2916 proeliumque
1003 2841 1066 2895 iam
1083 2840 1234 2917 profliga-

193 2928 220 2986 ‘.l.
246 2926 282 2983 P:
314 2928 508 3005 tumultumque
535 2928 639 3004 proelio
781 2937 845 2982 tum
863 2929 1041 3005 integratum
1060 2935 1125 2982 est:
1144 2924 1181 2984 bl.
1201 2957 1235 2966 -

194 3015 255 3092 ipso
280 3013 469 3071 terribiliorem
491 3017 639 3072 intermixti
781 3013 815 3069 l':
850 3012 1036 3091 proeliumque
1068 3015 1234 3088 integratum

194 3102 293 3172 agmini
311 3101 483 3177 praebebant.
502 3133 536 3144 -
559 3100 639 3161 lllm.
781 3111 829 3160 est.
854 3133 888 3142 —
913 3099 973 3156 PM:
995 3120 1045 3155 nec
1065 3098 1170 3155 diutius
1187 3119 1232 3155 eu-

194 3188 233 3245 1.:
252 3191 365 3263 agmine.
377 3221 411 3232 —
430 3188 454 3245 P
471 3189 531 3246 cod.
542 3188 639 3250 Kloelr.
780 3189 877 3244 etineri
896 3185 1103 3261 potuit(‚,uhne
1116 3186 1232 3255 dass“).

192 3271 258 3333 l'all.
277 3274 327 3334 al:
351 3276 413 3335 nam
431 3278 536 3334 Staium
554 3277 638 3334 Mina·
710 3277 753 3334 10.
780 3296 869 3332 caeso
887 3275 931 3330 od
952 3288 991 3332 τ’]
1002 3274 1063 3331 md.
1075 3273 1230 3333 homiuum

192 3364 267 3421 tium.
295 3361 334 3420 lll:
358 3385 419 3422 nam
439 3375 480 3422 sta
496 3370 502 3438 Ι
517 3367 570 3422 iam
588 3369 637 3422 mi·
780 3361 840 3420 duo
859 3363 913 3418 mal
931 3370 960 3417 et
978 3362 1134 3440 quingenti
1150 3363 1232 3437 capti

575 3460 586 3498 t
780 3450 811 3506 in
828 3451 872 3508 eie
883 3457 918 3508 tr.
933 3449 1088 3507 md1111..·
1106 3444 1165 3509 ΡΜ.
1184 3447 1228 3508 (ll.

191 3503 301 3562 uatium.
324 3525 361 3564 m.
378 3509 417 3565 l.:
436 3527 498 3565 uam
515 3507 637 3580 stellam.
779 3537 806 3603 8,
819 3538 845 3594 g·
859 3567 892 3577 ,,
911 3533 946 3591 p:
966 3537 1134 3614 captiuorum
1153 3557 1226 3592 rece,

190 3588 315 3647 ”niem
335 3591 406 3652 'Tm
436 3596 507 3653 Anu·
535 3597 566 3663 4²
593 3597 637 3654 27·
777 3638 825 3700 pta
847 3631 951 3700 septem
971 3625 1020 3680 nul
1043 3635 1064 3675 tc
1083 3642 1156 3682 ecee.
1185 3622 1225 3680 tt:

189 3677 306 3744 „Sillim
335 3679 481 3736 lrlbum‘*
507 3680 635 3748 ¹³⁰d³Vl²⁹
778 3711 945 3788 captiuorum
963 3717 1069 3786 recepta
1088 3719 1125 3767 vn
1142 3713 1192 3769 nul
1205 3725 1225 3766 a

190 3763 236 3820 illl
254 3762 314 3822 ³¹1⁸·
338 3797 371 3808 ··
396 3765 472 3827 held·
491 3789 509 3827 ¹·
526 3767 594 3827 ΙΝ·
608 3775 634 3828 ⁴·
779 3816 842 3853 eece
861 3798 944 3874 preda
965 3800 1059 3874 ingene
1080 3800 1224 3858 sotiorum.

188 3849 249 3909 cod.
266 3851 324 3925 sig.
343 3851 389 3911 al:
418 3859 526 3914 statium
550 3858 633 3913 miur-
777 3914 810 3926 ,,
829 3883 912 3941 paul„
930 3895 994 3960 post
1010 3884 1051 3942 M:
1070 3905 1224 3944 concam,

188 3939 263 3994 llum·
287 3937 331 3996 Cf·
342 3944 376 4041 '93
395 3943 460 4044 44st
475 3953 509 4044 ct·
519 3945 633 4022 imlem·
775 4002 809 4012 -
820 3968 880 4027 Plll:
899 3973 1059 4049 coactique.-
1077 3974 1222 4042 („aber“:

188 4032 231 4079 tor
257 4022 418 4085 Samnitium
442 4031 544 4086 Statius
570 4031 632 4088 Grl-
665 4108 669 4115 Ι
774 4058 801 4126 5,
820 4059 870 4128 4⁹).
891 4057 967 4118 Vm·
982 4077 1010 4119 n·
1029 4056 1079 4119 „Lg
1096 4061 1195 4120 Μή
