2618 4590
114 191 179 287 uo
584 208 740 269 torax.

115 374 277 461 regionem
302 382 488 449 mmmmm,
511 394 595 461 qrrne
618 374 748 439 incensu
769 373 820 437 ab·
834 366 1007 436 Romanis
1031 375 1129 441 erant
1150 365 1195 430 tim

116 500 188 543 mae
210 476 274 543 tato
297 476 387 542 tusae
403 475 656 543 certioris-cladis
673 476 821 575 indicium
837 460 1006 564 progredi
1022 469 1147 560 lougius
1162 460 1208 573 pot

116 580 232 646 hibuit:
255 604 296 647 eo
309 581 380 670 ipso
395 579 469 646 loco
484 603 586 669 prope
600 592 721 648 temere
735 579 796 646 sub
811 579 915 644 armis
941 575 1043 642 strati
1067 575 1174 666 passim
1183 577 1206 640 'n

118 685 261 776 quietum
282 706 377 751 omne
397 695 525 774 tempus
545 686 648 777 noctis
667 685 870 775 expectando
892 682 1119 771 timendoque
1137 680 1201 746 luen

82 797 226 880 «tegerer
249 789 351 881 prium
376 788 460 871 luce,
483 788 592 858 incerti
615 814 713 879 quam
734 789 767 855 in
788 799 919 879 partem
940 786 1154 855 intenderent
1169 785 1202 852 ite

147 1038 152 1049 ·
188 1000 262 1078 quod
285 999 447 1056 adieetirum
468 1001 577 1057 certina
600 1001 634 1055 ad

188 1089 329 1145 indicium
343 1089 476 1164 pertinere
484 1097 634 1162 oporteret:

190 1175 240 1231 sed
256 1182 442 1252 praeterquam
455 1174 528 1250 qnod
541 1173 635 1233 Livius

189 1261 257 1318 ittud
292 1261 404 1317 tiberius
429 1260 634 1316 ·adieetirorum

192 1347 440 1423 coniungendornm
454 1364 549 1424 -genus
581 1369 635 1403 non

154 1452 163 1481 t
192 1437 259 1511 sugit
275 1437 328 1506 (oi.
345 1437 377 1504 9,
395 1438 452 1494 ote
476 1445 540 1513 post
562 1456 635 1492 acce·

192 1532 265 1598 ptam
288 1526 438 1601 proximam
460 1542 565 1601 pugnae
583 1521 636 1579 ela·

194 1611 299 1681 deme),
323 1611 349 1669 h.
367 1612 447 1666 etiam
466 1611 484 1669 Ι.
501 1613 637 1668 centoria

183 1699 289 1757 ‘ctadir
312 1699 454 1756 indicium
477 1697 562 1754 multo
582 1697 636 1754 ior·

192 1787 248 1843 tino
281 1795 361 1862 etque
396 1785 543 1860 elegantius
578 1805 637 1841 esse

192 1893 272 1950 quom
285 1873 352 1929 ttturt
365 1872 476 1929 alterurn
490 1874 534 1941 rix
546 1892 634 1950 quem·

192 1980 272 2036 quam
290 1962 465 2038 praeterierit.
484 1959 640 2017 Prohibutt

78 2068 80 2073 ·
194 2040 273 2115 v'ero,
297 2049 374 2105 euius
392 2046 453 2103 loco
472 2049 498 2104 in
518 2046 597 2106 Voss.
612 2067 638 2103 u.

83 2192 89 2203 ,
182 2133 639 2213 ¹atprolu'bueruntscriptumest,

180 2241 245 2298 pro
271 2243 320 2279 sua
343 2225 448 2281 ratione
472 2220 503 2281 L.
526 2242 581 2278 uon
605 2221 638 2277 ad

188 2309 395 2380 flammoe'sed
403 2310 437 2365 ed
447 2310 587 2365 indicium
600 2330 638 2364 re·

194 2393 276 2449 latum
295 2393 395 2451 voluit:
423 2394 457 2451 ef.
475 2398 503 2462 2,
521 2398 561 2453 3.:
580 2415 640 2463 „ne

125 2505 158 2537 .·
195 2500 250 2536 non
285 2482 406 2540 reddito
438 2482 542 2552 (boue)
579 2482 640 2538 belli

136 2594 139 2601 ·
196 2588 284 2637 causa,
303 2570 425 2627 reddito
436 2568 499 2630 betti
516 2571 642 2627 materia

196 2665 226 2711 et
243 2656 446 2714 adiumentum
465 2664 580 2716 easet“.·
599 2660 641 2717 10.

197 2743 239 2800 tt.
258 2744 389 2810 „diversa
407 2742 505 2802 'cornua
518 2745 642 2802 dextrum

199 2830 232 2884 ad
250 2840 336 2886 eastra
345 2831 519 2900 Samnitium,
537 2831 643 2889 laevum

199 2914 233 2971 ad
247 2917 339 2973 urbem
351 2919 474 2975 tendit“:
493 2919 527 2977 al.
545 2917 642 2987 '‚‚'Narh

138 3032 142 3039 ·
185 2988 451 3080 deiltiohtungdes
459 3006 643 3083 Lagem'aber‚

198 3089 247 3145 das
271 3110 323 3146 von
343 3091 400 3148 -den
423 3093 542 3151 littmern
564 3114 644 3171 ange·

146 3202 149 3207 ·
200 3175 298 3233 zdndet
316 3179 446 3248 worden,¹
465 3160 570 3239 viriterv
583 3202 643 3238 vor-

153 3294 164 3304 ·
202 3264 347 3333 zurtiolren,
358 3267 505 3341 ¹sehreclrte
523 3273 563 3327 sie
580 3269 643 3326 bald

201 3351 249 3406 das
268 3353 371 3409 tiberall
389 3355 436 3424 hin
453 3358 512 3413 sich
527 3359 645 3414 ausbrei·

199 3437 280 3493 tende
297 3438 396 3509 fener,
424 3443 471 3499 das
496 3444 577 3503 ihnen
600 3445 646 3502 die

132 3552 136 3561 ·
169 3554 182 3563 -·
196 3523 359 3599 Niederlago
377 3526 425 3583 der
436 3529 514 3588 thren
528 3533 579 3590 inst
596 3553 644 3590 un·

150 3641 153 3651 ·
180 3609 363 3670 :zwettelhatt
385 3617 518 3677 maehte“.
546 3653 575 3662 -
605 3620 643 3687 M:

143 3726 165 3736 ··
204 3696 309 3756 inditio.

144 3784 172 3840 3.
198 3804 233 3841 eo
252 3786 317 3858 ipro
330 3788 406 3845 loco
421 3812 515 3866 prope
537 3804 646 3853 temere

197 3865 644 3954 rubormisstratiparoImcet.]

198 3975 231 4009 eo
249 3961 308 4034 ipso
327 3959 389 4018 loco
413 3977 512 4023 temere
534 3971 586 4025 snb
603 3990 643 4024 ar·

105 4081 109 4086 .
178 4043 249 4097 'mis
277 4051 356 4103 stroti
383 4053 483 4125 paspim
511 4056 578 4125 (M).
611 4089 641 4098 -

757 998 847 1055 'Cum
866 1007 897 1053 et
916 998 948 1052 iu
971 995 996 1052 P
1016 1014 1173 1073 quemqnam
1186 968 1211 1051 titi

775 1096 896 1143 terarum
923 1084 1083 1141 metathesi
1107 1102 1159 1150 „eo
1175 1078 1211 1158 tp'

778 1173 838 1229 toro
855 1181 888 1230 te
910 1191 1010 1248 prope
1029 1190 1115 1228 mere
1136 1170 1177 1226 suh
1189 1172 1211 1245 a}

726 1278 729 1283 ·
777 1262 829 1317 mis
846 1261 931 1316 strati
949 1261 1093 1337 passim“
1117 1254 1211 1335 scriptu}

778 1356 858 1413 esset,
870 1366 926 1403 nec
935 1349 967 1402 in
979 1346 1043 1403 ullo
1055 1340 1164 1403 meliore
1170 1345 1206 1400 {in

778 1434 855 1490 kenb.
889 1433 967 1490 libro
1000 1454 1106 1509 prope
1133 1433 1208 1489 deero

779 1522 859 1597 panto
868 1522 1014 1579 audacius
1022 1520 1208 1580 videbatnrdd

784 1609 886 1666 codicis
899 1611 1087 1686 scripturam
1095 1614 1174 1686 sequi.
1186 1628 1210 1663 ro

749 1764 751 1771 Ι
779 1699 838 1754 stne
856 1716 941 1754 eausa
955 1695 991 1757 L.
1007 1697 1120 1755 dixisse
1136 1695 1211 1761 vitm,

777 1804 871 1861 prope
899 1792 1024 1842 temere
1052 1785 1153 1856 (‚,iast
1173 1783 1211 1840 otu

780 1870 932 1928 ttuetsteht
964 1871 1021 1928 auf
1051 1873 1117 1930 ihre
1144 1872 1211 1930 Sidet

749 1996 752 2001 -
782 1959 879 2027 haim)
896 1956 1051 2016 Samnites
1076 1981 1112 2017 eo
1136 1960 1211 2018 lotor

782 2047 868 2103 lucem
887 2047 991 2120 egisse,
1012 2050 1069 2125 qui
1089 2046 1211 2106 neemtlu

782 2138 832 2189 nec
843 2136 982 2190 stationes
996 2134 1150 2202 haberent,
1161 2153 1211 2192 onn

781 2240 833 2297 que
859 2219 995 2278 auxilium
1027 2225 1062 2280 in
1089 2227 1172 2281 armis
1189 2224 1211 2278 su

733 2320 738 2333 “
782 2316 922 2384 ponerent.
950 2339 987 2352 -
1016 2309 1099 2368 Cum
1120 2314 1211 2368 ineertu

783 2393 927 2463 rideretur,
947 2417 1009 2474 quo
1029 2400 1064 2454 in
1085 2399 1211 2475 loooprot

782 2483 868 2559 prima
888 2503 973 2540 manu
995 2486 1172 2545 collocatum
1187 2486 1212 2543 tu·

784 2579 832 2637 set,
852 2568 951 2626 tactum
972 2581 1022 2629 est
1041 2585 1077 2631 ut
1097 2577 1129 2632 in
1144 2573 1211 2631 trit

784 2655 863 2716 Voss.
879 2677 904 2715 u.
918 2657 951 2713 al.
966 2662 1153 2719 scriberetur
1170 2681 1211 2739 „pr

785 2765 819 2820 pe
836 2765 869 2799 eo
888 2747 950 2821 ipso
968 2745 1041 2805 loeo
1056 2756 1202 2807 temere“:

786 2833 850 2890 [ον.
868 2834 892 2891 t.
912 2825 1032 2912 „prope
1052 2857 1090 2894 ex
1110 2841 1175 2914 ipso
1191 2837 1211 2893 lo

785 2925 920 2976 temere“:
948 2922 977 2976 in
1006 2923 1110 2982 multis
1133 2945 1201 2984 reso

772 2995 842 3064 'bris
854 3026 964 3085 „prope
976 3010 1124 3082 timore“,
1137 3015 1167 3071 id
1180 3032 1211 3090 qu

715 3128 718 3133 ·
785 3097 866 3150 etta·
876 3097 905 3150 in
916 3093 939 3149 P
952 3115 1057 3154 manus
1068 3099 1159 3157 altera
1169 3121 1211 3158 sor

785 3180 906 3237 voluerat
923 3181 1033 3258 syllaba
1047 3192 1089 3244 'te
1108 3189 1211 3246 induet

734 3272 759 3326 ἵ).
788 3270 891 3325 incerti
908 3288 1000 3344 quam
1020 3266 1057 3330 1⁸11
1068 3286 1211 3349 partomi

787 3357 1029 3416 tenderent'irer:
1051 3362 1090 3422 Μ.
1104 3395 1143 3406 -
1156 3363 1180 3420 P
1191 3384 1211 3420 ct

787 3443 891 3502 Thoan.
910 3443 1047 3522 multique
1062 3471 1140 3512 rece.
1158 3472 1211 3511 mse

787 3542 803 3598 ‚'‚
811 3533 906 3587 incerti
925 3542 1005 3608 q'uam
1019 3537 1051 3591 in
1066 3548 1180 3616 partem
1191 3550 1211 3597 te

789 3620 892 3676 darent
910 3621 996 3676 iter“:
1017 3626 1081 3686 (sic
1101 3630 1151 3696 40,
1165 3633 1204 3688 4⁴:

788 3705 928 3763 adversum
945 3717 1060 3766 ventum
1083 3718 1211 3792 neqniqn

735 3826 739 3835 ·
789 3797 989 3853 «tendentes.
1016 3801 1069 3867 10,
1092 3805 1169 3873 att),
1206 3809 1211 3852 t

788 3885 832 3950 27,
853 3885 908 3941 to:
928 3882 1117 3944 Hannibalern
1137 3910 1211 3946 nec*

787 3980 841 4025 stra
860 3988 908 4025 sua
928 3972 986 4025 sine
1005 3972 1081 4030 duce
1095 3979 1211 4036 relietat

787 4054 861 4129 gredi
886 4074 936 4112 neo
960 4059 992 4114 ad
1018 4067 1199 4138 sequendum
