2618 4590
170 256 237 329 208
331 296 334 303 ·
628 240 813 329 manavir.

259 434 376 503 XXIII.
418 432 465 500 Μ.
485 428 640 521 Popillius
660 427 784 498 Laenas
807 454 826 497 a
853 429 950 521 plebe
972 429 1102 512 consul,
1132 454 1151 497 a
1180 430 1274 521 patri·

172 542 234 609 bus
251 538 289 608 L.
305 536 472 606 Cornelius
486 536 595 625 Scipio
618 536 722 603 datus.
758 533 886 602 fortuna
908 558 1038 626 quoque
1059 533 1275 603 inlustriorem

169 645 335 745 plebeium
357 641 524 710 consulem
543 640 633 708 fecit:
655 664 732 707 narn
754 664 829 706 cum
849 639 1011 730 ingentem
1032 639 1199 707 Gallorum
1221 664 1275 708 ex-

172 750 308 817 ercitum
329 746 362 812 in
385 770 460 836 agro
474 743 587 813 Latino
603 755 706 812 castra
728 743 874 836 posuisse
895 744 1075 812 nuntiatum
1090 756 1185 829 esset,
1207 745 1273 813 so·-

140 852 268 945 5pione
290 851 378 942 gravi
400 850 514 918 morbo
537 849 679 941 inplicito
702 848 859 918 Gallicum
882 848 1003 916 bellum
1024 849 1161 941 Popillio
1184 862 1273 918 extra

170 957 315 1026 ordinem
336 956 457 1024 datum.
493 952 522 1022 is
544 953 664 1045 inpigre
687 952 830 1021 exercitu
850 953 970 1044 scripto
993 978 1068 1023 curn
1093 956 1196 1022 omnis
1219 981 1274 1024 ex·

169 1073 219 1129 tra
249 1073 376 1152 portam
398 1059 562 1151 Capenam
590 1059 632 1125 ad
652 1059 764 1126 Martis
792 1058 907 1125 aedem
934 1059 1105 1127 convenire
1133 1073 1274 1129 armatos

169 1166 308 1234 iuniores
331 1164 474 1233 iussisset
496 1164 650 1254 signaque
673 1164 789 1231 eodem
810 1175 997 1254 quaestores
1020 1187 1062 1230 ex
1078 1164 1199 1233 aerario
1222 1166 1275 1232 de·

170 1271 254 1339 ferre
276 1282 426 1362 quatuor
454 1269 588 1359 expletis
616 1267 809 1358 legionibus,
842 1269 932 1359 quod
962 1268 1117 1359 superfuit
1137 1269 1275 1337 militum

124 1386 160 1442 to
170 1376 206 1443 P.
228 1374 359 1444 Valerio
380 1372 565 1442 Publicolae
587 1373 728 1465 praetori
747 1373 875 1442 tradidit
897 1373 1018 1440 auctori
1035 1372 1177 1462 patribus
1199 1372 1274 1440 scri-

170 1480 267 1548 bendi
290 1479 419 1547 alterius
442 1479 609 1564 exercitus,
631 1481 720 1571 quod
742 1481 782 1547 ad
804 1480 943 1555 incertos
959 1477 1036 1546 belli
1052 1488 1187 1546 eventus
1200 1478 1275 1545 sub·

187 1664 214 1723 1.
240 1664 281 1723 Μ.
292 1662 431 1740 Popilius
442 1665 563 1735 Laenas
574 1685 595 1722 a
600 1664 686 1741 plebe

239 1758 315 1811 coia·
345 1752 395 1810 PM
421 1751 494 1811 Harl.
521 1772 538 1811 1.
565 1751 643 1809 Leid.
666 1770 685 1811 t.

240 1837 285 1897 Cl.
302 1842 329 1907 7,
348 1841 391 1898 12.
414 1872 450 1882 -
474 1836 558 1894 Paulo
576 1846 639 1914 post
656 1839 697 1895 in.

239 1925 341 1983 eisdem
372 1925 452 1985 codd.
482 1927 614 2002 scriptum
645 1932 687 1980 est

240 2014 416 2091 ‚‚popildo“.
434 2045 470 2058 -
495 2011 559 2070 Pil:
578 2011 686 2069 fortuna

239 2120 347 2177 quoque
358 2100 540 2157 inlustriorem
551 2097 686 2178 plebeium

240 2189 318 2246 coni.
337 2187 409 2246 lecit.
422 2218 457 2230 —·
474 2186 502 2243 Μ
518 2208 555 2247 m.
574 2187 613 2245 1.:
631 2185 686 2262 gal·

207 2328 210 2333 ⁴
238 2268 346 2331 liorum.

184 2357 213 2415 6.
239 2355 685 2432 omuie:Plll]omnes.-·Leid.1.z

238 2445 420 2524 iussissetque
434 2449 510 2522 signa
522 2445 617 2503 eodem
635 2457 686 2510 cet.

169 2529 214 2589 10.
240 2535 357 2589 auderi
374 2535 512 2608 patribus
538 2534 689 2591 scribendi

239 2618 686 2682 alteriusexercitua:cod.Port.

238 2725 275 2766 m.
295 2708 341 2779 1.]
360 2717 454 2765 auctor
472 2717 522 2768 cet.
540 2707 632 2780 (ΡΜ).
650 2736 685 2750 -·

235 2784 300 2851 Nou
322 2795 402 2851 video
426 2797 473 2873 qui
497 2796 525 2855 b.
547 2795 566 2856 l.
583 2793 686 2852 consul

239 2881 294 2939 dici
318 2883 407 2959 possit
431 2892 524 2941 auctor
544 2885 602 2940 eius
621 2904 684 2941 con·

237 2966 293 3023 silii
311 2968 395 3026 fuisse
413 2991 466 3046 quo
485 2973 544 3049 ipse
561 2974 614 3028 iam
625 2990 685 3047 per·

237 3053 346 3125 functus
363 3057 503 3115 scribatur.
527 3057 594 3112 alter
612 3059 685 3115 enim

239 3143 371 3199 exercitus
389 3142 461 3198 idern
478 3142 524 3198 ille
542 3152 613 3211 erat,
637 3145 684 3220 qui

237 3229 356 3305 praetori
383 3249 398 3283 a
431 3228 542 3286 consule
568 3230 683 3287 traditus

238 3323 294 3372 est:
304 3314 337 3374 cf.
344 3318 370 3385 6,
376 3317 401 3373 6.
412 3314 447 3371 de
456 3326 682 3393 praetoreautem‚

237 3401 347 3460 homine
360 3405 482 3479 patricio,
497 3406 635 3483 aptissime
644 3407 682 3462 ita

236 3490 320 3547 scribi
337 3493 437 3567 potuit,
462 3495 539 3568 quasi
562 3491 609 3551 ille
626 3513 699 3549 aon.

235 3575 331 3632 melius
349 3599 365 3633 a
382 3577 417 3638 Μ.
429 3579 547 3657 Popillio
564 3599 621 3636 rem
639 3599 681 3655 ge·

235 3671 307 3718 atum
324 3665 359 3720 iri
380 3677 547 3744 expectasset
568 3688 681 3745 quamn

235 3746 356 3805 Genucio
380 3753 490 3809 consule
510 3765 583 3830 gesta
601 3764 680 3814 esset.

234 3837 349 3894 Auctor
366 3838 446 3911 igitur
458 3844 504 3899 vix
521 3863 601 3919 posse
618 3863 680 3919 pro·

234 3923 293 3982 buri
316 3924 435 3995 videtur,
463 3931 516 3987 nisi
539 3931 588 3986 hac
612 3950 680 3987 voce

233 4010 342 4070 Livium
375 4013 494 4072 consulis
527 4014 680 4092 diligentem

234 4109 263 4156 et
290 4100 432 4179 provideor
460 4113 679 4183 mentemffqua

554 4210 632 4306 ἡκ]

827 1662 918 1720 omnia
936 1681 1004 1741 quac
1022 1682 1105 1740 erep.
1117 1671 1208 1719 essent
1225 1662 1274 1719 cir·

827 1751 1019 1825 conspexerit,
1049 1752 1199 1828 exprimere
1227 1771 1277 1808 ro·

827 1835 910 1893 luisse
924 1836 1096 1894 arbitremurz
1113 1858 1276 1915 quamquam

826 1922 925 1982 velita
945 1925 1029 1980 oratio
1049 1924 1146 1998 frigida
1158 1925 1276 1985 videtur.

826 2031 889 2068 nam
911 2010 1056 2088 Popillium
1079 2012 1203 2089 patribus
1229 2033 1276 2071 au·

829 2108 930 2155 ctorem
953 2098 1036 2155 luisse
1056 2108 1100 2167 ut,
1127 2121 1188 2159 cum
1215 2102 1275 2179 ipse

827 2185 863 2241 ad
891 2183 991 2241 bellum
1019 2186 1156 2262 prolectas
1192 2198 1275 2257 esset,

828 2281 936 2348 praeter
956 2271 1054 2329 milites
1074 2276 1196 2351 praetori
1222 2285 1275 2332 tra·

829 2358 902 2417 ditos
925 2361 1004 2418 etiam
1027 2381 1114 2419 novus
1140 2365 1276 2421 exercitus

829 2448 1002 2517 scriberetur,
1031 2448 1194 2507 contendere
1220 2471 1276 2508 uon

829 2536 928 2603 ausim,
946 2537 1083 2613 cumipse
1101 2536 1197 2595 consul
1214 2557 1276 2595 eum

829 2623 974 2679 exereitum
997 2622 1116 2680 scribere
1137 2622 1275 2681 debuisset

828 2729 878 2766 nec
895 2709 949 2767 ulla
966 2729 997 2766 re
1014 2719 1089 2767 tanta
1100 2709 1219 2768 consulis
1236 2709 1275 2767 le-

827 2798 935 2853 etinatio
959 2807 1005 2854 aut
1028 2799 1150 2869 excusari
1169 2800 1275 2876 potuis·

828 2894 870 2941 eet
891 2894 938 2941 aut
958 2905 992 2941 ex
1013 2886 1047 2943 iis
1070 2905 1137 2962 quae
1154 2904 1273 2962 requam
1299 2910 1303 2914 ·

824 2980 871 3028 tur
891 2973 1002 3049 probari
1024 2980 1122 3051 posset.
1155 2971 1188 3028 Iu
1206 2972 1274 3030 Por·

825 3067 880 3135 tog.
898 3059 967 3116 libro
985 3079 1020 3120 m.
1040 3062 1066 3121 2.
1082 3059 1213 3136 scriptum
1231 3071 1290 3118 est·

825 3147 1004 3214 amoribus,
1021 3146 1148 3223 idemque
1164 3147 1194 3202 iu
1212 3145 1274 3205 aliis

824 3251 895 3289 reec.
914 3231 991 3292 codd
1006 3243 1141 3310 repertum
1152 3253 1213 3293 esse
1232 3235 1272 3292 di·

825 3321 902 3379 citur.

755 3406 798 3465 11.
827 3407 910 3481 quod
920 3409 964 3464 od
972 3410 1273 3467 incertoabellieuen·

823 3502 873 3550 tus
891 3495 1055 3553 subsidium
1077 3498 1151 3571 reip.
1175 3506 1272 3553 earet.-

823 3580 1204 3642 Putant-Pu.
1233 3585 1271 3642 1.:

823 3679 943 3729 euectos.
955 3700 991 3713 -
1002 3668 1082 3730 Reec.
1102 3669 1157 3727 duo
1168 3668 1271 3735 rodda

822 3760 871 3835 qai
898 3789 934 3802 --
964 3766 1043 3816 esset.
1078 3755 1123 3816 Cl.
1142 3759 1192 3825 23,
1213 3759 1271 3817 11.:

801 3845 957 3922 .Capuam‚
993 3844 1068 3921 quod
1097 3855 1180 3922 caput
1215 3864 1272 3901 nou

822 3931 985 4010 Campaniae
1002 3931 1084 3988 modo
1101 3931 1199 3988 sed-
1218 3933 1270 3989 lta·

820 4018 873 4077 liae
892 4022 942 4088 sit,
963 4016 1108 4075 Hannibali
1131 4039 1163 4076 se
1184 4019 1270 4076 tradi·

820 4104 901 4166 disee.
925 4105 958 4166 al.
987 4105 1037 4163 aed
1058 4105 1094 4166 ci.
1116 4126 1227 4185 quoque
1243 4109 1273 4178 3,
