2618 4590
532 268 641 331 Llsssn
656 270 704 332 IX.
1105 254 1170 326 527

12 492 47 519 ,Μ
64 436 151 505 alios
173 458 232 527 per
251 433 392 525 speciem
415 433 675 501 celebrandarum
704 444 799 503 cautu
820 436 987 526 epularum
1010 458 1105 504 causa
1124 436 1169 503 in-

67 544 170 609 vitant
191 553 224 609 et
245 541 336 624 vino,
364 539 453 606 cuius
476 540 604 607 avidum
626 540 726 606 ferme
749 564 849 631 genus
870 553 928 626 est,
950 553 1098 610 oneratos
1118 565 1168 608 so

67 648 174 739 piunt‚
196 657 293 736 atque
315 645 357 712 ita
379 645 412 712 in
433 646 574 736 plaustra
596 668 711 712 somno
732 645 857 712 vinctos
878 647 1038 714 coniciunt
1055 669 1092 714 ae
1106 647 1170 713 Ro-

65 776 156 819 marn
179 752 364 842 deportantr
391 774 453 818 nee
480 750 567 840 prius
596 773 724 817 sensere
752 774 850 840 qnam
871 752 1021 841 planstris
1042 751 1075 816 in
1097 751 1168 818 foro

65 857 184 923 relictis
206 856 321 946 plenos
344 855 491 946 crapulae
518 877 575 922 eos
603 854 660 921 lux
687 855 855 945 oppressit.
893 867 970 923 tune
996 863 1204 923 coneursustt

64 961 179 1052 populi
201 962 313 1043 fectus,
335 960 567 1051 impetratoque
589 971 626 1026 ut
647 972 813 1027 manerent
834 960 946 1027 datum
967 972 1004 1027 ut
1030 961 1169 1028 triduum

66 1066 238 1156 quotannis
261 1066 362 1135 ornati
384 1088 459 1131 eum
482 1076 576 1131 cantu
600 1075 696 1154 atque
718 1065 779 1131 hac
803 1088 885 1155 quae
899 1066 986 1133 nune'
1005 1065 1169 1153 sollemnis

67 1183 119 1237 est
141 1171 267 1238 lieentia
288 1194 347 1259 per
367 1171 481 1235 urbem
496 1179 693 1258 vagarentur,
715 1171 960 1261 restitutumque
975 1170 1007 1236 in
1022 1171 1101 1237 aede
1116 1194 1169 1238 ve

64 1275 176 1341 scendi
198 1275 247 1341 ius
268 1275 318 1341 his
343 1274 398 1365 qui
427 1275 524 1341 saeris
552 1275 781 1364 praecinerent.
818 1274 898 1343 haec
924 1277 1006 1342 inter
1031 1276 1168 1341 duorum

63 1379 239 1470 ingentium
260 1379 419 1447 bellorum
442 1402 552 1446 euram
573 1379 773 1469 gerebantur.
1183 1386 1216 1442 1⁰
1261 1375 1265 1385 ’

153 1482 273 1551 ΧΧΧΙ.
318 1484 477 1551 Consules
499 1484 581 1550 inter
603 1506 638 1550 se
660 1483 840 1575 provincias
862 1484 977 1551 sortiti:
1000 1484 1090 1553 Iunio
1113 1484 1169 1551 Se—
1218 1490 1221 1497 '
1257 1480 1283 1525 ·’

64 1589 197 1671 modes,
232 1587 368 1655 Aemilio
394 1610 516 1656 novum
543 1587 664 1654 bellum
693 1587 818 1655 Etruria
846 1601 932 1657 sorte
961 1590 1100 1657 obvenit.
1137 1588 1170 1655 in

137 1817 238 1874 rentur‚
247 1805 311 1862 lieet
320 1806 385 1863 haee
393 1827 447 1864 non
457 1808 534 1863 unios
542 1809 583 1863 io·

138 1895 242 1952 vitandi
252 1914 331 1951 censs
342 1894 429 1961 fuerit,
448 1895 524 1971 quod
536 1896 584 1950 ho·

138 1985 225 2039 mines
243 1985 307 2038 vino
329 1994 454 2039 oneratos
471 1982 584 2039 Romam

137 2070 280 2148 deportare
299 2071 464 2129 statuissent.
485 2090 546 2125 nam
559 2071 584 2125 si

137 2157 204 2212 haec
228 2157 281 2212 duo
304 2158 384 2214 simui
405 2158 485 2214 verba
509 2155 584 2213 nullo

137 2245 220 2301 ruodo
244 2232 316 2301 ferri*
331 2254 455 2323 possent,
478 2265 512 2300 ne
536 2264 585 2318 per

137 2354 167 2389 se
190 2331 298 2409 quidem
319 2352 375 2406 per
398 2333 524 2406 speciem
541 2330 584 2389 vel

138 2422 169 2476 in
184 2421 309 2494 speciem
318 2419 370 2474 nisi
383 2420 516 2495 genitivus
526 2422 584 2495 qui·

140 2507 201 2563 dum
220 2516 265 2562 eut
283 2506 371 2562 simile
389 2506 459 2563 aliud
474 2504 584 2561 dicendi

138 2614 221 2669 genus
234 2594 377 2650 adderetur
386 2593 468 2649 scribi
481 2596 582 2669 potuis·

140 2690 190 2749 set,
204 2680 275 2757 quod
290 2688 377 2734 tamen
390 2678 535 2735 multorum
546 2678 585 2733 lo-

139 2787 231 2823 corum
254 2767 411 2845 auctoritate
437 2765 585 2842 conproba-

140 2865 184 2911 tnr
203 2852 256 2923 (ei.
274 2853 318 2919 tr,
332 2853 399 2920 td).
418 2850 485 2919 „An
498 2852 586 2908 einem

138 2941 262 3015 Festtsge
286 2937 367 2995 laden
391 2939 431 2994 sie
449 2937 586 2994 dieselben

140 3030 188 3086 der
206 3028 274 3103 Eine
296 3026 389 3081 diesen
413 3024 461 3082 der
479 3025 588 3082 Ardere

139 3119 218 3191 jenen
245 3115 289 3171 bei
312 3113 371 3169 sich
395 3115 439 3168 ein·
465 3114 587 3192 porgeb-

140 3204 201 3261 lielr
220 3221 269 3259 um
287 3199 335 3256 das
348 3199 419 3257 maht
437 3200 522 3258 durch
532 3199 588 3257 Mu-

142 3289 184 3346 siis
202 3310 236 3344 zu
253 3287 455 3344 versehdneru“
473 3308 500 3346 n.
517 3307 539 3346 s.
550 3307 587 3347 w.

88 3382 117 3438 3.
144 3387 236 3454 atque
258 3378 300 3430 ito
323 3377 354 3430 in
373 3377 514 3449 plaustra
540 3394 587 3430 so-

142 3485 211 3521 mno
238 3463 351 3519 uinctos
378 3463 534 3518 cortiliani:
562 3461 590 3517 Μ
614 3514 623 3535 ,

143 3574 179 3611 m.
198 3552 224 3610 2.
243 3546 319 3617 (eod.
332 3546 442 3619 Kloeir.)
456 3578 490 3590 -
507 3544 536 3604 Μ
553 3570 588 3606 m.

145 3643 185 3699 1.:
203 3647 283 3717 atque
295 3637 332 3690 ita
342 3637 370 3690 in
382 3634 480 3712 plostra
493 3654 589 3690 somno

144 3729 236 3783 uintos
249 3725 390 3780 conitiunt.
407 3721 442 3779 P:
462 3720 541 3799 atque
553 3724 590 3777 ita

144 3812 173 3867 iu
190 3810 309 3887 plaustra
322 3804 427 3885 innotos
445 3804 590 3868 eonieiunt.

145 3896 222 3955 Leid.
238 3917 255 3955 r.
281 3896 342 3955 cod.
359 3895 462 3954 Thuan.
487 3894 535 3955 aL:
561 3898 591 3953 in

145 3983 263 4061 plaustra
300 3985 406 4040 uinctos
445 3978 591 4063 conieinnt.

147 4068 213 4131 Pell.
233 4074 257 4130 1.
274 4072 314 4131 3.=
337 4073 365 4128 in
388 4070 590 4151 plaustrsroun·

724 1819 784 1865 ctos
803 1810 948 1867 coniciunt.
960 1840 994 1851 -
1012 1808 1057 1867 Cf.
1075 1812 1101 1871 5,
1114 1809 1170 1866 443

724 1896 777 1953 nisi
795 1899 901 1953 vinctos
923 1917 1019 1953 somno
1037 1927 1072 1939 -
1090 1899 1170 1953 truci·

725 1983 828 2039 dandos
847 1984 983 2041 tradidero
1003 1994 1054 2043 εει.

672 2071 698 2130 6.
726 2073 942 2147 impetratoque
960 2081 991 2128 ut
1003 2081 1171 2129 manerent:

726 2158 756 2217 P.
787 2190 821 2199 -
852 2156 879 2213 Μ
903 2155 980 2216 Leid.
1002 2179 1020 2216 1.
1044 2157 1124 2217 Voss.
1143 2164 1171 2217 π’.

726 2244 793 2304 Pali.
813 2249 838 2303 1.
852 2249 878 2302 3.
897 2244 1026 2323 multique
1045 2246 1104 2303 elii:
1123 2248 1172 2303 im·

725 2341 872 2408 peratoque
903 2342 932 2388 ut
960 2338 1107 2391 manerent.
1128 2342 1171 2377 '-
1254 2352 1260 2364 ·

727 2418 749 2474 P
767 2439 802 2478 m.
822 2422 859 2477 1.:
879 2439 939 2475 eum
952 2429 1032 2477 cantu
1049 2429 1129 2497 atque
1140 2438 1172 2474 ae

726 2526 778 2583 que
796 2526 867 2562 nune
881 2506 1020 2564 sollemnis
1037 2520 1073 2566 ÷
1089 2506 1171 2564 licen·

726 2595 775 2667 ιίε.ι
790 2614 826 2651 m.
845 2596 885 2652 2:
903 2604 984 2669 atque
1001 2594 1060 2654 hac.

673 2681 699 2736 8.
726 2682 922 2756 restitutumq.
953 2684 984 2736 in
1013 2681 1089 2737 aede
1124 2701 1173 2738 ne·

727 2766 832 2820 scendi
849 2768 896 2823 ius
919 2766 967 2823 Iris
988 2768 1041 2842 qui
1057 2776 1121 2825 cet:
1145 2766 1172 2822 Μ

727 2869 763 2907 m.
790 2853 816 2909 2.
843 2851 865 2906 Ρ
895 2851 1010 2911 Leidr.
1042 2851 1122 2913 Voss.
1144 2871 1173 2909 n.

727 2934 795 2996 Lov.
806 2940 832 2994 4.
847 2937 897 3013 st]
910 2942 999 2997 —ius
1011 2943 1045 2997 iis
1064 2943 1111 3017 qui
1123 2948 1174 2998 c'et.

729 3056 764 3065 —
793 3024 822 3083 Μ
846 3046 881 3084 m.
906 3031 943 3086 1.:
966 3031 1116 3106 restitumq.
1137 3057 1175 3069 -

728 3111 836 3170 Deinde
846 3116 976 3192 seriptum
987 3124 1028 3171 εει
1035 3115 1148 3173 inVoss.
1156 3133 1174 3172 ι.

730 3199 780 3259 al.:
804 3202 870 3258 haec
893 3205 964 3257 inter
982 3203 1074 3259 duum
1090 3201 1174 3263 bello·

728 3308 788 3345 rum
814 3290 960 3363 ingentium
985 3310 1076 3346 euram
1101 3309 1175 3362 gere-

730 3375 836 3434 bantur.
855 3375 934 3444 Cf.3‚
944 3379 999 3435 25.:
1011 3376 1093 3433 duum
1102 3397 1175 3434 ruen-

731 3482 790 3518 snm
808 3465 932 3541 spatium.

698 3594 705 3608 .
732 3556 809 3608 cot-t.
823 3557 832 3617 (
840 3549 876 3607 Pr
889 3554 964 3617 coi.)
977 3553 1054 3607 inter
1066 3569 1100 3607 se
1109 3570 1176 3625 pro·

729 3628 847 3695 ‘trincias
874 3640 994 3714 partiti:
1030 3625 1091 3694 PM:
1123 3638 1176 3693 nisi

669 3748 674 3753 ·
733 3725 808 3801 quod
826 3728 854 3781 in
867 3725 893 3781 Μ
912 3726 1108 3796 „pronintiss“
1127 3728 1176 3799 est.

732 3812 754 3871 1.
771 3811 817 3871 Fr.
835 3806 926 3871 Gron.'
937 3810 1116 3881 ‚,eonsulibus
1136 3812 1176 3865 in·

732 3909 774 3955 ter
802 3920 833 3956 se
861 3901 1016 3977 provincias
1048 3898 1177 3973 partitis“

693 4056 696 4061 Ι
722 3986 818 4077 ¹scribi
835 3986 930 4047 voluit.
959 3986 995 4046 ei.
1013 3990 1046 4057 9,
1063 3987 1120 4043 2⁰5
1142 3983 1177 4041 de
