2780 4720
59 1837 93 1940 t

224 293 291 368 rot
465 344 470 352 ,
699 263 809 378 unna
826 237 887 367 x*
947 349 950 360 .

224 471 269 540 Μ.
292 471 425 542 Atilium
447 471 500 542 vel
522 471 645 558 solum,
671 470 820 540 sinemo
840 469 920 538 alius
941 479 1108 560 aequatur,
1129 469 1270 538 'iturum
1292 471 1338 538 ad-

181 640 186 647 .
223 599 335 674 persus
351 575 690 669 hostespcasurumque
705 575 787 644 inter
802 574 889 665 signa
901 573 1092 643 Samnitium
1106 576 1223 666 potius
1240 595 1336 666 quarn

182 766 186 774 ,
224 680 454 750 circumvallari
477 694 579 750 casua
594 681 739 749 Romana
760 678 876 748 videat.
899 681 982 756 dieta
1003 679 1146 770 ponentis
1167 678 1280 768 legati
1294 681 1336 746 tri

226 785 369 876 bonique
393 797 426 854 et
448 799 697 855 omnestunnne
713 784 857 875 equiturn
872 795 906 852 et
927 786 1129 853 centuriones
1150 784 1336 874 primorum

196 889 374 960 eordinum
398 892 624 980 adprobavere.
661 903 730 958 tum
752 890 876 980 pudore
897 889 1001 958 vietus
1028 888 1122 956 miles
1150 889 1335 978 segnitere

164 1010 171 1018 ‘
224 993 334 1062 castris
364 997 541 1085 egreditur,
573 996 671 1086 longo
701 993 825 1085 agmine
856 1017 917 1062 neo
947 991 1122 1062 continenti
1149 994 1335 1062 maestior

106 1157 117 1168 .
223 1119 325 1190 prope
349 1100 423 1170 victi
445 1101 624 1190 procedunt
645 1101 797 1166 adversus
820 1097 948 1166 hostem
970 1118 1031 1166 neo
1053 1113 1111 1187 spe
1135 1121 1205 1166 nec
1230 1100 1333 1166 animo

223 1205 402 1274 certiorem.
439 1207 547 1295 itaque
568 1202 666 1270 simul
687 1213 860 1293 conspecta
881 1214 957 1272 sunt
977 1203 1123 1270 Romana
1145 1202 1268 1292 signa,
1294 1229 1334 1272 ex·

226 1309 348 1401 templo
370 1335 389 1376 a
411 1308 515 1400 primo
533 1307 725 1378 Samnitium
746 1308 871 1398 agmine
894 1307 935 1373 ad
956 1307 1169 1374 novissimum
1189 1308 1334 1377 fremitus

177 1415 409 1503 reperientur,
427 1413 514 1482 exire
537 1451 580 1462 -
602 1412 635 1478 id
663 1413 751 1502 quod
777 1412 941 1480 timuerint
961 1449 1006 1460 —
1033 1412 1074 1478 ad
1100 1411 1333 1502 inpediendum

224 1518 284 1586 iter
305 1519 485 1604 Romanos,
511 1516 635 1584 nullam
655 1517 730 1586 inde
751 1541 793 1585 ue
822 1517 916 1609 fugae
945 1516 1076 1607 quidem
1102 1529 1224 1607 patere
1250 1519 1333 1602 vian,

240 1709 268 1769 ὅ.
294 1719 358 1767 tum
382 1710 500 1786 pudore
529 1711 626 1768 aterna
654 1710 742 1768 mileo

295 1801 428 1876 segniter
453 1818 471 1854 e
493 1799 601 1864 caetris
625 1799 741 1878 egredi·

291 1893 357 1942 tur:
376 1885 439 1958 Pul]
458 1894 514 1942 tom
532 1885 636 1963 pudore
653 1887 742 1943 rietur

296 1971 373 2028 mileo
386 1975 505 2048 segniter
516 1993 589 2028 erma
602 1974 682 2051 capit,
699 1991 742 2029 se·

294 2061 382 2132 gniter
399 2080 415 2116 e
433 2060 528 2119 caetris
546 2059 689 2136 egreditur.
705 2085 741 2104 *-

294 2146 395 2204 Froere
404 2163 574 2226 nonpoaenm
584 2150 649 2225 quin
658 2147 741 2204 uerba

295 2237 427 2313 segniter
443 2255 530 2292 armo
544 2236 631 2310 capit,
649 2254 741 2310 quum·

192 2337 193 2345 ¹
220 2374 223 2385 ,
293 2324 337 2378 vie
355 2331 383 2378 et
399 2323 428 2378 in
440 2319 506 2381 Pell.
525 2331 552 2378 et
563 2324 592 2380 in
606 2321 741 2380 Drakenb.

295 2407 375 2466 codd.
400 2409 427 2466 h.
449 2407 468 2467 l.
494 2411 585 2464 inesse
608 2408 741 2476 dicentur,

293 2495 329 2550 ab
347 2497 387 2550 eie
404 2493 523 2550 librariis
534 2493 665 2552 Livianae
680 2515 740 2552 ora·

293 2583 531 2658 tioniioterposita
543 2582 666 2650 arbitrer,
684 2585 742 2658 qui⁴

295 2667 346 2728 btre
375 2689 418 2726 rea
439 2686 497 2725 non¹
517 2671 583 2726 setis
609 2669 741 2747 explicata

294 2755 450 2826 videbatur,
478 2755 553 2832 quod
570 2755 670 2814 militer
687 2760 741 2814 iarn
788 2813 793 2838 Ι

294 2846 390 2902 cestrie
402 2845 504 2920 egressi
515 2843 675 2913 dicerentur,
694 2847 741 2922 qui

294 2931 377 2990 modo
404 2933 458 2990 viai
484 2940 575 2987 essent
603 2953 638 2989 ne
668 2953 741 2989 arma

294 3019 402 3094 quidem
421 3039 517 3096 capere
529 3017 607 3078 velie.
624 3040 674 3076 nee
692 3020 740 3077 du·

224 3152 229 3167 .
293 3108 368 3164 bium
405 3105 463 3162 sore
493 3105 657 3163 crediderint
691 3105 740 3176 illi,

293 3195 359 3270 quin
378 3211 426 3249 ena
446 3194 528 3252 verba
550 3191 741 3270 proditionis

294 3281 470 3349 haberentur,
506 3290 533 3337 et
558 3280 647 3357 quod,
678 3301 740 3338 oum

294 3369 381 3426 maior
399 3369 529 3424 orationis
542 3368 584 3424 vis
600 3371 630 3426 in
642 3371 739 3448 regni·

291 3464 338 3512 tet
355 3456 442 3532 posite
456 3463 537 3522 esset,
554 3465 664 3532 propter
677 3477 738 3512 ean·

293 3542 354 3598 dem
367 3543 578 3600 consumendam
591 3560 645 3600 vox
658 3545 738 3600 etiam

292 3631 334 3685 bis
347 3629 433 3686 videri
451 3640 546 3706 posset
556 3632 656 3708 scripta
669 3651 737 3700 esee,

293 3725 320 3771 et
337 3717 410 3792 quod
434 3715 511 3772 facile
530 3736 560 3772 ea
582 3737 649 3794 quae
666 3720 738 3774 inter

291 3801 358 3860 haec
376 3803 430 3859 duo
447 3805 580 3883 segniter
597 3804 737 3862 inissent·

174 3889 178 3902 '
290 3891 408 3950 librariis
426 3893 602 3966 praetermitti
615 3895 738 3970 potuisse

293 3978 366 4037 haud
376 3980 454 4054 pauci
468 3999 552 4055 aeque
560 3982 737 4058 corruption·

291 4067 428 4140 tiquornm
448 4066 580 4126 librorum
602 4066 654 4126 toci
676 4086 736 4139 per«

227 4195 233 4208 ,
290 4151 441 4212 euaderent.
459 4173 509 4210 nee
520 4153 737 4212 tanentntnmn

883 1707 968 1766 tuisse
989 1717 1021 1766 ot
1041 1707 1141 1766 mtlnea
1165 1710 1335 1770 incr-meae

882 1797 979 1854 eastris
1007 1795 1205 1872 egrederentur
1237 1808 1269 1856 et
1304 1819 1337 1859 res

883 1886 943 1962 ipsa
960 1884 1105 1962 persuadet
1127 1894 1156 1940 et
1176 1887 1272 1942 verba
1292 1911 1336 1963 pu·
1358 1955 1359 1966 γ

883 1971 958 2029 dore
986 1973 1081 2028 nictus
1110 1973 1207 2030 miles
1241 1969 1359 2048 dicunt(

883 2079 944 2116 oum
962 2060 1043 2129 igitur
1060 2059 1088 2114 in
1107 2057 1152 2114 his
1165 2061 1259 2120 rebus
1279 2065 1338 2123 diiu-

883 2145 1007 2204 dicandis
1019 2147 1284 2222 antiquissimorum
1301 2175 1337 2210 m·

884 2234 976 2291 dicum
991 2251 1139 2290 consensus
1156 2252 1250 2310 qnam
1263 2244 1336 2298 mari·

883 2323 921 2378 mi
930 2321 1059 2378 momenti
1071 2321 1159 2380 videri
1169 2322 1291 2396 debeat,
1300 2351 1336 2385 se·

881 2409 1336 2488 gotterarmocepit(Le1d.r.:ce·

883 2497 955 2572 pitz)
966 2515 999 2550 ex
1009 2498 1255 2570 integraoratione
1265 2505 1336 2561 eieci·

882 2601 951 2642 mua.
970 2579 1095 2652 Ciani.
1106 2588 1131 2652 9,
1139 2589 1163 2642 5.
1174 2586 1247 2646 Livi
1258 2589 1337 2651 Lm,

883 2691 910 2746 p.
923 2689 967 2729 nu.
986 2672 1012 2729 2.
1025 2702 1059 2714 -
1069 2669 1143 2728 Pila
1157 2679 1339 2750 „procedunt

883 2757 1013 2816 aduersus
1031 2758 1137 2816 hostem
1150 2781 1207 2818 neo
1227 2784 1285 2842 epe
1299 2787 1340 2822 neo

883 2846 972 2902 animo
991 2847 1157 2904 certiorem“
1170 2851 1257 2926 (uiri
1272 2853 1341 2930 quod

882 2936 912 2990 in
930 2933 951 2988 P
974 2935 1105 3009 seriptum
1129 2943 1173 2992 est
1191 2943 1341 3018 ‚,anirnoq.

882 3023 1079 3089 certiorem“)t
1105 3021 1180 3090 „der
1200 3027 1271 3084 υἱώ
1293 3051 1341 3085 we·

883 3107 932 3164 der
965 3127 999 3164 an
1025 3105 1163 3182 Hoffuung
1195 3115 1281 3172 noch
1313 3137 1342 3172 an

881 3193 956 3252 ttuth
974 3194 1093 3252 siedrerer
1110 3195 1236 3261 tuhtte“.
1273 3201 1344 3263 cod.

881 3281 938 3356 sig.
971 3281 1019 3341 at:
1056 3285 1145 3340 animo
1177 3286 1344 3348 fortiorem.

881 3368 939 3426 Pan
956 3372 996 3425 Ἅι
1015 3369 1182 3432 ferociorem.
1219 3375 1314 3438 Voss.
1330 3399 1345 3438 u

881 3455 929 3515 aL:
948 3461 1091 3518 certiores·

811 3543 854 3604 10.
881 3546 967 3602 exire
984 3545 1019 3600 td
1030 3545 1114 3621 quod
1123 3546 1294 3608 timuerint
1305 3555 1348 3610 od

880 3631 1345 3706 inpediendumiterldomanoe:

879 3717 943 3775 Pu:
971 3719 1176 3796 „heraoszttgen
1208 3723 1259 3784 die
1288 3725 1345 3782 Ro-

878 3825 951 3875 mer,
968 3808 1023 3863 wit
1040 3809 1081 3864 eie
1097 3807 1275 3882 gestirohtet‚
1299 3833 1345 3870 um

866 3894 961 3951 dienen
984 3893 1037 3950 den
1056 3891 1128 3971 Weg
1151 3897 1346 3958 abauechnei-

879 3981 962 4040 den“.
988 3981 1066 4040 Voss.
1084 3998 1111 4040 n.
1135 3981 1205 4044 Lon.
1226 3988 1256 4042 d.
1293 3987 1346 4046 aL:

880 4069 1033 4128 timuerunt.
1045 4098 1078 4112 -e
1091 4069 1126 4125 P:
1144 4068 1191 4126 illo
1206 4070 1280 4130 iooo
1296 4086 1345 4133 aut

878 4155 1027 4214 cedendum
1046 4173 1105 4216 ease
1122 4167 1169 4216 aut
1186 4170 1243 4220 oet.
