2618 4590
168 272 234 342 356
304 300 309 319 ¹
624 282 732 347 uuus
749 281 821 346 vlu.

169 449 271 518 lutam
291 450 580 542 interpretarentur,
604 450 692 540 quod
714 471 790 516 eum
813 444 864 513 die
886 444 968 512 dicta
992 443 1032 510 ab
1047 442 1202 511 sectilibus
1219 444 1273 511 cri-

171 553 257 621 mine
278 564 439 645 stupratae
461 554 569 622 matris
599 553 738 620 lanuliae
768 551 972 621 absolvisset:
1011 549 1084 615 data
1105 548 1273 615 visceratio

172 657 205 724 in
225 659 428 748 praeteritam
450 658 557 726 iudicii
580 659 713 750 gratiam
739 658 870 726 honoris
900 656 996 723 etiam
1025 653 1054 719 ei
1082 675 1179 720 causa
1207 653 1273 735 hait,

172 761 397 854 tribunatuque
412 763 517 853 plebei
533 763 688 852 proximis
703 763 837 830 comitiis
856 761 971 827 absens
988 757 1172 848 petentibus
1186 781 1271 847 prae·

18 860 20 864 Α
137 865 281 938 tlertur.
303 906 347 919 -
374 867 555 958 Palaepolis
578 867 637 935 fuit
658 868 744 934 haud
766 867 879 957 procul
905 864 980 931 inde
1008 862 1064 927 ubi
1084 885 1172 928 nune
1193 861 1271 929 Nea-

128 1028 133 1039 .
171 970 254 1061 polis
276 971 336 1039 sita
358 981 423 1038 est:
446 971 569 1038 duabus
591 971 722 1039 urbibus
744 971 883 1061 populus
904 968 991 1035 idem
1011 966 1190 1034 habitabat:
1213 967 1272 1031 Cu-

72 1119 78 1143 .
171 1073 233 1141 mis
257 1087 347 1143 erant
371 1075 509 1159 oriundi,
536 1075 672 1142 Cumani
693 1072 845 1143 Chalcide
866 1067 1012 1140 Euboica
1040 1071 1194 1161 originem
1216 1082 1272 1137 tra-

172 1164 263 1247 bunt.
302 1179 404 1246 classe
428 1204 491 1269 qua
514 1180 637 1249 advecti
666 1183 706 1247 ab
729 1182 827 1249 domo
857 1180 984 1248 fuerant
1004 1176 1143 1243 multum
1163 1174 1196 1240 in
1220 1196 1272 1241 ora

173 1281 270 1351 matis
294 1282 362 1349 eius
384 1284 473 1373 quod
495 1284 644 1352 accolunt
664 1296 813 1376 potuere,
846 1283 950 1373 primo
972 1283 1005 1348 in
1032 1280 1152 1347 insulas
1174 1276 1273 1345 Aena-

128 1402 164 1458 10
173 1383 254 1452 riam
275 1394 309 1452 et
330 1384 517 1455 Pithecusas
540 1389 673 1480 egressi,
707 1389 821 1457 deinde
843 1389 876 1455 in
898 1388 1114 1456 continentem
1137 1383 1207 1449 ausi
1228 1407 1273 1450 se-

174 1488 231 1558 des
257 1489 438 1581 transferre.
476 1491 557 1561 haec
586 1494 695 1563 civitas
725 1516 800 1562 cum
827 1492 892 1561 suis
914 1492 1033 1562 viribus
1059 1501 1131 1557 tum
1153 1489 1273 1556 Samni-

188 1665 216 1722 4.
241 1667 451 1744 tribunatuque
469 1668 570 1743 plebei
585 1672 688 1744 proxi-

165 1757 166 1760 ’
242 1754 301 1811 mis
318 1756 444 1813 comitiis
460 1757 570 1813 absens
588 1767 688 1831 peteu-

241 1840 321 1897 tidus
328 1841 518 1915 praefertur.-
527 1842 577 1898 ΡΜ
589 1842 662 1902 llarl.
670 1863 687 1901 1.

219 1960 222 1972 ·
242 1924 292 1998 at]
304 1929 522 2006 tribunatumque
533 1929 622 2007 plebei
636 1941 687 1988 cet.

240 2042 276 2055 -
293 2012 372 2074 Laid.
386 2035 404 2074 1.
422 2015 471 2075 al:
498 2018 687 2095 tribunatuque

240 2099 322 2175 plebi.
360 2088 394 2144 -'
438 2105 688 2182 Tribunatumque

239 2187 412 2246 scribendum
441 2190 584 2249 videbatur
614 2192 688 2269 quod

243 2292 275 2328 ea
297 2294 351 2332 vox
373 2274 409 2330 ad
427 2280 593 2349 petentibus
619 2281 686 2337 rele-

240 2358 325 2413 reuda
343 2369 423 2429 esset,
440 2382 491 2417 nec
509 2369 598 2421 tamen
609 2364 686 2442 quid·

240 2457 321 2519 quam
339 2444 392 2502 hoe
413 2450 475 2525 ipso
500 2449 616 2509 ablativo
635 2452 686 2508 lre·

236 2533 366 2605 quentius
383 2531 489 2608 legitur.
512 2535 640 2595 Gelenius
657 2541 686 2595 in

200 2671 202 2694 ι
238 2617 297 2673 suis
316 2618 396 2677 codd.
418 2622 527 2682 absens
546 2639 687 2700 praesen·

240 2705 334 2762 tiano
345 2708 521 2782 praefertur
550 2714 686 2770 invenisse

238 2788 311 2847 vult:
331 2794 390 2851 ¹sed
407 2816 504 2855 vereor
526 2820 561 2856 ne
580 2798 686 2857 illevit·

111 2937 115 2961 Ἰ
239 2877 267 2936 h.
285 2877 304 2938 l.
322 2880 503 2958 neglegentius
520 2885 606 2945 libros
618 2890 685 2946 auti·

237 2985 307 3042 quos
325 2969 481 3044 inspexerit.
510 2994 512 2998 ·

107 3034 111 3043 ’
185 3051 212 3110 5.
239 3049 412 3128 Palaepolis
427 3057 495 3128 fat't
517 3058 603 3116 bauti
616 3082 684 3136 pro·

238 3139 290 3195 cui
306 3140 376 3197 inde
399 3143 450 3198 abi
472 3165 549 3202 nuuc
566 3146 684 3223 Neapo-

235 3224 277 3282 lis
294 3227 354 3284 sita
371 3238 432 3286 est:
456 3229 479 3286 P
496 3252 531 3292 m.
550 3235 576 3293 Μ.
602 3266 637 3276 -·
661 3234 685 3292 P

235 3329 272 3370 m.
298 3315 337 3372 l.:
364 3314 559 3397 palaepopulis.
600 3321 682 3382 Rece.

134 3434 136 3441 ,
236 3398 311 3475 quid.
330 3403 422 3464 codd:
443 3405 618 3485 palaeopolis.
646 3441 681 3452 —

235 3483 276 3541 bl:
294 3488 442 3569 palaepolis
460 3493 512 3550 fuit
528 3494 601 3553 baud
617 3517 681 3574 pro·

237 3571 280 3626 cul
298 3574 362 3631 inde
379 3578 426 3635 ubi
437 3600 509 3637 nuno
522 3582 680 3662 neapolisita

233 3660 250 3712 ἔ
279 3657 382 3719 duabus
418 3667 528 3725 urbIbus
563 3671 681 3749 populus

232 3741 305 3801 idem
331 3747 420 3808 habita
448 3763 475 3811 at
497 3762 529 3814 cri
552 3755 596 3813 bis
624 3769 680 3814 erat

155 3829 165 3848 '
233 3832 341 3891 edundi
362 3843 468 3897 cumani
490 3842 611 3902 chalcide
633 3867 677 3902 eu·

218 3919 339 3979 ¹troicum
365 3928 467 4001 origine
492 3930 611 3991 trahunt.
642 3930 677 3988 P:

167 4048 169 4053 ³
231 4004 336 4067 duabus
347 4013 459 4071 urbibus
471 4019 588 4096 populus
604 4019 677 4076 idem

230 4090 321 4152 tabita
338 4103 367 4157 at
378 4104 464 4160 cumis
474 4114 551 4164 erant
568 4105 675 4164 oriundi

830 1670 937 1728 cumani
976 1666 1096 1724 chalcide
1136 1655 1274 1723 euuoicaur

828 1761 881 1828 (m.
911 1759 951 1815 2:
987 1756 1142 1824 euboicam)
1174 1754 1275 1827 origine

829 1844 947 1901 trahunt.
966 1841 1037 1899 Harl.
1047 1861 1079 1899 r.:
1097 1849 1175 1896 crant
1186 1843 1275 1896 oriun-

829 1930 875 1988 do.
892 1929 966 1988 Harl.
984 1949 1001 1988 1.
1020 1926 1099 2007 Leid.
1116 1947 1134 1986 1.
1153 1925 1235 1985 Voss.
1248 1947 1275 1984 u.

828 2017 960 2093 multique
983 2035 1053 2076 rece.
1079 2013 1176 2073 codd:
1206 2014 1275 2070 chal-

830 2103 890 2161 cide
913 2103 1051 2159 euboicam
1073 2104 1206 2176 originem
1224 2112 1274 2158 tra·

829 2190 905 2248 hunt.
917 2189 998 2247 Recc.
1011 2189 1056 2247 alii
1066 2190 1162 2248 codd:
1175 2211 1190 2246 a
1203 2189 1273 2247 chal-

829 2276 897 2337 cide.

775 2411 802 2471 8.
830 2429 892 2487 qua
908 2401 1029 2469 aduecti
1044 2401 1273 2480 ahdomofue·

827 2501 913 2555 rant:
930 2489 988 2558 ΡΜ.
1011 2530 1046 2540 -
1072 2497 1140 2556 Lov.
1159 2498 1198 2556 b:
1221 2516 1273 2571 qua

827 2587 916 2642 euecti
939 2585 973 2642 ab
999 2585 1080 2642 domo
1098 2585 1213 2642 luerunt.
1238 2614 1272 2624 -

826 2671 892 2730 PM:
910 2674 1020 2750 „primo
1039 2672 1142 2730 insulas
1157 2671 1273 2727 euaciam

826 2769 848 2812 tc
865 2758 1019 2837 phitecusas
1033 2761 1168 2841 egressi‘t
1197 2756 1273 2813 Idem

827 2847 859 2902 ia
880 2845 958 2903 deest
979 2849 1007 2903 in
1029 2845 1103 2906 Harl
1121 2866 1139 2904 1.
1163 2845 1241 2903 Leid.
1255 2864 1272 2902 1.

825 2920 906 2990 Voss.
915 2953 942 2990 rr.
953 2931 1096 3010 multisque
1107 2945 1175 2989 rece.
1189 2932 1272 2990 codd.

826 3051 861 3063 -
879 3020 952 3080 Harl
965 3039 982 3081 1.
994 3007 1069 3079 beid
1079 3039 1111 3078 az
1122 3022 1270 3097 pitecusas.

756 3148 799 3210 11.
824 3149 899 3208 haee
915 3136 1021 3211 ciuitas
1038 3142 1103 3208 aura
1121 3151 1187 3216 suis
1199 3153 1270 3207 uiri·

825 3238 881 3296 bus
910 3249 973 3296 tum
998 3240 1176 3300 Samnitium
1204 3239 1269 3313 infi-

823 3325 882 3382 dae
892 3327 1041 3384 aduersus
1053 3329 1210 3384 Romanos
1222 3347 1268 3382 so·

822 3413 929 3497 cietatix
943 3400 1060 3485 fretae'
1076 3413 1128 3471 ΡΜ
1153 3413 1227 3472 Harl.
1250 3434 1268 3473 1.

821 3496 899 3560 Leid.
910 3504 945 3574 1.]
955 3502 1021 3558 haec
1031 3503 1128 3559 civitas
1140 3532 1175 3546 -
1185 3492 1267 3557 infida

821 3587 950 3646 adversus
975 3589 1114 3647 Romanos
1140 3590 1268 3646 societate

821 3673 889 3731 heta
912 3676 995 3746 (Lar.
1019 3681 1044 3735 l.
1072 3676 1172 3754 aliique
1199 3696 1267 3733 rece.

822 3761 926 3830 codd).
957 3764 1002 3824 Cl.
1021 3767 1047 3832 6,
1068 3767 1124 3824 13.2
1142 3762 1209 3820 nulli
1227 3764 1266 3819 rei

818 3857 1005 3927 praeterquam
1017 3871 1130 3907 numero
1143 3851 1219 3909 lecta.
1231 3883 1265 3893 -

817 3933 846 3992 Μ
862 3955 898 3995 m.
915 3940 955 3997 l.:
972 3938 1062 4010 infode
1075 3937 1206 3995 aduersus
1223 3958 1267 3994 ro·

816 4039 911 4081 manos
941 4027 1067 4082 satietati.
1104 4025 1134 4082 Μ
1161 4047 1197 4085 m.
1224 4028 1264 4083 3.:

816 4119 873 4170 tum
890 4114 947 4172 ants
966 4113 1070 4172 uiribu‘s
1087 4122 1146 4171 tum
1164 4123 1216 4173 eet.
