2618 4590
530 272 637 331 LIBER
652 272 702 335 IX.

1101 256 1169 329 so
1260 206 1262 213 .

66 446 178 525 gentes
201 435 368 526 signiferos
396 445 445 518 et,
474 458 514 502 ne
543 459 634 502 irrora
656 435 688 501 in
716 459 873 503 concursu
895 437 966 528 pilis
988 438 1168 507 emittendis

66 541 322 631 stringendisque
343 540 417 606 inde
440 538 550 629 gladiis
572 550 665 623 esset,
683 539 751 629 pila
772 540 862 607 velut
885 541 958 608 dato
974 543 1014 607 ad
1029 543 1062 608 id
1076 543 1166 633 signo

65 645 207 713 abiciunt
228 645 407 736 strictisque
428 644 541 734 gladiis
564 667 658 711 cursu
685 644 717 708 in
744 643 873 712 hostem
900 645 1052 714 feruntur.
1090 646 1167 714 nibil

63 751 131 817 illic
152 750 373 840 imperatoriae
395 749 469 816 artis
492 748 655 816 ordinibus
677 761 733 816 out
757 748 906 816 subsidiis
934 749 1076 818 locandis
1091 752 1166 835 ‘tota

64 856 174 922 omnia
195 856 241 921 ira
263 854 404 921 militaris
433 877 536 944 propo
557 877 685 922 vesano
705 852 828 944 impetu
855 855 934 944 egit:
972 855 1079 946 itaque
1101 868 1202 924 nond

64 960 128 1026 fusi
155 961 254 1039 modo
279 959 391 1025 hostes
419 960 577 1026 suntsed
603 982 647 1031 ne
675 959 785 1025 castris
812 959 943 1048 quidem
970 961 1036 1027 suis
1056 962 1168 1052 lugam

62 1065 206 1154 inpedire
237 1065 308 1132 ausi
336 1063 486 1154 Apuliam
520 1064 669 1154 dissipati
688 1064 823 1155 petiere:
857 1063 1025 1131 Luoeriam
1058 1074 1167 1162 tamen

63 1181 179 1236 coacto
207 1192 315 1237 rursus
342 1169 376 1236 in
402 1192 503 1236 rmum
527 1170 655 1260 agmine
681 1181 734 1238 est
759 1179 959 1258 perventum.
1003 1169 1195 1238 Romanos·

63 1274 109 1339 ira
133 1275 261 1358 eadem,
290 1297 373 1371 quae
395 1298 453 1364 per
475 1275 615 1341 mediam
636 1275 738 1343 aciem
760 1273 901 1342 hostium
923 1272 1052 1359 tulerat,
1081 1286 1114 1342 et
1134 1275 1166 1340 in

63 1390 167 1447 castra
194 1378 337 1471 pertulit:
372 1377 416 1454 ibi
432 1379 511 1469 plus
540 1404 637 1470 quarn
663 1381 697 1447 in
726 1379 795 1446 acie
817 1376 977 1469 sanguinis
1001 1402 1038 1447 ac
1060 1373 1214 1446 caedisti)

60 1484 184 1551 factum
206 1484 409 1574 praedaeque
430 1507 505 1575 pars
527 1484 628 1551 maior
648 1485 694 1550 ira
705 1494 867 1572 corrupta.
904 1483 1073 1551 Exercitus
1086 1484 1169 1552 alter

83 1654 113 1741 ιζ’

78 2472 105 2530 3.

74 3082 105 3137 6.

134 1692 164 1739 et
180 1703 217 1738 ne
235 1702 321 1738 moro
333 1683 365 1738 in
376 1702 523 1740 concursu
537 1685 581 1760 pi·

134 1771 173 1826 Iis
204 1769 372 1827 ems'ttendis
408 1771 582 1849 strigondis-

132 1874 194 1932 ‘que
211 1856 265 1927 (Pa
282 1856 495 1934 etriugsdirquc)
511 1856 581 1913 inde

133 1945 248 2024 gladiis
258 1954 338 2003 esset
344 1945 409 2020 pilo
419 1947 501 2002 uelut
508 1945 580 2000 doto

134 2032 178 2088 ad
198 2033 232 2088 id
252 2034 340 2111 signo
358 2032 403 2103 (ll
425 2053 460 2091 m.
484 2036 522 2090 1.:
544 2033 581 2087 si·

132 2123 200 2194 gno)
242 2121 371 2177 abiciunt
410 2120 580 2195 strictisque

133 2207 249 2286 gladiis
277 2226 370 2263 cursu
400 2209 431 2262 irs
465 2206 580 2263 hostem

126 2292 579 2367 ferunturePlll.-Cod.lllocl.:

132 2382 216 2456 gladii
233 2402 264 2437 so
281 2383 369 2437 etiam
386 2380 450 2456 pila.

135 2468 212 2526 nihil
229 2470 290 2526 illio
307 2469 514 2544 imperatoriae
531 2487 578 2524 ar·

132 2558 172 2613 tis
190 2552 345 2613 ordinibus
363 2565 416 2612 out
433 2556 579 2612 subsidiis

133 2644 270 2700 locandis
286 2644 368 2715 suit:
391 2641 419 2698 M
442 2662 478 2699 m.
499 2643 526 2697 2.
547 2641 578 2700 P.

132 2757 166 2771 -
185 2729 213 2785 ll
230 2749 266 2784 or.
286 2733 323 2786 1.:
343 2727 484 2783 ordinibus
500 2727 579 2783 sidiis

132 2814 262 2872 locandis.
291 2847 324 2857 -
353 2813 414 2869 Plll:
432 2816 522 2870 omnia
539 2816 579 2869 ira

133 2902 257 2960 militaris
267 2921 352 2979 prope
364 2896 464 2958 deraso
476 2903 578 2979 impetu

131 2992 193 3066 egit.

132 3078 189 3137 sed
205 3098 242 3134 ne
260 3078 368 3132 sostris
381 3076 501 3154 quidem
512 3076 577 3134 suis

127 3165 242 3242 fugam
260 3163 393 3237 inpedire
408 3165 482 3220 ausi
496 3163 576 3237 Apu·

134 3253 208 3308 iiam
221 3251 362 3324 dissipati
369 3254 496 3324 petiere.-
515 3249 576 3306 PM:

131 3341 185 3394 nisi
204 3337 278 3414 quod
296 3339 324 3392 in
341 3336 369 3392 tl
389 3340 579 3414 scriptumest

132 3424 287 3502 „impedire
306 3426 362 3479 ausi
375 3424 531 3502 spolliam“.
543 3454 578 3465 —

131 3512 281 3587 Impedire
297 3510 411 3589 fugam
431 3532 488 3567 non
506 3511 579 3568 idem

132 3597 338 3656 videtur-dicere
351 3599 423 3673 quod
432 3599 578 3656 inhibere:

131 3686 215 3742 doces
233 3687 287 3760 ipsi
300 3685 465 3742 ⁴Samnitium
484 3686 577 3743 vidao-

133 3783 179 3829 tur
213 3783 287 3830 tauto
322 3793 425 3850 pavore
461 3772 578 3849 perculsi

133 3859 263 3936 luissent
278 3881 336 3916 oon
358 3859 488 3916 auderent
508 3859 578 3917 mili·

132 3955 174 4001 tes
192 3949 220 4001 io
243 3950 338 4003 castris
361 3950 477 4004 retinere
495 3968 578 4025 eaque

132 4034 166 4090 ab
184 4031 301 4090 hostium
320 4037 347 4090 vi
369 4034 521 4094 defendere.
551 4043 579 4091 et

131 4122 178 4197 qui
199 4119 336 4178 Samnites
364 4124 392 4178 in
420 4124 514 4178 castris
543 4121 577 4177 alr

722 1681 851 1737 Romanis
864 1681 936 1736 caesi
948 1690 1020 1748 suot,
1030 1679 1101 1738 nullo
1116 1681 1167 1739 alia

723 1788 803 1824 causa
818 1776 908 1822 castra
925 1768 1072 1843 petiverint
1087 1790 1168 1846 qoam

663 1900 664 1905 κ
722 1854 874 1933 quod;·luga
891 1858 921 1913 in
941 1853 1102 1926 oum-loonio
1118 1858 1167 1913 mi·

722 1962 773 1998 uus
791 1942 921 2018 impedita
940 1942 1084 2001 videretur.
1129 2014 1134 2022 .

668 2031 695 2088 8.
722 2049 863 2086 romanos
883 2031 932 2085 iro
958 2030 1063 2087 eadem
1086 2051 1167 2108 puae

719 2137 774 2192 per
791 2117 918 2172 mediam
931 2119 1024 2173 aciem
1037 2116 1168 2174 hostium

721 2204 832 2258 tulerat
848 2213 877 2258 st
895 2206 926 2258 in
941 2213 1043 2259 castro
1055 2207 1166 2280 proiit:

720 2289 778 2349 Plll.
803 2289 878 2346 ldom
893 2293 1021 2365 perculit
1037 2293 1168 2370 scriptum
1252 2360 1263 2374 ,
1295 2272 1299 2283 Ι

722 2386 763 2432 est
781 2379 809 2431 io
823 2375 899 2436 Iaeid.
914 2397 931 2437 r.
948 2377 1030 2434 -Pz
1049 2381 1088 2436 ibi
1105 2378 1166 2456 plus

721 2483 800 2539 quam
819 2466 847 2520 in
860 2467 917 2521 soie
928 2467 1066 2539 sanguinis
1080 2488 1111 2525 sc
1124 2487 1166 2524 sc·

720 2551 764 2608 dis
776 2552 884 2612 l'sclom.
902 2552 941 2608 il:
960 2554 998 2609 ibi
1011 2553 1072 2632 plos
1085 2575 1166 2631 quum

721 2640 750 2694 in
774 2641 846 2696 acies
870 2643 1008 2714 sanguinis
1026 2663 1057 2696 ao
1075 2642 1165 2698 caedis

721 2730 828 2783 factum.
840 2727 883 2783 cf.
891 2731 918 2793 ⁴2,
929 2731 972 2782 30.
981 2749 987 2781 ι
997 2747 1051 2782 uno
1061 2734 1166 2801 agmine

720 2813 837 2866 victores
856 2832 916 2866 curn
928 2814 1008 2868 victis
1025 2817 1054 2870 in
1072 2815 1166 2872 orbem

718 2898 855 2974 inrupere:
880 2900 1010 2975 plusque
1034 2901 1075 2956 ibi
1098 2922 1165 2967 san·

715 2987 817 3064 guinis
835 2989 968 3063 promisca
984 2989 1103 3044 omnium
1120 3007 1164 3063 ge·

719 3093 812 3130 nerum
840 3075 920 3131 caede
948 3088 1026 3153 quam
1050 3078 1079 3132 in
1105 3077 1164 3152 ipsa

719 3161 891 3219 dimicatione
902 3162 1031 3234 focium.

649 3250 692 3308 11.
717 3253 867 3306 exercitus
889 3253 967 3307 alter
988 3270 1053 3306 cum
1075 3248 1164 3325 Papi·

722 3338 766 3393 rio
777 3344 836 3394 cos.
849 3338 923 3392 locis
935 3340 1092 3393 maritimis
1097 3357 1163 3411 per·

720 3425 1164 3500 uenmotArpospsromniopo·

719 3520 787 3566 cota
806 3509 983 3568 Samnitium
1006 3514 1104 3590 magis
1122 3514 1164 3568 in*
1222 3586 1225 3591 ἡ

719 3600 804 3654 iuriis
823 3606 852 3653 et
876 3596 944 3653 odio
967 3618 1059 3673 quom
1074 3599 1164 3657 dene·

711 3685 786 3761 ficio
807 3685 868 3740 uilo
883 3689 946 3760 pii:
963 3674 1027 3742 Pit:
1051 3695 1163 3754 „noter-

719 3773 782 3827 dcss
807 3790 866 3825 war
893 3769 942 3826 das
968 3773 1067 3830 andere
1091 3781 1162 3831 utrm.

718 3859 790 3916 lleer
807 3857 875 3914 naolr
886 3859 953 3937 Arpi
971 3861 1075 3936 golaogt
1091 3861 1163 3916 olins
1285 3870 1293 3887 t

719 3946 767 4003 aul
782 3946 843 4003 dem
853 3944 938 4021 nge
956 3948 1038 4004 dalrio
1056 3968 1110 4006 vou
1127 3949 1163 4003 ir·

719 4033 790 4108 gend
797 4053 868 4089 wsm
879 4034 1041 4111 beonruhigt
1052 4032 1085 4092 m
1093 4054 1163 4091 wer·

691 4139 694 4145 ·
719 4122 781 4190 deo,
799 4121 874 4211 niclit
885 4131 955 4179 elwa
967 4122 1031 4181 weil
1042 4120 1102 4181 siclt
1114 4122 1163 4184 dss
