2618 4590
143 266 228 342 '258
619 264 803 348 tuaavu.

162 472 242 542 pora
265 451 357 518 miles
381 448 505 517 offensu
531 458 625 517 scuta
652 449 798 540 praebuit
823 448 979 531 sortitum,
1011 471 1077 538 quo
1106 445 1261 514 excitatus

163 555 238 646 vigil
271 565 345 623 eum
371 552 554 645 proximum
581 556 737 624 movisset
764 553 926 645 erectique
958 553 1039 620 alins
1065 551 1260 621 concitarent

161 661 258 751 ignari
279 701 324 712 -
345 659 431 730 cives
454 682 494 726 an
516 659 628 728 hostes
649 647 772 744 essent,
801 659 994 751 praesidium
1016 669 1202 749 erumperet
1223 679 1259 723 an

162 766 274 833 cunsul
297 777 399 833 eastra
422 765 559 856 cepisset
580 804 640 850 —,
670 765 806 848 Decius,
841 765 994 856 quoniam
1018 789 1085 832 nnn
1107 762 1259 844 fallerent
1300 858 1303 871 1

131 870 334 939 5elam0rem
356 871 469 939 tallere
491 869 585 938 iussis
606 871 758 938 militibus
775 870 916 961 torpidos
932 894 1046 938 sonmo
1063 871 1195 960 insuper
1209 892 1258 959 pn·
1299 906 1302 917 ·

136 1001 236 1063 ¹vore
259 977 428 1060 exanimat,
451 1000 517 1066 quo
539 976 716 1069 praepediti
736 999 797 1043 nee
819 1000 906 1042 anna
928 976 1049 1067 inpigre
1065 999 1182 1065 capere
1202 996 1259 1041 nee

159 1081 313 1150 obsistere
335 1072 396 1149 nee
422 1080 545 1172 insequi
573 1093 730 1173 poterant.
768 1081 849 1148 inter
875 1081 1120 1172 trepidationem
1147 1078 1258 1148 tumul·

158 1196 293 1279 tumque
315 1188 508 1255 Samnitium
529 1188 721 1279 praesidium
742 1187 924 1254 Romanum
947 1186 1048 1255 obviis
1076 1186 1259 1255 custodibus

158 1293 260 1360 eaesis
288 1294 329 1360 ad
356 1303 460 1360 eastra
487 1293 627 1361 consulis
660 1291 813 1384 pervadit.
855 1293 1063 1383 Aliquantum
1097 1300 1260 1382 supererat
1301 1296 1303 1357 ἰ

112 1390 148 1453 10¹
156 1397 260 1464 noctis
281 1398 411 1489 iamque
433 1397 467 1464 in
488 1409 559 1467 tuto
581 1398 770 1466 videbantur
792 1421 872 1482 esse,
895 1422 970 1465 euru
986 1397 1108 1465 Decius
1130 1406 1257 1481 „nnete
1301 1390 1303 1443 Ψ

157 1500 298 1571 virtute“
320 1504 423 1595 iuquit
444 1504 585 1588 „milites
606 1502 743 1571 Romani
764 1516 848 1571 este:
876 1514 1019 1571 vestrum
1040 1504 1101 1571 iter
1123 1527 1163 1572 ae
1183 1500 1259 1569 redi

154 1614 226 1671 tum
247 1608 354 1700 omnia
376 1611 504 1678 saecula
526 1608 674 1676 laudibus
696 1598 808 1676 ferent.
847 1610 905 1676 sed
934 1609 975 1675 ad
1001 1607 1261 1698 conspiciendam

155 1718 276 1779 tantam
300 1715 452 1782 virtutem
473 1715 547 1783 luce
568 1739 607 1782 ac
629 1714 680 1781 die
703 1737 785 1806 opus
808 1726 872 1799 est,
906 1738 967 1781 nec
989 1738 1049 1781 vos
1077 1713 1164 1804 digni
1186 1709 1260 1779 estis

156 1836 239 1904 quus
262 1840 338 1884 eum
358 1829 452 1887 tanta·
469 1820 568 1910 gloria
597 1820 630 1885 in
658 1831 760 1887 eastra
788 1821 923 1888 reduces
945 1819 1107 1887 silentium
1135 1842 1175 1886 ac
1195 1839 1262 1886 uox

109 1918 143 1976 15
154 1928 256 2009 tegata
278 1920 331 1989 hic
353 1923 460 1995 lucem
482 1924 582 2017 quieti
604 1925 843 2017 opperiemur“.
879 1924 969 1993 dictis
994 1925 1262 2016 obtemperatum

223 2138 315 2199 tensus
331 2131 437 2214 [bento.
456 2177 491 2189 -
514 2145 555 2206 ll:
573 2146 673 2204 monia

222 2238 292 2288 sent.
312 2263 346 2271 -
363 2231 427 2290 Pll:
447 2237 503 2291 eds.

172 2309 200 2368 ⁴.
225 2310 338 2368 Decius
363 2325 412 2390 qni
436 2339 496 2374 nun
507 2318 673 2391 fallerent:

223 2395 283 2456 ΡΜ.
311 2432 345 2442 -
376 2399 446 2460 cod.
465 2402 535 2478 Sig.:
563 2406 671 2483 quando

115 2488 120 2498 ‘
225 2504 280 2541 uon
303 2485 433 2548 fallerent.
462 2490 531 2548 [ιον.
554 2494 593 2552 tt:
617 2495 672 2550 lle·

113 2638 117 2645 Ι
225 2573 284 2628 cius
297 2572 445 2633 clamorem
464 2585 510 2655 qrb
526 2601 581 2638 non
598 2578 672 2639 falle·

223 2669 284 2716 rent
301 2662 403 2743 tpllere.

163 2744 196 2815 b.
222 2749 358 2824 torpidoe
370 2770 475 2810 somno
488 2754 609 2832 iusuper
618 2778 671 2832 pa·

169 2894 172 2899 Ι
223 2850 296 2888 uere
314 2841 485 2898 exanimat.-
500 2839 524 2898 Ρ
542 2864 579 2904 nr.
595 2847 622 2903 2.
635 2843 670 2904 Μ.

158 2932 161 2939 ’
224 2947 259 2959 --
277 2916 300 2972 P
317 2939 353 2978 m.
373 2929 410 2980 1.;
429 2933 574 2991 examinat,

168 3003 196 3061 7.
224 3004 301 3060 inter
317 3010 543 3082 trepidationem
564 3020 671 3075 tumul·

222 3098 360 3165 tumque:
377 3092 404 3148 Μ
425 3114 461 3154 m.
483 3101 509 3156 ff.
527 3098 557 3159 P.
581 3132 615 3142 -
642 3103 670 3159 Μ

223 3195 259 3235 m.
275 3179 314 3234 1.:
330 3181 556 3258 prepidationem.
570 3218 603 3228 —
616 3187 669 3245 Lo·

222 3262 273 3321 ret.
293 3266 333 3323 a:
357 3268 428 3324 inter
450 3272 594 3332 tumultum
616 3285 669 3331 tre-

221 3351 450 3434 pidationemque.
468 3366 516 3404 '-
545 3360 607 3418 Plll:
635 3363 670 3419 ad

223 3446 310 3493 eastra
329 3449 400 3502 coss.
417 3445 550 3520 peruadit.

153 3521 197 3579 10.
224 3534 319 3582 macte
331 3531 440 3587 uirtute
452 3535 549 3610 inquit
561 3537 669 3595 milites

224 3618 341 3669 romani
365 3617 420 3686 (Με
444 3626 485 3690 i.)
513 3616 600 3680 ester*
618 3623 669 3681 PM

222 3693 301 3756 Leid.
314 3719 332 3758 r.
351 3704 410 3763 eud.
429 3705 524 3768 Kloct.
544 3710 596 3783 al]
614 3732 668 3768 ma-

180 3860 183 3867 ,
224 3787 260 3841 eti
278 3786 378 3845 virtute
397 3802 448 3853 cet.
477 3796 513 3852 Et
530 3808 624 3855 macte
642 3809 670 3855 et

222 3877 313 3931 macti
332 3887 405 3934 reete
426 3880 456 3937 se
483 3883 577 3952 babet,
607 3907 669 3942 curn

221 3969 291 4018 teste
308 3962 448 4023 Priscianu
470 3973 516 4040 (5,
541 3974 583 4027 12.
607 3976 668 4043 66.)

815 2155 889 2203 etum
899 2147 945 2206 sit.
962 2147 1043 2204 nabis
1054 2144 1236 2204 videbaturb.
1245 2142 1264 2202 l.

815 2235 972 2293 adverbium
995 2237 1160 2312 upu'murum
1183 2231 1265 2291 eati.

813 2325 973 2379 auctoritate
985 2321 1182 2379 restituendum
1195 2339 1264 2383 esse.

813 2440 850 2453 -
877 2408 906 2467 Μ
934 2429 970 2467 m.
1004 2413 1042 2463 l.=
1076 2427 1138 2464 eum
1166 2407 1265 2465 dicius.

814 2516 851 2556 m.
869 2497 909 2556 4.:
929 2496 1029 2553 deeius.
1047 2525 1083 2539 -
1100 2493 1132 2552 ln
1151 2494 1232 2554 ljeid.
1247 2506 1266 2555 ¹.'

814 2583 849 2643 al.
878 2584 1067 2661 praetermissa
1091 2592 1157 2640 sunt
1182 2583 1267 2642 rerba

813 2673 926 2748 „inquit
943 2669 1042 2728 milltes
1059 2672 1199 2732 ramani“.
1230 2701 1266 2716 -

814 2758 889 2819 llarl.
899 2778 931 2818 a:
944 2757 1044 2814 milites
1057 2764 1129 2814 reete
1140 2768 1267 2817 uestrum

814 2849 873 2907 iter.
901 2841 1122 2904 Leid.1.:reete
1140 2857 1265 2903 uestrum

813 2935 874 2993 lter.
886 2965 921 2976 -
933 2932 1059 3007 Plerique
1075 2946 1146 2989 rece.
1166 2931 1264 2989 codd:

811 3017 911 3076 milites
932 3020 1036 3074 romtni
1060 3038 1124 3074 eece
1140 3015 1268 3077 uestrum

812 3109 872 3166 iter.
900 3138 934 3148 -
965 3103 1001 3162 P:
1020 3118 1140 3163 uestrum
1160 3108 1215 3164 iter
1233 3127 1267 3163 ae

811 3194 927 3251 reditum
948 3195 1037 3250 urnula
1055 3197 1111 3250 sela
1131 3191 1267 3252 laudibus

812 3281 907 3341 lerant.
943 3282 984 3337 ll:
1006 3290 1126 3338 uestrum
1150 3284 1205 3339 iter
1234 3304 1267 3338 aa

812 3369 928 3425 reditum
947 3371 1036 3424 omnia
1059 3372 1114 3425 sela
1132 3367 1266 3426 laudibus

810 3455 901 3511 refert.
921 3453 1012 3510 burel.
1022 3454 1047 3512 4.
1059 3450 1176 3532 Neapol.
1188 3454 1266 3516 Lat:

811 3539 931 3598 ederent.

741 3626 784 3686 15.
812 3625 861 3682 tic
887 3629 981 3684 lucem
1009 3630 1103 3703 quieti
1128 3632 1267 3706 opperie-

810 3735 893 3772 mur:
928 3714 955 3770 Μ
988 3714 1082 3773 Lovel.
1114 3717 1140 3775 4.
1175 3717 1267 3796 Neap.

810 3801 887 3875 Lat]
907 3803 950 3859 hic
968 3802 1056 3859 lucem
1072 3806 1159 3881 quieti
1179 3826 1267 3884 oppe-

810 3894 918 3950 riamur.
932 3921 964 3934 ·-
978 3891 1013 3947 P:
1033 3895 1197 3968 operiamur.
1217 3893 1264 3951 Cf.

760 4047 761 4050 Ἴ
809 3982 837 4044 5,
848 3980 907 4038 5'5.:
920 3978 1030 4055 signifer
1042 3990 1131 4037 statue
1143 3983 1265 4049 siguum,

223 4040 257 4099 al.
276 4050 303 4097 et
320 4063 433 4107 macrus
445 4056 480 4112 ab
492 4056 609 4130 antiquis
627 4054 667 4110 di·
689 4064 730 4149 0
809 4063 855 4119 hie
872 4070 1037 4123 manebimus
1056 4063 1170 4136 optim&

233 4326 238 4361 t
