2618 4590
167 254 252 325 ota
279 222 283 231 ’
650 268 759 329 arasa
778 269 821 333 vr.

199 443 289 500 atem
308 443 342 500 et
368 441 485 523 patres,
507 431 601 500 enixo
623 455 755 524 operam
777 432 902 502 dedisse
918 445 955 501 ut
970 457 1029 525 per
1042 456 1102 503 nos
1118 446 1211 503 aucta
1227 459 1281 526 po

186 538 250 605 tius
272 560 369 628 quam
389 536 544 606 inminuta
559 538 709 606 maiestas
731 562 841 606 earum
855 538 1006 630 gentium,
1027 538 1109 607 inter
1129 564 1210 631 quas
1224 564 1282 607 nos

177 658 258 725 'esse
272 641 433 726 'voluistis
456 642 518 710 dici
538 656 765 734 vere'posset:
787 643 867 710 illud
889 644 1025 712 alterum
1037 667 1098 735 pro
1112 669 1166 713 me
1188 645 1282 712 maio

185 748 336 839 ribusque
357 748 437 815 meis
460 748 652 817 contendere
675 747 777 815 ausim
791 748 940 836 Quirites,
961 749 1022 816 nisi
1037 773 1120 841 qnae
1143 773 1203 840 pro
1218 749 1281 816 uni·

157 862 278 922 eversa
299 877 335 921 re
356 852 485 943 publiea
506 852 584 920 liant
605 876 644 919 ea
665 852 753 942 plebi
773 865 938 945 tamquam
955 853 1050 920 aliam
1070 851 1221 922 incolenti
1235 878 1282 920 ur·

185 957 261 1025 bem
284 959 416 1025 adversa
439 957 510 1049 quis
533 966 633 1048 putet,
654 956 733 1024 nihil
753 982 813 1026 nos
834 981 941 1048 neque
962 957 1103 1049 privatos
1125 958 1281 1050 ueqrrein

183 1062 418 1154 magistratibus
440 1062 527 1152 quod
539 1061 780 1130 incommodum
794 1062 882 1154 plebi
904 1073 990 1131 esset
1003 1063 1140 1131 scientes
1161 1063 1282 1143 fecisse,

184 1174 247 1235 ne'e
269 1168 373 1235 ullum
401 1167 522 1235 iactum
549 1166 710 1234 dictumve
739 1178 885 1235 nostrum
911 1179 1023 1236 contra
1044 1166 1212 1235 utilitatem
1233 1190 1282 1235 ve·

184 1283 292 1356 stram,
314 1272 374 1340 etsi
395 1272 553 1363 quaedam
575 1283 686 1340 contra
706 1269 905 1342 volrmtatem
927 1272 1053 1356 luerint,
1079 1295 1155 1341 vere
1175 1269 1283 1340 referri

139 1388 175 1445 10
185 1400 293 1468 posse.
330 1401 372 1444 an
393 1376 472 1461 boc,
494 1377 522 1445 si
543 1377 695 1446 Claudiae
718 1376 856 1444 familiae
876 1401 944 1446 non
964 1376 1026 1446 sim
1047 1400 1108 1444 nee
1130 1401 1172 1445 ex
1192 1376 1283 1470 patri·

183 1481 234 1549 cio
255 1481 407 1573 sangnine
430 1493 518 1551 ortus
540 1483 599 1551 s‘ed
619 1504 704 1551 unus
727 1482 898 1570 Quiritium
927 1482 1077 1573 quilibet,
1110 1481 1166 1572 qui
1185 1481 1283 1549 modo

181 1610 235 1656 me
256 1587 383 1656 duobus
397 1588 541 1679 ingenuis
564 1598 672 1656 ortum
694 1599 728 1657 et
739 1588 848 1657 vivere
868 1588 903 1654 in
916 1587 1016 1654 libera
1037 1584 1163 1654 cidare
1176 1586 1283 1669 sciam,

180 1691 313 1761 reticere
334 1693 465 1782 possim,
487 1693 525 1762 L.
546 1693 637 1761 illum
652 1692 799 1761 Sextium
822 1703 856 1761 et
871 1691 909 1761 C.
924 1690 1089 1774 licinium,
1110 1702 1283 1782 perpetuos

111 1842 115 1853 .
182 1796 291 1865 sidiis
311 1798 418 1889 placet
439 1799 593 1882 tribunos,
614 1810 739 1866 tantum
759 1797 905 1865 licentiae
919 1819 1039 1864 novem
1055 1795 1144 1862 annis
1167 1795 1283 1886 quibus

136 1910 170 1969 15
182 1914 314 1993 regnant
327 1903 519 1994 sumpsisse,
540 1915 578 1971 ut
598 1904 691 1973 vobis
713 1914 831 1993 negent
851 1912 1046 1992 potestatem
1066 1900 1200 1982 liberam
1221 1899 1294 1967 suf?

179 2006 270 2098 fragii
291 2031 359 2074 non
379 2008 413 2075 in
434 2007 570 2076 comitiis
591 2032 659 2077 non
679 2008 712 2075 in
734 2007 856 2098 legibus
884 2006 1030 2074 iubendis
1052 2029 1088 2073 se
1114 2005 1283 2097 permissu·

109 2133 113 2144 ·
178 2135 234 2179 ros
256 2113 347 2180 esse?
368 2149 414 2162 -
435 2113 496 2181 sub
519 2113 707 2181 condicione
733 2111 836 2203 inquit
861 2134 922 2178 nos
949 2109 1095 2178 reficietis
1124 2110 1282 2178 decimum

130 2292 133 2299 '
249 2296 349 2362 patres.
380 2285 424 2346 cf.
441 2289 468 2358 6,
486 2289 544 2347 aa:
562 2288 593 2344 in
611 2287 696 2345 oculis

250 2381 331 2449 atque
349 2375 467 2433 auribus.
485 2373 519 2434 al.
532 2374 610 2432 -In
628 2375 697 2432 mul·

250 2461 287 2514 tis
310 2479 380 2519 rece.
406 2460 486 2520 codd.
508 2479 564 2518 non
586 2463 699 2523 adsciti

249 2544 300 2601 sed
316 2549 405 2605 acciti
417 2549 547 2626 scriptum
565 2558 619 2606 est:
646 2550 696 2607 sed

250 2633 386 2694 Drakenb.
407 2645 480 2692 recte
506 2635 601 2705 docet,
628 2640 695 2695 aoei-

249 2730 306 2778 tum
328 2721 443 2780 Romam
470 2724 554 2780 luisse
580 2723 696 2784 Numam

186 2820 191 2831 ‘
247 2805 424 2888 Pompilium,
450 2814 499 2889 qni
524 2832 559 2870 ex
585 2811 695 2870 Sabinis

246 2906 277 2952 nt
293 2917 341 2954 rex
358 2897 435 2955 lieret
447 2902 591 2957 arcessitus
609 2911 694 2957 esseta

247 2981 393 3053 Claudios,
412 2989 459 3063 qui
477 3008 492 3043 a
509 2989 694 3045 turbatoribus

246 3069 312 3125 belli
338 3075 425 3146 pressi
449 3091 483 3128 ex
504 3073 613 3130 Sabinis
636 3074 708 3135 tto.

248 3175 319 3213 mam
338 3159 533 3234 confugissent,
552 3161 580 3215 in
599 3162 692 3217 eivita-

247 3250 301 3299 tem
327 3253 354 3299 et
376 3246 404 3300 in
428 3255 533 3324 patrum
552 3267 691 3306 numerum

245 3341 371 3407 acceptos
389 3353 449 3390 esse
466 3343 494 3390 et
511 3333 637 3392 adscitos.
656 3335 691 3397 cf.

243 3418 272 3473 id
286 3412 372 3495 ¹quod
397 3422 427 3491 l,
444 3425 471 3481 3.
490 3420 637 3479 Canuleius
656 3424 691 3480 do

244 3507 366 3580 utrisque
383 3507 511 3586 loquitur.
522 3542 556 3553 —
568 3509 590 3566 P
602 3531 636 3570 m.
649 3514 689 3571 1.z

244 3601 320 3645 aneta
341 3596 425 3670 pitius
453 3618 532 3673 quam
558 3600 688 3655 inminuta

243 3687 386 3753 magestas.
398 3702 434 3738 m.
445 3686 483 3742 2:
492 3687 584 3763 potius
594 3706 689 3742 -ma·

243 3761 334 3824 iestas.

192 3839 219 3900 4.
247 3866 322 3916 quae
354 3871 409 3925 pro
447 3858 587 3914 uniuersa
626 3866 687 3931 rep.

238 3928 338 4005 fiant:
354 3936 390 3989 ld.
406 3968 442 3995 -,-
459 3939 481 3994 Ρ
499 3940 575 4000 Leid.
587 3963 617 4001 n:
636 3963 687 4019 pro

243 4018 371 4074 uniuersa
394 4019 462 4098 reip.
485 4051 519 4062 ··-
545 4026 568 4079 P
589 4047 625 4085 rn.
647 4032 685 4091 1.:

243 4103 274 4161 ln
290 4106 504 4182 magestratibus.
553 4108 559 4122 ⁸

784 2288 812 2347 9.
838 2285 1054 2361 etriquaedom
1065 2294 1168 2349 comm
1177 2279 1279 2336 uelum

839 2382 931 2431 tutem
949 2373 1082 2446 fuerint:
1105 2363 1128 2423 P
1148 2386 1184 2424 m.
1201 2367 1228 2425 2.
1246 2365 1282 2428 ll.

836 2491 872 2503 -
889 2459 913 2514 Ρ
930 2478 966 2516 ιιι.
979 2457 1025 2514 -1.=
1043 2455 1144 2514 fierint.
1161 2485 1195 2497 -
1216 2453 1280 2511 Pil:

837 2565 901 2605 uere
919 2543 1013 2602 relerri
1030 2560 1120 2619 posse.

767 2680 811 2740 11.
837 2700 915 2736 unus
930 2676 1087 2754 Quiritium
1099 2673 1234 2752 quilibet:
1251 2672 1283 2734 P.

835 2797 871 2810 -
888 2765 917 2824 bl
934 2760 1008 2822 Harl.
1027 2782 1044 2822 r.
1062 2760 1108 2822 al:
1132 2761 1281 2838 quiritum.

836 2851 880 2914 Cl'.
898 2857 932 2922 3,
950 2854 1012 2910 ib:
1034 2851 1058 2906 si
1076 2868 1108 2907 eo
1125 2849 1234 2906 veniant
1250 2849 1281 2903 in

835 2942 886 2998 alia
917 2942 995 2997 turba
1023 2937 1167 3013 Quiritium
1195 2931 1280 3019 (Pal)

804 3094 807 3101 ,
835 3028 974 3087 subiectos
992 3026 1120 3109 loiseel.

763 3160 808 3221 15.
836 3169 868 3218 ut
887 3160 971 3217 uobis
983 3162 1091 3237 negent
1104 3158 1280 3231 poenatem

832 3249 958 3307 liberam
967 3242 1111 3321 suffragii
1120 3259 1180 3297 soors
1192 3239 1223 3295 in
1232 3258 1279 3294 co·

833 3336 923 3392 mitiis
936 3353 997 3390 nors
1009 3333 1039 3388 r'n
1051 3328 1167 3408 legibus
1179 3326 1278 3385 iuben·

833 3423 883 3480 dia
910 3442 944 3480 ae
967 3419 1168 3496 permissuros
1194 3432 1295 3487 esse...

830 3500 1277 3568 Pm.s.1t1.-Pm.1.=iu-

829 3595 927 3653 bandis
944 3613 1022 3672 semp
1036 3595 1041 3660 Ι
1057 3593 1186 3649 missuros
1209 3605 1275 3645 esse.

828 3715 864 3727 -
881 3684 953 3742 Non
965 3713 1000 3726 -
1012 3700 1073 3738 non
1089 3677 1186 3736 lortius
1199 3681 1238 3730 est
1248 3672 1275 3733 b.

828 3769 847 3830 l.
857 3791 936 3848 quam
945 3791 998 3827 nec
1010 3800 1044 3811 -
1056 3787 1117 3824 nec.
1136 3763 1168 3822 el.
1180 3761 1207 3830 9,
1217 3762 1274 3820 l5.:

801 3928 806 3937 ι
830 3858 927 3926 „nulle
945 3857 1046 3914 inultos
1069 3853 1174 3917 hostes,
1202 3847 1273 3904 nollo

828 3965 983 4003 successum
1004 3957 1058 3995 non
1076 3936 1199 4014 patribus
1217 3954 1272 3991 non

827 4027 1014 4087 consulibus“.
1036 4024 1070 4085 sl.
1097 4021 1141 4087 Cf.
1159 4025 1193 4093 6,
1215 4025 1272 4082 aaa

826 4135 930 4191 negare.
1174 4121 1183 4131 “
