2618 4590
544 238 713 299 nsnsu
750 226 753 232 ’
804 208 813 227 ’“
1131 230 1175 299 39

75 427 140 495 qne
162 396 353 473 coniectanti
374 423 446 468 esse
467 410 584 490 potest,
604 410 715 489 auctor
735 398 816 468 sim?
836 400 937 470 simile
959 403 1026 473 v'eri
1047 414 1097 475 est
1117 415 1174 474 sut

72 509 246 578 intervallis
274 507 435 574 bellorum
461 544 506 561 -
530 503 615 572 siem
639 528 724 572 nune
751 505 784 572 in
810 505 973 576 dilectibus
998 508 1036 579 fit
1055 508 1171 579 Roma·

71 614 121 680 nis
142 653 188 669 -
211 614 272 679 alia
295 624 390 703 atque
411 610 472 676 alia
493 608 607 677 subole
628 609 788 677 iuniorum
809 609 850 676 ad
870 610 953 679 bella
967 613 1174 685 instauranda·

70 719 190 786 totiens
212 741 289 785 usos
312 740 391 800 esse,
413 726 555 782 autnon
577 738 617 782 ex
639 715 742 782 isdem
756 738 884 807 semper
904 717 1030 807 populis
1052 719 1170 789 exerei-

70 834 125 888 tus
147 823 281 913 scriptos
303 843 498 911 quamquam
525 820 638 887 eadem
664 843 793 911 semper
818 844 897 912 gens
918 820 1041 889 bellum
1060 823 1199 895 insulso
1246 872 1249 877 -

70 925 127 1009 rit,
155 923 491 992 sntinnumersbilem
518 923 753 997 multitudinem
779 925 954 993 liberorum
975 925 1115 1016 capitum
1136 927 1169 998 in

66 1029 115 1094 eis
137 1030 234 1096 firisse
256 1030 344 1113 locis,
366 1052 449 1119 quae
471 1054 556 1103 nunc
570 1030 625 1097 vix
641 1030 810 1099 seminario
826 1032 941 1122 exiguis
964 1031 1103 1103 militum
1122 1051 1169 1101 re

64 1131 142 1200 licto
164 1135 291 1202 servitia
311 1134 457 1203 Romane
479 1135 520 1200 ab
542 1134 711 1204 solitudine
728 1135 901 1205 vindicans
936 1136 1049 1227 ingens
1072 1147 1171 1218 certe,

64 1238 153 1326 quod
174 1239 257 1307 inter
279 1263 391 1307 omnes
413 1252 560 1309 suctores
575 1241 969 1332 conveniat‘qusrnqusm
990 1262 1093 1330 nuper
1108 1238 1168 1305 Ce-

63 1342 143 1408 milli
165 1346 265 1412 duotu
287 1356 384 1434 atque
405 1346 546 1435 suspicio
562 1345 684 1414 scenae
704 1371 755 1415 res
773 1358 871 1430 erant,
893 1345 1089 1416 Vulscorum
1110 1368 1163 1411 ex·
1177 1356 1215 1411 tt)

62 1447 178 1514 ercitus
205 1448 274 1521 fuit.
312 1450 354 1515 ad
381 1449 446 1530 hoe
466 1449 569 1517 Latini
585 1448 781 1543 ¹Hernicique
807 1458 1017 1519 accesserant'
1033 1461 1068 1516 et
1092 1447 1167 1517 (ler-

61 1552 236 1620 ceiensium
258 1554 389 1644 quidmn
410 1566 443 1622 et
464 1554 571 1623 coloni
593 1556 730 1625 etiams
753 1557 881 1624 Velitris
901 1554 1048 1623 Romani.
1071 1553 1166 1623 dieu-
1267 1602 1271 1609 ·

58 1666 112 1722 tor
139 1658 249 1726 castn‘s
277 1683 317 1726 eo
340 1660 390 1727 die
405 1654 529 1750 'positis
557 1673 687 1750 postero
715 1687 792 1730 eum
822 1659 985 1749 auspicato
1007 1657 1167 1757 prodisset

57 1759 230 1851 hostisque
254 1786 347 1833 caesa
373 1786 496 1857 pacem·
521 1764 625 1839 deum.
645 1769 822 1851 adorasset,
854 1764 957 1835 laetus
988 1763 1028 1828 ad
1050 1762 1166 1831 milites

65 1900 105 1954 ’9.
133 1899 164 1952 ἰη
191 1898 347 1957 dilectibus
365 1901 409 1976 fit
431 1904 577 1959 romanis:
664 1911 691 1968 9.
719 1908 803 1985 qnod
819 1908 1009 1966 momnis
1026 1908 1165 1959 annom
1259 1958 1267 1973 ,,

132 1983 190 2044 Plll.
217 2015 253 2026 -
282 1983 343 2044 Plll:
370 1989 478 2045 totiens
506 2009 579 2049 usos
719 1994 891 2050 conueniat.-
909 1990 940 2048 P.
955 2020 990 2030 —
1007 1986 1049 2045 M:
1066 2006 1165 2045 conue-

132 2091 210 2129 Μ.
719 2081 804 2138 nient.
822 2079 844 2136 l.
855 2077 902 2134 Fr.
915 2074 1021 2132 Grona-
1033 2074 1165 2130 convenit.

74 2159 102 2217 4.
131 2179 173 2215 ece
190 2159 286 2215 isdem
304 2178 420 2236 semper
438 2163 579 2239 populis:
717 2165 764 2225 Cf.
782 2167 808 2233 4,
821 2164 879 2226 35.:
896 2160 971 2240 qnod
983 2159 1091 2236 quidem
1103 2179 1165 2215 con·

129 2243 169 2317 ld]
189 2265 222 2301 ex
240 2246 336 2304 iisdem
356 2258 407 2308 eet.
430 2279 466 2292 -
489 2248 524 2304 P:
543 2269 578 2308 ex
718 2256 807 2309 tineus
825 2252 955 2308 memorio
967 2251 1010 2304 sit
1024 2280 1058 2291 —
1071 2246 1108 2305 P:
1127 2256 1164 2303 at-

132 2332 249 2392 hiedem.
267 2366 302 2376 -
324 2334 347 2391 P
364 2355 400 2396 m.
424 2339 461 2397 1.:
485 2356 576 2415 quarn
717 2338 931 2417 quelisuspioio.
945 2367 979 2386 -τ
991 2335 1035 2399 tte
1050 2333 1163 2394 Vulson-

130 2439 209 2496 quam
229 2420 322 2478 endem
339 2442 417 2502 semp
425 2434 502 2502 gest.
520 2422 575 2480 bel-
690 2456 693 2461 ·
716 2440 776 2484 rum
793 2429 934 2484 exereitus.
1267 2476 1271 2485 .

126 2505 183 2565 lum
210 2509 339 2568 intulerit.
377 2531 412 2570 m.
436 2515 476 2570 2:
501 2530 576 2585 gens.
647 2516 690 2576 11.
718 2516 762 2572 ad
783 2515 854 2571 hoc:
874 2512 904 2572 P.
929 2543 964 2553 -
992 2509 1031 2566 ll:
1053 2517 1082 2571 st
1101 2508 1163 2566 hoe.

127 2623 162 2635 -
180 2593 221 2651 M:
246 2597 275 2652 in
295 2598 335 2656 eis
358 2597 442 2656 luisse
463 2598 573 2678 longis}
715 2602 797 2659 Reee.
816 2601 910 2663 codd:
929 2597 964 2653 sd
981 2597 1056 2653 lues.
1079 2594 1100 2654 I.
1118 2595 1163 2654 fr.

127 2700 197 2756 quse
217 2693 268 2743 oet.
483 2703 486 2710 ·
715 2682 814 2745 Gr'ons
840 2688 884 2743 ad
911 2686 976 2743 izos.
1005 2702 1099 2740 vesum
1121 2683 1165 2738 od

71 2772 101 2828 7.
129 2788 206 2844 quae
233 2791 311 2828 nunc
337 2772 392 2829 uix
415 2773 575 2828 seminario
653 2796 657 2801 ·
715 2776 772 2832 hoo
781 2792 861 2850 saepe
870 2771 942 2829 idem
951 2769 1163 2845 significatquod

128 2859 240 2934 exiguo
258 2860 384 2913 militum
393 2860 498 2913 relicto
503 2867 508 2896 -’
514 2877 575 2914 ser·
654 2882 657 2887 ⁴
679 2890 682 2897 ,
715 2869 881 2935 praeterea.
916 2852 961 2914 cf.
981 2861 1006 2923 1,
1024 2858 1063 2912 6.:
1081 2855 1116 2908 sd
1134 2853 1164 2909 id

127 2945 202 3001 uitio
213 2945 352 3000 Romana
364 2946 401 3003 ab
414 2943 577 3001 solitudine
653 2978 656 2983 -
717 2954 839 3022 pastores
858 2962 965 3020 quoque
987 2950 1162 3000 secesserant.

112 3031 297 3088 uindicaret.-
316 3030 377 3087 Pll:
405 3030 496 3099 „oder
514 3029 577 3086 dass
717 3031 800 3088 -f-P:
818 3029 1032 3088 etsereiensium
1045 3026 1161 3109 quidem.

60 3154 64 3161 -
127 3117 228 3174 demals
243 3121 304 3174 eine
315 3118 476 3174 unzshlhare
487 3116 575 3175 Messe

125 3204 320 3279 Freigeborner
338 3207 366 3260 iu
377 3207 457 3278 jenen
470 3205 573 3279 Gegen·

59 3328 64 3337 -
126 3291 181 3346 den
208 3310 334 3365 gewesen
360 3295 412 3361 sei,
444 3291 574 3349 wthrend

129 3376 266 3433 dieselben
296 3381 359 3452 jetzt
388 3380 467 3439 laum
502 3378 574 3436 noch

128 3463 190 3519 eine
211 3463 308 3522 httclrst
333 3467 448 3543 diirltige
470 3463 575 3523 Anzshl

127 3550 576 3628 Truppenstellenundnurdurcls

63 3674 66 3679 ·
128 3637 267 3696 romische
278 3639 392 3697 Sllsven
408 3662 460 3700 vor
477 3640 591 3717 gtnzliu

129 3727 195 3782 cher
203 3725 350 3800 Verddung
360 3728 498 3801 gesohtitzt
506 3747 575 3786 wer·

131 3813 215 3872 den“.
249 3811 291 3869 Cf.
311 3816 356 3881 42,
373 3816 429 3871 fit:
449 3817 576 3890 ‚3eqnitee

132 3903 203 3957 enim
221 3899 275 3956 illis
298 3901 436 3976 principes
454 3902 575 3958 inventu·
601 3968 604 3972 ¹

131 3989 176 4056 tis,
194 3986 298 4064 equites
310 3989 483 4047 seminarium
499 4008 575 4048 sens·

133 4078 199 4131 tus“
215 4084 268 4136 eet.

714 3119 755 3179 dl:
781 3128 811 3193 et
830 3118 1025 3175 sercinensium
1043 3112 1160 3193 quidam

715 3202 788 3266 llerl.
800 3226 833 3266 ns
847 3217 879 3265 'et
891 3205 1098 3262 ciscisensium.
1116 3202 1160 3263 Cf.

713 3297 741 3361 2,
760 3297 818 3351 su:
837 3294 979 3350 Cerceios
996 3289 1160 3365 profectus.

715 3384 742 3450 8,
754 3383 793 3439 3.=
813 3382 1014 3440 cerceiensem.
1033 3384 1060 3430 et
1078 3378 1122 3443 27,
1134 3379 1159 3434 9.

716 3478 744 3525 ot
761 3469 861 3535 29,15.
879 3453 1010 3539 seriptum
1028 3470 1069 3518 est
1084 3465 1164 3520 cerei

715 3558 746 3613 in
763 3554 823 3611 Put.
845 3572 895 3628 pro
914 3549 1018 3611 Cercei.
1040 3578 1075 3592 —-
1097 3549 1160 3607 Pll:

717 3653 745 3701 et
767 3641 866 3697 coloni
887 3640 976 3702 etiam
996 3657 1017 3695 a
1034 3639 1161 3700 Velitris

716 3727 854 3787 Romani.

647 3818 690 3876 14.
708 3815 1160 3893 hostiaquscaesapocemdeum

717 3904 890 3960 adorasset:
919 3902 981 3959 Plll:
1007 3906 1061 3960 nisi
1086 3902 1160 3979 quod

717 3989 746 4048 Μ
762 4010 798 4049 m.
816 3993 841 4050 1.
859 3991 1015 4070 hostesque.
1029 4022 1061 4033 -
1080 3989 1160 4048 Reos.

718 4078 811 4138 eodd=
827 4087 953 4137 orasset.
