2618 4590
176 240 243 311 176
545 276 548 281 ·
633 249 819 316 nutam

176 441 283 511 neque
305 426 373 489 eret
392 418 425 485 in
446 413 602 502 exercitu,
629 414 686 508 qui
710 413 842 507 quidem
868 411 1027 506 pedestria
1053 410 1210 504 stipendia
1231 411 1278 481 le·

96 530 99 535 “
177 521 468 610 obsecutrices
489 521 636 595 nobilior.
674 518 918 610 iepraecedens
939 517 1076 585 militum
1098 540 1213 608 agmen
1234 518 1277 586 ad

176 627 313 696 tribunal
333 625 444 717 pergit,
464 624 654 715 mirantique
676 623 820 714 Sulpicio
842 647 908 692 non
921 623 1047 691 turbem
1061 622 1162 712 magis
1177 644 1279 714 quarn

177 731 289 799 turbae
322 729 500 822 principem
526 728 710 797 Tullium
699 728 840 819 imperiis
875 726 1168 797 obedientissimum
1198 727 1279 794 mili·

146 845 320 918 ttern-,
321 858 362 919 ,ει
353 834 451 902 'licet
466 834 623 901 dictator“
631 830 754 924 inquit.
776 833 1048 917 „condemnatum
1062 830 1277 899 seuniversus

116 926 333 1006 exercitus
355 963 375 1007 a
395 950 429 1006 te
451 937 593 1030 ignaviae
614 949 701 1005 ratus
723 946 756 1005 et
776 961 878 1029 prope
899 934 1089 1028 ignominiae
1111 957 1208 1003 causa
1223 935 1278 1003 de·

174 1041 338 1109 stitutum
352 1043 421 1111 sine
448 1043 542 1110 armis
571 1041 673 1110 oravit
704 1062 758 1109 me
784 1052 823 1108 ut
849 1064 942 1109 suam
969 1064 1100 1109 causum
1127 1041 1214 1132 apud
1242 1051 1277 1108 te

175 1170 312 1236 agerem.
351 1147 515 1237 equidem,
542 1146 644 1214 sicubi
670 1145 744 1214 loco
772 1168 900 1214 cessum
928 1143 956 1211 si
981 1155 1071 1235 terga
1092 1144 1167 1212 data
1188 1142 1277 1214 hosti

174 1249 203 1317 si
224 1250 312 1339 signa
334 1250 430 1318 foede
453 1251 568 1318 emissa
591 1249 674 1319 obici
694 1249 787 1319 nobis
808 1259 958 1342 possent,
985 1259 1094 1317 temen
1115 1248 1181 1318 boc
1202 1274 1221 1316 a
1243 1259 1277 1316 te

128 1353 334 1444 reimpetrari
349 1379 488 1445 aequum
509 1379 684 1440 censerem,
704 1365 741 1422 ut
761 1378 822 1423 noe
843 1353 958 1422 virtute
980 1352 1110 1444 culpam
1130 1363 1277 1421 nostram

174 1458 331 1549 corrigere
352 1471 386 1528 et
407 1446 539 1530 abolere¹
557 1459 664 1550 flagitii
685 1458 874 1529 memoriam
888 1482 972 1526 nova
988 1457 1088 1549 gloria
1108 1457 1277 1550 patereris.

243 1737 359 1817 primum
371 1740 424 1796 iam
433 1748 485 1801 cet.
502 1738 584 1799 Recc.
594 1738 688 1801 cedde

242 1827 323 1904 primi
339 1825 434 1903 pilum.
459 1824 503 1885 Cl.
521 1829 547 1895 2,
565 1829 622 1887 uz:
639 1847 688 1904 po·
729 1850 733 1873 ι

242 1911 322 1989 pulos
341 1912 537 1971 dedicationem
555 1913 630 1970 aedis
641 1914 689 1971 dat

241 1995 277 2057 Μ.
294 1998 520 2079 Laetorio‘primi
532 2001 583 2081 pili
595 2012 687 2061 centu·

240 2106 321 2146 rronr.

189 2176 214 2234 1.
241 2176 294 2249 qui
321 2174 438 2249 quidem
456 2176 610 2251 pedestria
635 2177 688 2234 sti·

242 2259 355 2333 pendia
365 2260 508 2333 fecisset:
526 2262 584 2322 ΡΜ.
603 2294 638 2306 -
655 2263 688 2320 lu

239 2343 307 2404 Pell.
326 2349 350 2404 1.
368 2348 395 2402 3.
412 2345 492 2406 Voss.
510 2367 539 2409 ιι.
557 2347 591 2409 al.
609 2370 687 2427 prae·

240 2434 394 2489 termisaum
411 2444 453 2489 est
469 2436 632 2510 pedestria.
649 2469 684 2481 -

241 2517 285 2578 Cf.
303 2523 335 2586 3,
353 2522 410 2578 ut:
436 2523 592 2597 magistrum
610 2526 685 2601 equi·

240 2615 297 2664 tum
315 2606 382 2663 dicit
398 2607 431 2666 b.
447 2604 616 2686 Tarquitium
636 2631 684 2688 pa-

237 2696 332 2751 triciae
359 2697 445 2770 gentis
462 2695 520 2753 sed
546 2699 594 2773 qni
622 2718 684 2756 cum

237 2782 684 2864 stipendiapedibuspropterpau-

235 2879 366 2949 pertatem
379 2870 494 2939 lecisset,
511 2868 582 2928 bello
594 2883 683 2931 umen

235 2957 339 3032 primus
369 2955 448 3032 longe
475 2957 612 3015 Romanae
640 2961 682 3017 iu·

236 3044 353 3098 ventntis
370 3041 478 3099 babitus
496 3053 575 3104 esset.

182 3130 210 3188 4.
237 3129 369 3202 imperiis
395 3129 682 3189 oboedientissimum

236 3217 373 3273 militem:
390 3213 448 3273 ΡΜ.

180 3305 209 3364 5.
235 3302 352 3360 silicet
374 3301 503 3359 dictator·
525 3303 635 3380 iuquit:
658 3304 681 3362 Ρ

232 3389 285 3465 al]
308 3386 414 3445 scilicet
440 3388 569 3460 dictator,
591 3391 680 3467 inquit

233 3475 301 3548 (Μ).
328 3506 362 3520 -
391 3475 615 3548 Sittacenen.
637 3476 678 3534 di·

232 3567 308 3632 cere)
325 3563 464 3619 verissima
481 3563 612 3621 estbuiua
624 3565 679 3622 loci

232 3651 372 3725 scripturo.
407 3649 465 3705 hoc'
485 3652 556 3709 enim
577 3653 677 3708 oratio·

231 3738 274 3793 rtis
286 3735 364 3790 initio
377 3735 518 3793 inferiores
534 3740 562 3793 in
575 3738 674 3796 adeun·

230 3823 275 3880 dis
296 3822 479 3899 superioribus
500 3823 673 3881 humanitatis

6 1522 9 1528 ι
86 1624 103 1645 ,.
175 1562 273 1631 etiarn
294 1563 334 1630 nd
354 1563 460 1633 Aliam
480 1565 572 1669 luem
592 1563 736 1656 legiones
756 1564 902 1648 eandem,
923 1587 1022 1655 quam
1041 1588 1098 1655 per
1119 1587 1277 1656 pavorem

828 1758 887 1798 sam
909 1758 987 1817 agere
1008 1737 1103 1807 vellet,
1128 1739 1179 1809 „ai
1199 1736 1275 1808 licet,

829 1828 925 1906 lnquit,
943 1825 1076 1895 consules,
1091 1824 1125 1882 de
1136 1824 1276 1904 republica

829 1914 952 1974 dicere“.
977 1915 1019 1970 sic
1036 1912 1123 1988 Syrus
1139 1914 1169 1970 in
1187 1911 1275 1971 Heru-

828 2003 936 2062 tcntim.
969 1997 1078 2060 Terent.
1104 2002 1135 2068 ὅ,
1164 1994 1193 2061 9.
1217 1998 1302 2061 10.ιί

829 2090 932 2160 „bere,
959 2085 1097 2144 licetne“l
1126 2085 1294 2146 Chremem·

831 2176 992 2253 „loquere“.
1022 2172 1110 2231 Plauti
1127 2173 1229 2232 Pseud.
1248 2179 1273 2245 1,

829 2268 854 2325 1.
873 2266 916 2322 ll.
934 2260 993 2320 Cic.
1011 2260 1045 2318 de
1062 2281 1102 2320 or.
1120 2262 1147 2330 2,
1164 2264 1224 2322 bb:
1240 2262 1274 2320 li·

827 2360 870 2408 cet
886 2350 997 2426 rogaret
1014 2347 1048 2408 al.
1079 2347 1124 2408 Cf.
1141 2349 1273 2429 interpre-

826 2448 868 2495 tes
885 2438 920 2494 ad
938 2435 997 2495 Cic.
1015 2456 1055 2496 or.
1072 2456 1122 2515 pro
1139 2435 1210 2497 Μαι.
1229 2441 1273 2509 13,

826 2526 896 2583 iile.
913 2527 1030 2601 „itaque
1046 2544 1102 2581 non
1124 2525 1208 2582 modo
1225 2525 1273 2583 be·

825 2612 905 2669 nelici
933 2610 1086 2669 collocandi
1114 2631 1192 2690 apem
1222 2615 1272 2670 sed

826 2701 906 2757 etiam
923 2697 1000 2766 illud,
1018 2697 1091 2775 quod
1104 2697 1272 2776 aliquamdiu

825 2784 884 2853 brit,
901 2785 970 2842 licet
980 2786 1135 2844 consulere
1147 2789 1202 2844 iarn
1211 2808 1271 2862 per·

825 2871 942 2931 didistis.
955 2905 990 2914 -
1003 2866 1049 2930 De
1058 2871 1118 2931 loco
1136 2875 1215 2932 verbi
1227 2877 1269 2932 in·

825 2961 890 3037 quit
907 2959 941 3018 ci.
960 2979 1001 3019 cx.
1019 2980 1059 3035 gr.
1077 2963 1106 3028 1,
1128 2962 1186 3021 uo:
1209 2970 1270 3022 tum

824 3046 892 3102 alter
914 3065 948 3103 cx
974 3045 1017 3103 bia
1040 3045 1138 3116 „Publi
1160 3045 1269 3118 Horati,

823 3132 875 3189 tibi
909 3133 1119 3210 perduellionem
1150 3135 1267 3194 iudico“

821 3220 917 3296 iuquit.

767 3309 794 3366 9.
820 3306 850 3362 si
866 3306 955 3384 signo
964 3308 1063 3382 foede
1083 3309 1199 3373 ambra
1218 3313 1267 3369 ob·

821 3393 861 3449 iei
876 3394 962 3451 nobis
975 3405 1114 3471 possent.-
1131 3396 1164 3457 P.
1175 3429 1212 3441 —
1224 3395 1265 3456 lli:

819 3479 845 3534 ai
856 3487 929 3554 terga
938 3480 999 3538 data
1010 3482 1098 3555 bostis
1111 3485 1173 3559 igm
1185 3482 1265 3542 ioedc

818 3567 917 3624 ernian
943 3567 1016 3625 obici
1042 3570 1121 3626 nobis
1142 3579 1265 3648 possent.

819 3653 964 3712 -Eodem
973 3654 1034 3712 loco
1048 3659 1076 3713 in
1088 3656 1182 3716 multis
1193 3679 1263 3718 rece.

817 3739 897 3800 codd.
914 3744 945 3799 si
960 3744 1088 3801 omissum
1105 3755 1156 3805 eat.
1170 3777 1207 3790 -
1224 3745 1262 3805 Pt

815 3846 911 3904 aequm
931 3849 1074 3888 censerem.

230 3929 309 3967 causa
327 3909 367 3965 uti
383 3904 514 3968 solebant.
532 3912 574 3970 aic
590 3914 673 3986 igitur
745 3913 788 3972 1t
813 3915 902 3970 etlam
912 3915 1144 3977 adAliamrPlli
1155 3916 1260 3978 Herba.

227 3995 275 4054 ille
305 3994 464 4053 contionalis
495 4017 578 4056 senex
607 3999 672 4055 Sea-

225 4085 300 4159 ptius
316 4085 344 4151 3,
357 4084 411 4150 71.,
429 4102 490 4141 cum
505 4084 600 4163 populi
612 4106 673 4143 ceu-
687 4118 694 4123 -

812 3996 889 4059 Leid.
910 4020 929 4062 r.
955 4001 989 4062 al.
1024 4001 1068 4063 Cf.
1095 4006 1128 4074 6,
1155 4010 1197 4067 1.=
1225 4005 1261 4064 ed

812 4083 909 4145 Aliam.
