2618 4590
169 248 238 319 494
380 252 389 265 ‘
632 256 741 319 utusu
759 258 807 319 lX.

171 448 267 495 vener
293 423 351 492 sed
373 419 426 488 illa
447 420 588 512 phalanx
611 420 770 491 inmobilis
792 423 939 491 etunius
961 421 1119 514 generis,
1149 421 1259 490 llumm

173 531 257 600 acies
280 526 468 611 distinctior,
495 551 537 595 ex
559 527 702 617 pluribus
723 528 866 619 partibus
889 541 1064 612 constans,
1097 527 1204 596 facilis
1221 550 1259 619 pu·

172 634 264 706 tienti
285 656 488 724 quocumque
511 654 593 723 opus
615 643 708 715 esset,
730 633 831 700 facilis
846 632 999 725 iungenti.
1039 634 1117 700 iam
1141 633 1260 724 inopus

173 741 246 832 quis
266 763 325 831 par
345 739 492 805 Romano
515 736 622 821 miles,
651 737 722 828 quis
752 739 793 805 ed
820 738 1027 806 tolerandum
1048 738 1209 807 laborem
1224 759 1260 804 ue

142 845 255 918 eliorl
287 867 352 910 uno
375 842 498 933 proelio
520 841 623 909 victus
635 842 826 927 ,Alexander
847 843 933 911 bello
955 842 1069 912 victus
1098 853 1206 912 essetr
1228 842 1261 908 lb

172 973 314 1031 manum,
336 971 435 1040 quem
457 944 614 1012 Caudium
636 971 735 1037 quem
757 946 886 1016 Cannae
907 971 973 1016 nou
1001 949 1193 1040 fregerunt,
1212 968 1261 1038 qut

175 1055 322 1146 fregisset
344 1051 449 1118 acies?
469 1072 510 1117 ne
533 1051 587 1119 ille
601 1066 715 1142 saepe,
737 1052 834 1119 etiam
856 1053 883 1120 si
904 1053 1009 1143 prima
1031 1076 1204 1144 prospere
1222 1073 1261 1118 eu

172 1160 307 1240 nissent,
340 1156 454 1223 Persas
484 1166 517 1223 et
538 1155 633 1224 Indos
662 1169 694 1225 et
722 1155 874 1225 inbellem
899 1157 1012 1227 Asiam
1042 1158 1262 1249 quaesissett

148 1282 250 1332 'eum
270 1260 395 1329 leminis
417 1260 478 1329 sibi
499 1260 619 1329 bellum
641 1261 738 1328 luisse
768 1261 914 1344 dixisset,
942 1265 1036 1353 quod
1059 1261 1164 1356 Epiri
1188 1281 1262 1350 teget

127 1366 391 1442 ro'Atexandmm
418 1366 582 1434 mortifero
611 1366 742 1434 vulnere
764 1366 864 1433 ictum
885 1365 1004 1435 dixisse
1031 1367 1157 1436 lerunt
1176 1377 1263 1434 sorteu

174 1472 337 1541 bellorum
362 1470 396 1539 in
417 1470 493 1539 Asia
520 1482 683 1562 gestorum
711 1470 752 1537 ab
780 1471 846 1538 hoe
872 1471 944 1561 ipso
970 1472 1100 1540 iuvene
1133 1495 1210 1540 enm
1230 1491 1264 1536 or

173 1577 402 1645 conferentem.
441 1576 592 1666 equidem
621 1598 695 1642 eum
724 1599 783 1667 per
808 1598 911 1643 annos
941 1587 1107 1666 quattuor
1132 1588 1171 1646 et
1187 1571 1266 1666 vigui

172 1681 277 1773 primo
299 1679 420 1749 Punico
449 1679 535 1747 bello
563 1679 717 1747 elassibus
746 1690 903 1749 certatum
930 1703 1008 1746 cum
1030 1680 1164 1749 Poenis
1191 1701 1266 1748 recor·

172 1787 241 1871 dor,
262 1783 318 1855 vix
340 1797 478 1854 aetatem
492 1782 665 1852 Alexandri
686 1783 892 1854 suffecturam
907 1784 1006 1852 luisse
1028 1808 1114 1854 reor
1137 1787 1182 1855 ad
1194 1804 1268 1853 unum

125 1891 309 1964 rebellum:
344 1901 378 1958 et
398 1888 544 1971 forsitan,
574 1912 648 1956 eum
676 1896 709 1956 et
735 1890 917 1959 foederibus
939 1888 1082 1992 vetustis
1106 1892 1218 1960 iuncta
1235 1907 1269 1953 ru

118 2058 120 2063 ·
237 2031 335 2101 ptores
356 2029 413 2077 tum
435 2018 507 2099 spud
528 2016 635 2076 Livium
658 2039 689 2074 ea

241 2129 311 2188 quae
329 2110 418 2166 minus
437 2107 560 2186 expedita
578 2105 689 2181 legenti-

240 2198 293 2255 bus
310 2197 399 2254 videui
416 2203 540 2274 possent,
565 2196 689 2270 sequenti

241 2286 364 2341 oratione
393 2281 524 2358 explicata
556 2280 703 2339 videmus(

243 2401 279 2412 —
307 2369 341 2424 P:
366 2367 453 2424 insilis
474 2367 601 2444 perdenti
624 2388 688 2443 qua·

242 2463 329 2531 uirque
352 2473 420 2530 opus
444 2463 527 2508 esset:
556 2457 633 2521 „wie
658 2474 688 2510 es

242 2541 340 2620 genade
358 2540 406 2596 der
424 2538 544 2597 einzelne
562 2539 620 2599 tall
640 2548 687 2598 nlt-

240 2631 299 2706 tbig
316 2627 436 2686 meebt“.
458 2625 492 2687 el.
510 2630 555 2694 23,
574 2630 613 2688 1.:
631 2628 686 2685 Nu·

239 2717 328 2788 midas
348 2716 448 2794 partim
470 2716 499 2772 ln
526 2715 633 2772 insidiis
652 2747 686 2757 -

240 2821 409 2884 quecumque
426 2811 488 2879 apte
507 2812 613 2881 poteret
632 2802 686 2858 dis·

241 2893 343 2972 posuit,
354 2891 422 2946 elios
432 2899 481 2949 eet.
493 2922 528 2934 -—
540 2889 686 2948 tlteidns

212 2982 216 2987 '
242 2995 425 3057 quascumque
434 2995 502 3054 opus
515 2986 594 3034 esset.
606 2975 685 3034 Voss.

242 3086 270 3125 u.
281 3064 329 3123 el:
347 3083 401 3140 qne
415 3064 511 3138 cuique
524 3082 592 3139 opus
605 3071 685 3122 esset.

188 3154 216 3214 tl.
243 3154 311 3229 quie
334 3150 378 3205 ad
397 3147 587 3204 tolerandum
605 3149 686 3206 Iobo-

241 3258 305 3297 rem
322 3237 442 3294 melior:
459 3234 495 3294 ll.
512 3266 547 3276 -
569 3232 605 3291 P:
624 3238 686 3312 quis

241 3335 270 3382 at
295 3321 473 3380 tollerandum
499 3331 550 3380 eet
580 3354 615 3365 -
643 3322 685 3378 lllr

240 3432 296 3470 uno
313 3410 411 3488 prelio.
429 3441 464 3453 -
491 3409 513 3466 P
531 3429 566 3470 m.
585 3411 623 3469 1.:
641 3429 684 3464 ro·

238 3518 336 3557 manus
353 3516 433 3576 quem
450 3496 582 3556 caudium.
598 3515 634 3554 m.
646 3497 684 3554 2:

240 3590 354 3643 romanu
371 3603 450 3661 quem
468 3594 520 3644 eet.

188 3668 605 3743 7.nettzc.·1²lt1]maffle.
640 3666 684 3729 Cl.

241 3760 269 3825 b,
287 3760 326 3816 s:
353 3776 387 3813 ue
405 3776 455 3831 ego
471 3756 587 3816 libenter
607 3776 685 3835 expe-

240 3846 318 3903 rirer.
336 3874 371 3885 -
390 3843 451 3900 Pu:
470 3847 549 3901 etiam
562 3847 587 3901 si
598 3846 684 3920 prima

237 3949 382 4009 prospere
405 3933 566 3991 euenissent.
603 3930 683 3987 lleee.

239 4017 316 4094 quid.
338 4016 431 4073 codd:
455 4034 610 4093 prospera.
640 4015 684 4074 Cl.

830 2039 909 2098 spere
943 2020 1074 2077 evenisse
1113 2019 1271 2100 sequentibus

831 2107 906 2166 deos.
936 2107 981 2175 21,
997 2107 1058 2166 uta
1086 2111 1271 2185 „eieeterspre

829 2194 1087 2274 speraeuenisseut‘f
1099 2194 1205 2266 (Pstis
1218 2189 1273 2270 quel

830 2302 892 2339 eum
910 2279 1023 2337 dubium
1047 2292 1145 2351 esset,
1167 2279 1272 2339 cotton

830 2369 933 2425 codicis
950 2367 1083 2424 librarius
1094 2368 1227 2457 'scripsit
1240 2364 1273 2434 „sl

830 2465 918 2512 cetera
936 2473 1070 2534 prospere
1095 2456 1274 2517 memnone,

827 2541 923 2602 llledic.
936 2583 952 2610 ,‚
960 2544 984 2598 si
993 2550 1087 2598 cetere
1096 2539 1274 2621 prospexere

827 2631 964 2688 nissent“.
983 2660 1019 2671 -
1041 2627 1086 2686 ll:
1107 2649 1208 2709 pereas
1224 2646 1275 2683 eue

828 2716 879 2773 dos
897 2726 924 2773 et
940 2714 1069 2774 inbellem
1090 2717 1191 2774 Asiam
1208 2733 1274 2793 quet*

827 2806 917 2863 sisset
945 2803 1022 2862 Pm.
1047 2806 1089 2862 1.r
1117 2809 1296 2883 „pmaset'

827 2891 908 2947 iudos
926 2898 953 2946 et
969 2889 1107 2948 inbellum
1119 2893 1209 2948 esiam
1222 2907 1272 2966 que

828 2980 961 3036 sissent“.
987 2977 1053 3034 dein
1071 2977 1172 3034 eedem
1189 2994 1228 3034 m.
1246 2977 1272 3030 l.:

827 3071 855 3118 et
876 3062 1002 3121 inbellem
1019 3067 1110 3122 esiam
1131 3063 1271 3142 quesisset:
1308 3133 1309 3144 χ

827 3149 961 3217 (‚‚w1“1rde
983 3171 1013 3207 er
1030 3152 1168 3209 vemteet
1186 3149 1273 3211 mter,

825 3235 921 3291 wdrde
942 3235 1002 3292 sieh
1025 3236 1154 3296 damaeta
1173 3233 1272 3295 surdel-

825 3321 938 3396 gesebut
955 3322 1094 3394 baben“).
1113 3355 1154 3371 -
1175 3319 1272 3382 Deinde

825 3407 866 3466 ld:
888 3419 990 3467 sortem
1011 3410 1154 3471 bellorum
1175 3415 1205 3470 in
1227 3406 1271 3466 esla

825 3505 961 3572 gestorum
978 3496 1012 3553 ab
1030 3495 1168 3578 boe'ipso
1185 3502 1270 3558 iuuene

826 3603 887 3639 eum
904 3604 959 3641 eure
978 3583 1180 3647 conferentem.

755 3668 800 3729 12.
826 3671 965 3745 equidem
996 3691 1064 3728 eum
1091 3693 1155 3746 per
1183 3687 1268 3730 annot

827 3765 966 3831 quattuor
987 3767 1017 3814 et
1043 3761 1161 3838 uiginti
1181 3761 1266 3836 primo

821 3845 930 3918 punico
947 3844 1024 3900 bello
1043 3846 1202 3904 classibus
1217 3862 1266 3902 cer·

824 3938 919 3985 tatum
935 3949 1001 3985 cum
1017 3935 1130 4004 poenis
1150 3930 1209 4003 (tlz
1230 3948 1266 4008 pe·

824 4017 884 4086 uis)
901 4018 1061 4074 recordor:
1078 4015 1142 4080 ΡΜ.

239 4105 337 4171 {tute
354 4104 498 4163 invenietis
516 4105 605 4161 omnis
620 4122 684 4179 pro·
754 4102 799 4162 ¹5.
823 4120 889 4160 cum
907 4113 937 4159 et
945 4093 1134 4175 foederibus
1151 4101 1267 4164 uetustis
