2618 4590
515 281 639 341 inm
655 280 699 342 vr.
759 248 763 257 ’
1120 273 1163 341 99

61 447 141 514 ratio
163 444 200 513 L.
224 444 377 534 Geganio.
415 455 485 509 erat
512 453 620 511 autem
648 455 681 510 et
707 445 837 512 materia
861 459 894 515 ot
923 470 1016 515 conso
1038 448 1162 516 seditio-

61 551 111 617 nis
134 573 189 616 nes
211 550 361 630 alionum,
383 546 471 613 cuius
492 546 645 614 noscendi
666 547 764 638 gratia
779 550 842 640 Sp.
864 550 1014 618 Servilius
1036 551 1162 619 Priscus

61 655 104 744 Q.
121 652 263 720 Cloelius
280 651 406 719 siculus
427 673 576 716 censores
597 650 672 719 facti
693 675 735 718 ne
758 676 827 720 rem
849 665 988 745 egerent,
1008 655 1094 723 bello
1116 655 1160 723 in·

60 757 163 848 pediti
189 767 272 823 sunt.
310 778 447 844 nomque
473 755 587 845 trepidi
619 755 720 822 nuntii
748 757 851 846 primo
880 758 960 848 fuga·
984 757 1096 826 deinde
1120 783 1159 826 ex

62 861 147 951 agris
169 860 308 950 legiones
324 859 517 927 Vulsconim
532 857 689 949 ingressos
710 860 790 927 fines
812 862 1023 953 popularique
1045 863 1190 952 pessimo
1282 938 1288 953 .

59 966 244 1032 Romanum
265 987 375 1054 agrum
397 962 542 1031 adedere.
581 964 614 1029 in
636 989 700 1054 qua
715 965 924 1055 trepidatione
940 979 1065 1034 tantum
1085 965 1163 1033 afuit

58 1079 98 1134 nt
119 1068 221 1135 civilia
242 1067 412 1134 certamino
435 1079 537 1134 terror
559 1079 710 1136 externus
731 1070 904 1150 cohiberet,
926 1081 1095 1139 utcontra
1120 1092 1159 1137 co

57 1171 228 1238 violentior
249 1170 393 1262 potestas
414 1171 580 1239 tribunicia
596 1172 788 1263 inpediendo
806 1175 922 1242 dilectu
940 1185 1034 1257 esset,
1057 1175 1161 1241 donce

57 1276 261 1343 condiciones
282 1277 438 1367 irpositoe
460 1277 602 1367 patn'bus
623 1300 666 1346 nc
687 1278 773 1367 quic,
802 1279 909 1370 quoad
935 1279 1089 1347 bellatum
1112 1303 1159 1351 ee

57 1393 117 1464 set,
138 1380 292 1449 tributum
315 1381 405 1448 daret
426 1393 480 1449 aut
507 1382 556 1448 ius
584 1380 625 1449 de
652 1383 786 1471 pecunia
811 1383 927 1450 credito
951 1383 1078 1452 diceret.
1117 1406 1158 1451 co
1171 1396 1206 1451 10

56 1487 241 1552 laxamento
262 1485 349 1576 plebi
371 1497 501 1576 sumpto
523 1508 614 1553 mora
636 1486 764 1555 dilectui
785 1512 850 1555 non
873 1499 922 1555 est
935 1486 1044 1556 iactos
1062 1488 1158 1577 legio·

46 1590 150 1689 nibus
178 1590 270 1658 novis
297 1590 421 1679 scriptis
449 1590 570 1680 piacnit
601 1591 683 1658 duos
711 1593 869 1659 exercitus
892 1593 925 1658 in
947 1617 1057 1682 agrum
1074 1594 1157 1661 'Vui-

54 1717 149 1763 ecmn
174 1694 354 1784 legionibus
376 1693 483 1761 divisis
512 1693 599 1760 duci:
626 1693 684 1786 Sp.
706 1694 820 1761 Furius
842 1695 888 1762 M.
910 1696 1060 1763 Horatius
1082 1696 1156 1762 dex-

53 1810 177 1867 trorsus
197 1797 401 1865 maritumam
423 1822 512 1866 oram
534 1809 630 1888 atque
651 1798 797 1882 Antium,
826 1798 867 1886 Q.
890 1799 1043 1866 Semilius
1065 1797 1156 1866 etL.

15 1974 20 1981 ,
54 1902 217 1994 Geganius
237 1903 394 1970 loevaod
422 1913 551 1971 montes
570 1902 720 1970 Ecetram
746 1914 891 1992 pergunt.
928 1914 1039 1970 neutro
1067 1913 1156 1992 porte
1171 1912 1203 1965 15
1260 1978 1267 1991 ἱ

68 2116 99 2174 3.
128 2113 163 2190 Q.
187 2114 335 2172 Cloelius:
358 2111 393 2169 dl.
417 2142 452 2156 ·-
480 2111 517 2168 P:
544 2132 572 2189 q.

10 2220 13 2226 ·
125 2199 246 2257 cloetius.

713 2122 778 2169 cta:
805 2110 862 2169 PM.
889 2144 923 2154 -
954 2110 1034 2168 Voce.
1054 2130 1097 2169 m:
1123 2129 1156 2167 eo

713 2197 786 2276 plebi
802 2196 953 2256 laxamento
972 2207 1070 2257 sumto.

67 2287 99 2348 6.
126 2296 242 2343 tantum
259 2285 339 2357 afuit
357 2294 404 2342 ut:
422 2283 444 2339 P
460 2281 537 2343 Leid.
552 2305 570 2344 r.
643 2287 685 2343 13.
713 2285 764 2360 Sp.
774 2285 884 2342 Furius
894 2282 934 2345 M.
946 2287 1086 2344 Oratius:
1100 2281 1156 2340 pn.

126 2404 163 2416 -
175 2372 215 2429 id:
227 2378 301 2429 tanti]
308 2373 375 2446 fuit
387 2381 424 2430 ut.
444 2371 487 2430 Cs.
496 2376 523 2440 5,
533 2374 568 2431 t?

123 2460 198 2518 houd
214 2460 308 2538 procul
327 2459 408 2531 afuit
429 2461 494 2536 quin
512 2461 568 2516 vio-

123 2549 218 2607 lorent.
235 2550 279 2616 25,
298 2550 324 2606 6.
341 2548 374 2615 al.

65 2641 95 2697 7.
123 2644 277 2694 utcontra
295 2655 329 2692 eo
346 2635 502 2692 uiolentior
517 2653 568 2706 po-

121 2731 216 2781 tectae
226 2721 383 2779 tribunicia
391 2719 568 2794 inpediendo

123 2810 234 2867 dilectu
251 2817 345 2867 ercet:
363 2806 423 2864 PM:
448 2806 476 2864 h.
493 2827 517 2861 e.
535 2825 568 2860 eo

121 2895 267 2955 violentior
287 2898 314 2952 in
339 2893 503 2974 inpediendo
528 2892 568 2947 di·

11 3019 13 3023 ·
121 2982 203 3043 lcotn.
221 3015 255 3025 —
273 2982 346 3040 Harl.
360 3002 377 3041 r.
395 2980 471 3039 Leid.
485 2999 502 3038 ι.
520 2977 568 3035 ot:

121 3071 286 3147 inpediendo
323 3070 436 3146 dilectui
469 3075 569 3124 essent.

121 3158 205 3218 Recc.
215 3157 289 3235 quid.
300 3157 393 3215 codd:
404 3153 568 3235 inpediendo

123 3245 269 3305 delectum.
288 3277 322 3287 -
343 3244 419 3304 Voce.
437 3262 454 3303 r.
472 3242 521 3302 ai:
539 3250 569 3298 ut

122 3343 216 3392 contra
235 3353 280 3390 eo.

65 3423 94 3483 0.
122 3420 411 3479 donecconditionec
423 3417 568 3493 inpositae

119 3509 257 3585 patribus
268 3527 305 3563 ne
318 3509 385 3582 quic
399 3504 502 3583 quoad
510 3503 567 3558 bel·

119 3597 215 3654 lotum
245 3602 324 3651 esset
351 3602 415 3649 oet:
445 3590 501 3648 ΡΜ.
532 3621 566 3631 -

120 3680 195 3741 Harl.
213 3700 243 3739 n:
266 3678 345 3756 quod
362 3678 508 3733 obeltotnm
526 3697 567 3733 es·

118 3778 168 3826 not.
194 3765 271 3825 Loid.
290 3786 321 3824 n:
348 3784 402 3842 quo
421 3762 567 3819 abellatum

118 3864 200 3914 essct.
219 3885 252 3896 -
274 3852 302 3909 tl
318 3873 355 3912 m.
375 3857 414 3910 t:
433 3850 467 3907 de
485 3870 566 3928 pecu·

81 3946 84 3951 '
119 3945 195 4000 niem
212 3941 352 3999 creditam.
413 3970 416 3975 ·

52 4033 92 4092 to.
120 4031 345 4088 calceamento
369 4027 452 4104 plebi
468 4033 564 4083 sumto

95 4126 205 4174 'moro
229 4117 351 4173 dilectui
372 4134 432 4171 non
453 4122 499 4169 est
509 4112 564 4184 sa-

712 2372 755 2431 Cf.
779 2368 817 2441 3,
843 2376 887 2431 53.
918 2405 951 2415 -
981 2371 1011 2427 ln
1041 2370 1116 2430 Harl.
1139 2391 1154 2426 ι.

710 2459 787 2516 Leid.
812 2479 828 2518 r.
856 2462 985 2535 scriptum
1010 2468 1052 2515 cst
1075 2459 1156 2515 ducit

710 2567 761 2623 pro
780 2549 857 2606 duci.

640 2634 683 2693 14.
710 2637 898 2690 maritumam
916 2653 1014 2690 oram:
1036 2630 1059 2687 P
1076 2651 1111 2689 m.
1129 2633 1155 2689 2.

657 2734 659 2739 ’
709 2720 787 2780 Leid.
800 2742 819 2780 ι.
838 2721 882 2779 cf.
894 2724 938 2787 30,
951 2724 976 2778 9.
990 2750 1024 2759 -
1037 2719 1058 2773 P
1070 2719 1155 2775 m.1.:

710 2809 877 2865 maritimam
899 2822 983 2861 orem.
1012 2803 1054 2860 nlz
1077 2804 1155 2858 mari·

709 2898 872 2963 tumlmam
890 2909 973 2953 oram.
991 2918 1026 2931 -
1049 2887 1106 2943 Hoc
1124 2887 1155 2943 li·
1197 2914 1199 2919 ⁷

710 2980 816 3037 beriore
840 2988 980 3055 poetorum
1003 2974 1110 3033 licentia
1128 2985 1157 3031 et

708 3066 804 3124 Livius
822 3065 957 3124 interdum
980 3082 1046 3121 neus
1065 3072 1109 3119 oct
1125 3070 1156 3118 ut

710 3157 937 3233 praepositionem
955 3155 987 3210 in
1010 3153 1154 3209 omitteret.

709 3245 751 3298 sic
772 3245 905 3316 scriptum
927 3250 969 3296 est
992 3258 1033 3298 cx.
1051 3257 1090 3313 gr.
1108 3239 1153 3302 30,

709 3332 753 3386 25.
767 3331 795 3384 in
807 3329 867 3389 Pnt.
880 3325 959 3384 Colb.
971 3324 1047 3404 [ripe.
1066 3319 1154 3390 „mul-

708 3413 883 3490 titudoqnea
909 3412 1004 3468 castris
1026 3410 1099 3465 litus
1117 3405 1154 3462 ei·

711 3502 807 3570 fusa“‚
830 3503 859 3558 in
877 3497 1072 3556 recentioribus
1090 3514 1153 3551 vero

709 3588 789 3647 codd.
812 3590 867 3656 „in
884 3589 993 3657 litum„
1007 3614 1041 3625 -—
1065 3583 1101 3639 P:
1129 3591 1156 3638 ct

708 3695 746 3734 m.
769 3675 903 3750 geganius.
927 3672 967 3729 tl:
992 3681 1019 3728 et
1036 3677 1074 3729 ηἰ.
1096 3689 1155 3746 gre·

709 3765 811 3837 genios.
848 3758 938 3817 Simili
966 3752 1071 3816 ratione
1097 3754 1155 3816 rell.

709 3849 789 3907 codd.

637 3938 680 3994 15.
710 3945 816 3992 neutra
830 3943 918 4008 parte
935 3933 1032 3991 hostie
1049 3930 1155 3987 obuius
1265 3976 1286 4021 '.

701 4023 785 4094 suit:
808 4021 844 4080 M.
875 4052 908 4064 -
938 4019 961 4077 P
986 4038 1048 4075 cnm
1071 4018 1155 4094 antiq.

706 4109 794 4164 editt:
814 4108 865 4163 tuit
882 4108 988 4164 obuium

905 4192 1044 4311 7.*
