2818 4728
559 283 670 358 uuna
685 297 721 358 x.
1013 341 1018 362 r
1124 285 1189 353 665

96 489 154 556 gae
175 464 315 532 honores
330 460 532 552 praemiaque
547 483 775 556 concessurum
789 458 978 532 verecundia
996 461 1105 530 aetatis
1122 461 1191 530 eius
1272 457 1273 464 '

94 566 332 656 maiestatisque
342 591 402 632 -ε
423 589 498 634 cum
509 565 686 656 periculum
701 588 776 632 cum
788 564 946 632 dimicatio
963 566 1126 655 proposita
1141 566 1191 649 sit,

93 695 201 763 neque
222 671 336 758 cedere
359 693 416 736 sua
438 680 553 759 sponte
574 692 680 759 nequa
703 692 868 737 cessumm
890 679 931 751 et,
958 669 985 736 si
1006 668 1085 736 nihil
1106 669 1191 736 aliud

93 801 136 846 ex
159 801 198 846 eo
221 773 391 844 certamine
412 773 528 857 tulerit,
548 771 627 840 illud
649 785 735 842 certe
757 774 895 849 laturum
916 783 953 840 ut
966 809 1011 822 ·-
1026 773 1114 862 quod
1134 798 1191 864 pe-

94 879 165 972 puli
186 881 228 948 sit
242 921 285 932 —-
300 877 439 970 populus
460 878 569 946 iubeat
589 877 695 968 potius
717 903 815 968 quam
836 887 943 967 patras
963 876 1225 968 gratificenturzt

92 986 205 1053 Iovem
227 985 384 1075 optimum
405 981 581 1050 maximum
604 981 747 1071 deosque
761 981 945 1049 inmortales
961 1004 996 1048 se
1017 982 1140 1070 precari
1155 992 1212 1048 ut·

90 1087 135 1156 ita
158 1101 279 1158 sonem
300 1111 437 1179 aequam
458 1086 518 1154 sibi
540 1109 615 1154 cum
636 1084 759 1176 collega
781 1086 866 1168 dent,
892 1085 920 1152 si
942 1087 1076 1153 eandem
1098 1085 1192 1153 virtu·

91 1204 160 1261 tem
181 1195 428 1284 felicitatemque
449 1192 483 1258 iu
505 1191 591 1259 bello
613 1189 860 1258 administrando
883 1189 985 1256 daturi
1006 1189 1082 1256 sinte
1105 1202 1192 1258 certa
1295 1267 1306 1276 ‚
1396 1183 1397 1268 J

92 1307 125 1364 et
147 1297 180 1364 id
202 1309 312 1365 natura
335 1319 475 1387 aequum
496 1294 646 1384 exemplo
673 1292 751 1364 utile
779 1316 850 1360 esse
872 1303 906 1361 et
926 1293 977 1360 ad·
994 1292 1113 1360 lamam
1135 1319 1192 1384 po-

90 1400 160 1491 puli
181 1399 316 1468 Romani
337 1399 511 1492 pertinere,
539 1421 595 1468 eos
618 1397 767 1466 consules
790 1419 860 1468 essa
883 1419 1021 1487 quorum
1042 1399 1193 1466 utrolibet
1205 1415 1238 1470 10

90 1505 174 1573 duee
195 1505 318 1576 bellum
338 1505 510 1572 Etmscum
531 1502 598 1594 geri
619 1512 707 1570 recte
727 1500 839 1590 pessit.
876 1500 993 1568 Fabius
1015 1501 1093 1578 nihil
1107 1503 1192 1570 aliud

89 1621 237 1699 precatus
259 1589 417 1702 po'pulum
431 1608 612 1676 Romanum
634 1628 733 1697 quam
754 1615 791 1674 ut
812 1604 900 1694 priua
922 1630 1019 1696 quam
1033 1606 1115 1674 intro
1138 1633 1192 1676 vo·

91 1725 239 1781 careatur
260 1713 301 1779 ad
322 1711 506 1802 suffragium
528 1710 644 1794 tribus,
665 1708 726 1799 Ap.
750 1707 873 1778 Claudii
894 1710 1048 1799 praeturis
1070 1711 1191 1784 adlatas
1298 1708 1300 1717 '

90 1839 132 1883 ex
153 1815 278 1887 Etruria
299 1815 420 1883 litteras
442 1815 596 1898 audirent,
617 1813 745 1885 centua
766 1812 886 1896 habuit,
909 1837 969 1881 nec
990 1813 1112 1882 minore
1134 1839 1191 1905 po·

161 1983 216 2027 uon
233 1965 322 2042 pessit
338 1965 404 2041 quin
416 1973 529 2054 utreque
541 1961 604 2021 lecu

160 2073 176 2108 a
196 2051 273 2109 Lirin
290 2070 356 2108 eum
373 2053 492 2130 positam
516 2050 605 2112 luerit.

162 2139 197 2198 el.
209 2141 236 2207 5,
248 2141 306 2199 353
326 2137 433 2196 Clusini
450 2157 521 2199 nevo
534 2135 606 2206 bella

747 1969 819 2022 eost.
843 1981 904 2020 ease
927 1981 1041 2039 querum
1065 1961 1193 2058 utralibet

747 2049 846 2110 bellum
865 2059 999 2106 etruscum
1018 2059 1069 2108 cet.

677 2139 720 2198 11.
748 2137 825 2196 nilrr'l
841 2137 929 2198 eliud
945 2145 1085 2212 precatus
1100 2147 1151 2212 μῆ
1168 2145 1193 2201 5¹.

162 2227 282 2284 exterriti
312 2245 372 2288 cum
407 2224 606 2294 multitudinem
748 2245 839 2304 quam
851 2233 898 2296 ut:
914 2223 1037 2298 llluihil
1050 2224 1123 2294 eliud
1134 2245 1192 2302 pre,

160 2331 219 2369 cum
238 2311 337 2370 formes
356 2313 494 2370 hominum
512 2312 605 2368 invisi·

159 2408 228 2460 aaa
239 2407 386 2468 cernerent,
396 2431 429 2442 -
440 2397 543 2476 legates
551 2395 606 2456 Re

158 2505 230 2544 mem
247 2491 295 2554 uei
312 2487 441 2549 amilium
458 2485 492 2545 ab
510 2494 606 2542 senatu

160 2583 282 2650 peterent
298 2577 404 2637 mirere.

110 2659 138 2719 a:
167 2660 198 2716 si
212 2661 288 2717 nihil
304 2661 391 2719 eliud
408 2681 448 2716 ex
466 2681 501 2717 eo
513 2669 606 2718 wla-

160 2747 238 2803 mz'ne
254 2748 357 2802 tulerit
374 2747 443 2802 illue
463 2755 542 2804 certe
562 2747 605 2803 la·

160 2841 277 2890 turum.-
295 2831 323 2889 tt
342 2832 607 2898 m.1.-l1u2.r
654 2891 660 2899 .

162 2919 238 2992 illud.
264 2918 298 2977 P:
321 2921 346 2976 ei
370 2918 439 2975 nihil
457 2917 538 2976 alium
556 2928 607 2979 cet.

162 3039 196 3062 -.-
223 3005 308 3064 Paula
330 3017 394 3085 pest
416 3005 461 3064 tta
488 3005 608 3082 deusque

160 3095 295 3158 mortales,

109 3185 135 3242 8.
160 3191 239 3243 certe
256 3193 286 3239 et
302 3183 337 3239 id
353 3190 463 3240 nature
478 3197 613 3255 aequum

152 3271 297 3343 'exemplo
326 3271 397 3326 utile
419 3289 487 3326 esee
509 3277 538 3325 et
564 3267 610 3324 ad

154 3355 277 3428 famam
292 3357 398 3431 populi
414 3357 531 3413 ramni
540 3375 607 3430 per·-

163 3445 274 3514 tinere]
293 3455 365 3499 certe
377 3441 407 3498 id
419 3452 446 3498 et
457 3451 552 3500 natum
564 3463 607 3498 ee·

162 3549 244 3607 quum
262 3539 289 3584 et
306 3529 427 3608 exemplo
440 3539 491 3589 eet.
505 3559 539 3572 ·-
558 3527 607 3594 ΡΜ

161 3615 234 3688 tells
250 3625 322 3672 certe
331 3625 359 3674 et
369 3617 411 3672 id:
427 3615 538 3684 „siclus
550 3637 607 3673 we·

161 3705 280 3778 riguere
290 3705 329 3762 eci
339 3703 418 3776 thella
428 3703 507 3763 dael‘.
519 3703 607 3762 llae-

162 3790 344 3867 quuexemplo
354 3789 419 3848 utile
429 3791 607 3864 eseeetadlu·

162 3878 610 3955 manpit.pertinereaoscei.eaee

160 3983 274 4040 quarum
284 3963 553 4032 utrolibetdueeeet.
572 3967 609 4024 P:

162 4071 275 4127 aequum
285 4061 311 4112 et
327 4053 450 4132 exemplu
464 4054 530 4111 utile
549 4071 609 4110 esee

162 4146 190 4194 et
200 4129 235 4204 ad
248 4139 347 4202 lenam
356 4147 398 4221 [ri
410 4143 546 4220 pertinere
560 4161 608 4200 aee

747 2321 822 2370 catus
839 2309 969 2388 populum
992 2332 1072 2389 quam
1095 2323 1124 2372 ut
1142 2325 1193 2376 cet.

745 2429 782 2458 ετ.-
809 2397 851 2460 Pa
871 2409 1018 2478 „precatus
1036 2407 1090 2496 ¹fur.
1112 2421 1200 2478 quam·

745 2491 807 2546 rr‘t
833 2485 892 2546 Nee
910 2489 939 2543 in
953 2487 1040 2547 Diale
1052 2488 1131 2550 codd.
1149 2488 1192 2545 rel

747 2593 773 2633 r.
790 2574 834 2631 vel
852 2595 925 2634 rom.
942 2574 1060 2631 defuisse
1076 2574 1193 2640 ridetur,

747 2691 782 2716 -.-
804 2659 910 2718 Trans
928 2661 1029 2718 excidit
1045 2664 1073 2717 in
1086 2661 1192 2723 Leidt.

747 2746 782 2806 ul.
807 2751 838 2814 5,
855 2740 915 2818 dua
938 2749 1046 2803 comitia
1067 2751 1193 2818 curiata,

748 2853 817 2908 quae
829 2853 886 2890 rem
894 2831 1036 2890 militarem
1046 2838 1192 2898 continent,
1211 2854 1216 2878 t

749 2952 783 2962 -
802 2919 842 2978 ll:
861 2942 903 2999 ap.
921 2919 1019 2980 claudii
1030 2911 1083 3001 pii.
1103 2923 1138 2980 P:
1151 2945 1194 3002 ap,

749 3007 848 3066 claudii
865 3015 908 3088 pit

653 3129 655 3134 ,
680 3097 722 3159 ld.
750 3098 868 3154 comitia
877 3094 1137 3168 habuitrl'itlrell.]
1149 3118 1194 3154 ce·

749 3185 825 3242 mitia
843 3184 907 3243 abit.
920 3214 954 3238 -,-
973 3182 1034 3253 Non
1054 3184 1133 3241 video
1146 3205 1195 3243 cur
1256 3253 1282 3265 Β

698 3297 703 3308 ’
748 3269 770 3327 F
772 3271 849 3328 altius
862 3270 957 3327 consul
968 3273 1076 3330 comitia
1096 3272 1195 3329 habere

748 3378 803 3414 unu
822 3359 948 3436 potuerit.
967 3357 1016 3414 sed
1029 3360 1136 3416 videtur
1147 3360 1195 3416 he·

700 3443 707 3453 ⁴
748 3446 835 3502 mirrea
854 3443 949 3502 doctos
961 3447 989 3501 iu
1001 3449 1134 3524 eeriptura
1146 3448 1195 3506 lru*

748 3533 792 3588 ius
815 3531 868 3590 loci
898 3535 1083 3590 constituenda
1112 3545 1139 3591 et
1165 3537 1195 3592 id

749 3620 860 3676 duxisse
878 3619 951 3698 quod
969 3625 995 3689 3,
1013 3623 1057 3682 35.
1076 3622 1110 3678 de
1122 3623 1195 3699 App.

748 3705 865 3766 Claudia
896 3707 1049 3766 decemviro
1081 3709 1196 3768 relatum

750 3795 872 3870 legimus,
891 3816 1051 3873 quemquam
1066 3799 1097 3854 iu
1108 3797 1196 3855 diver-

751 3885 858 3940 sissima
876 3903 906 3940 re
924 3867 996 3941 nulle
1014 3905 1047 3940 ex
1064 3883 1195 3941 habendis

752 3972 869 4027 comitiis
896 3971 998 4029 invidia
1025 3969 1109 4028 Fabio
1136 3993 1196 4030 eve-

751 4059 811 4114 nire
839 4059 935 4135 putuit.
971 4077 1033 4115 nem
1064 4060 1137 4136 qued
1167 4063 1196 4118 iu

753 4141 832 4206 Laid.
844 4164 861 4208 ι.
879 4137 1080 4224 scriptumest
1098 4149 1197 4208 dieitur
