2618 4590
137 154 203 226 636
612 165 775 227 nmunn

25 348 28 354 “
137 356 213 401 cum
234 331 296 425 Ap.
319 332 453 401 Claudio
475 330 588 423 consul
611 341 660 399 est
687 329 805 416 lactus,
837 330 950 422 priore
981 329 1073 397 item
1094 353 1131 398 co
1258 374 1276 438 ,ε

138 439 220 506 iuter
241 462 277 506 se
305 437 477 529 conparati.
515 435 664 503 nobilitas
692 436 851 504 obiectare
873 436 1002 519 Fabio,
1037 435 1153 525 fugisse
1256 481 1262 494 .

136 543 198 635 Ap.
213 543 382 611 Claudium
405 542 562 634 collegam
585 541 766 633 eloquentia
788 540 1009 633 civilibusque
1036 539 1155 606 artibus
1269 608 1276 645 ἱ

136 649 232 718 dubie
253 660 478 739 praestantem.
1273 708 1276 713 .

26 839 29 845 .
105 768 124 825 5
223 752 310 821 XVI.
355 753 499 821 Comitiis
522 749 671 842 perfectis
692 762 817 819 veteres
847 750 1005 821 consules
1032 748 1119 817 iussi
1138 748 1172 815 be
1255 712 1276 858 ξ

21 902 24 909 -
134 857 168 924 in
188 858 320 926 Samnio
343 881 453 949 gerere
475 867 646 948 prorogato
669 855 702 922 in
723 879 782 924 sex
803 879 931 924 meuses
955 855 1122 946 imperio.
1151 853 1161 919 i

5 1022 10 1036 „
133 963 315 1054 insequenti
336 986 467 1053 quoque
495 985 578 1028 anno
601 960 638 1029 L.
661 961 836 1030 Volumnio
857 960 919 1051 Ap.
944 960 1100 1028 Claudio
1126 983 1163 1026 co
1233 1028 1240 1043 x
1272 1027 1276 1048 4

132 1066 194 1141 bus
215 1068 251 1135 P.
269 1067 399 1149 Decius,
421 1065 476 1154 qui
498 1066 611 1133 consul
633 1067 666 1132 in
680 1066 811 1134 Samnio
833 1065 965 1133 relictus
991 1090 1012 1131 a
1038 1063 1171 1154 collega

132 1181 191 1255 rat,
212 1171 386 1261 proconsul
407 1170 495 1236 idem
515 1171 663 1260 populari
689 1195 755 1237 non
777 1170 896 1238 destitit
920 1194 1040 1261 agros,
1072 1169 1180 1235 donee

86 1289 122 1344 10
134 1274 281 1341 mnitium
307 1274 484 1343 exercitum
512 1299 672 1366 nusquam
694 1299 729 1342 se
752 1275 875 1365 proelio
904 1275 1222 1360 committentempr

133 1390 254 1447 stremo
278 1380 401 1471 expulit
421 1379 547 1448 tinibus.
584 1379 743 1446 Etruriam
770 1379 855 1470 pulsi
882 1380 1056 1470 petierunt
1090 1389 1141 1457 et,
1170 1373 1226 1468 qud

131 1483 341 1576 legationibus
375 1485 571 1576 nequiquam
605 1508 703 1574 saepe
715 1493 983 1576 ‘temptaverant‚
1018 1483 1057 1551 id
1091 1508 1133 1551 se
1167 1489 1229 1549 unt

133 1589 259 1681 agmine
286 1601 481 1658 armatorum
512 1589 619 1657 mixtis
648 1600 768 1658 terrore
796 1589 945 1680 precibus
974 1599 1121 1657 acturos
1152 1585 1232 1655 effice

131 1695 199 1762 eius
220 1695 280 1763 rati
308 1694 551 1786 postulavemnt
577 1694 756 1785 principum
777 1694 923 1762 Etruriae
952 1694 1152 1762 concilium.
1188 1712 1236 1782 qm

84 1809 117 1865 15
131 1811 243 1879 coacto
266 1824 324 1890 per
352 1810 432 1890 quot
461 1821 561 1871 annos
589 1822 649 1888 pro
677 1799 823 1868 libertate
852 1798 1004 1866 dimicent
1029 1822 1113 1867 cum
1137 1799 1236 1869 Rome

200 1934 273 2001 eor.)
291 1940 338 1989 eet
343 1930 451 2003 factus
460 1931 563 2006 priore
577 1931 647 1987 item
790 1929 917 1988 Claudio
924 1935 1022 1987 coti„-
1032 1928 1091 1987 Pto
1098 1951 1105 1984 :
1116 1930 1173 1984 nisi
1178 1922 1238 2004 quod

199 2020 357 2076 consulatu
380 2020 456 2075 inter
483 2037 516 2074 ee
539 2030 646 2093 conpa-
727 2085 731 2095 Ι
786 2016 962 2087 thaeman
976 2048 1011 2058 -
1032 2015 1069 2072 h
1088 2014 1171 2075 Leid.
1185 2010 1235 2072 nal

200 2108 294 2162 rantis
313 2104 334 2160 P
352 2126 388 2162 m.
411 2107 437 2164 2.
455 2103 491 2163 Μ.
513 2137 548 2146 -
571 2104 593 2160 P
609 2126 645 2162 m.
787 2103 889 2163 excidit
907 2124 1038 2180 quoque,
1053 2138 1093 2148 -
1106 2103 1136 2160 ll
1154 2124 1189 2158 m.
1205 2101 1237 2154 t:

199 2194 236 2248 1.:
266 2200 355 2249 conis.
381 2200 423 2247 est
444 2191 531 2248 lactus
554 2194 645 2268 priore
784 2200 812 2273 fr
831 2192 923 2248 decius
942 2193 991 2267 qui
1009 2193 1073 2249 cos.
1093 2193 1124 2246 iu
1143 2187 1238 2244 samnio
1273 2212 1276 2217 ·

197 2279 236 2336 ita
263 2277 404 2335 consulatu
431 2287 481 2336 cet.
509 2309 543 2321 -
573 2276 677 2353 (Μ,ι
763 2279 895 2357 ΙιῚιΙῙειιιε
914 2301 931 2334 a
948 2276 1050 2355 collega
1073 2277 1167 2335 luerat
1184 2295 1236 2351 pro·

197 2365 309 2422 Klocl.:
339 2363 403 2420 inde
432 2362 452 2424 l.
482 2364 643 2425 nolumnius.
785 2374 841 2426 eos.
860 2367 998 2425 idemcet.
1018 2368 1116 2426 m.1.:
1134 2363 1236 2421 relictus

195 2451 301 2514 beidi.
320 2451 400 2510 Voss.
413 2472 440 2511 11.
458 2450 525 2512 Lov.
540 2455 566 2513 t.
579 2453 645 2511 mul·
785 2454 894 2529 collega.
912 2453 950 2511 Pa
966 2455 1022 2530 qui.
1041 2461 1070 2532 p.
1086 2453 1184 2510 decius
1196 2451 1236 2526 qui

194 2540 271 2618 lique
288 2559 358 2600 rece.
383 2539 476 2600 codd:
503 2542 594 2617 priore
618 2543 643 2596 ei
786 2549 842 2600 cot.
860 2543 1008 2598 insomnio
1020 2539 1140 2597 relictus
1159 2537 1234 2596 acol-

87 2700 91 2705 .
125 2651 129 2673 ¹
195 2626 336 2687 consulatu
351 2631 423 2686 inter
433 2650 464 2686 se
476 2630 642 2703 conparasti.
784 2629 841 2706 lega
857 2629 944 2689 luerat
958 2635 1069 2706 procos.
1094 2627 1173 2683 idem
1190 2633 1235 2681 eet

195 2747 230 2767 ψ-
249 2718 414 2792 Conporatr'
429 2737 513 2794 aeque
530 2716 557 2776 b.
575 2715 595 2773 l.
613 2736 643 2772 se
784 2716 862 2778 Leid.
875 2738 893 2778 1.
910 2716 991 2774 Voss.
1009 2733 1037 2772 n.
1057 2712 1131 2772 [ον.
1149 2717 1176 2771 t.
1193 2711 1235 2769 al:

194 2813 267 2860 reete
285 2804 367 2859 babet
383 2813 468 2880 ¹atque
486 2796 643 2880 eripiuntur
782 2808 813 2881 p.
834 2805 926 2861 decius
953 2800 1049 2858 consul
1076 2802 1108 2858 in
1132 2800 1234 2860 samnio

193 2891 304 2957 21‚60.:
322 2892 381 2964 ipse
394 2890 448 2946 dux
461 2912 521 2947 eum
539 2891 642 2967 aliquot
783 2890 893 2948 relictus
911 2897 961 2948 cet.

192 2976 361 3053 principibus
374 2977 640 3053 capientes-PM:
713 2981 756 3039 14.
784 2979 868 3055 quod
895 2975 1095 3057 legationibus
1132 2977 1234 3052 nequi·

193 3062 319 3120 nobilitas
329 3064 468 3120 obiectare
475 3065 546 3120 labio
557 3064 640 3121 luisse
782 3082 873 3142 quom
890 3084 980 3139 saepe
995 3054 1234 3138 temptauerunt.-

191 3171 254 3207 eum
281 3172 323 3229 ap.
351 3151 486 3208 claudium
509 3151 639 3228 collegam
780 3152 837 3212 Plll.
859 3183 891 3194 -
908 3150 973 3208 Plla
987 3161 1122 3219 „acturos
1143 3149 1233 3206 effica-

191 3247 242 3297 oet.
264 3237 309 3298 Cl.
328 3242 371 3308 10,
392 3242 448 3299 15.:
467 3239 591 3298 fudisset.
604 3271 638 3280 -
780 3241 835 3298 tius
854 3241 937 3298 rati“.
955 3236 1031 3295 lllulti
1049 3257 1121 3297 rece.
1135 3236 1232 3295 codd:

135 3314 139 3321 ’
190 3323 228 3381 ll:
248 3325 321 3383 baud
339 3326 446 3388 dubiae.
779 3338 888 3385 acturos
905 3327 957 3382 rati
975 3324 1123 3384 efficacius.

137 3413 162 3468 ⁵.
190 3415 534 3484 ueterescose.(t>m.1.:
548 3419 637 3472 conti.
710 3419 753 3476 tt.
782 3435 841 3491 quo
854 3423 969 3471 coacto:
981 3411 1016 3470 bl.
1029 3411 1231 3472 -Plreidtr

188 3519 226 3557 m.
243 3503 282 3558 Ἅι
306 3504 401 3572 consi.)
431 3504 510 3559 iussi
527 3502 638 3557 bellum
779 3503 854 3579 quod
873 3511 1022 3558 coaeto-
1043 3500 1078 3557 P:
1095 3495 1229 3578 pqilan·

189 3586 221 3641 in
238 3586 361 3645 Somnio
378 3609 500 3666 gerere:
517 3586 574 3646 ΡΜ.
601 3617 636 3629 -·
778 3609 838 3646 nos.
856 3609 892 3647 m.
905 3591 943 3646 Ἅι
959 3609 981 3666 p,
999 3596 1066 3664 quot
1083 3607 1180 3643 annos.
1195 3618 1229 3628 -

188 3669 266 3734 Leid.
285 3692 318 3732 n:
344 3676 375 3730 in
400 3678 508 3732 samniti
535 3694 635 3750 gerere.
776 3675 805 3733 lll
822 3695 858 3734 m.
873 3677 915 3734 b:
934 3675 1023 3730 omnia
1042 3683 1155 3751 experto
1167 3693 1229 3729 esse

189 3757 268 3821 Voss.
284 3780 314 3820 n.
332 3759 380 3820 alt:
397 3763 426 3819 iu
443 3765 571 3821 samnites
588 3783 635 3838 ge·
776 3764 899 3819 siaismet
916 3764 1037 3841 ipsorum
1059 3761 1167 3818 uiribus
1185 3771 1226 3817 to·

187 3865 257 3907 rere.
776 3847 862 3906 lerare
880 3859 931 3909 cet.
949 3868 984 3907 m.
1002 3851 1044 3906 2:
1063 3849 1088 3902 si
1107 3849 1225 3916 („ob“)

133 3932 160 3990 6.
187 3933 290 4010 itaque
317 3936 486 4011 insequenti
515 3958 635 4012 quoque
776 3936 1224 4012 suismetipsorumuiribus.m.3.:

186 4038 266 4077 arena
310 4024 344 4083 L.
381 4024 541 4082 Volumnio
577 4026 632 4098 Ap.
776 4032 910 4101 expertos.
