2618 4590
179 272 221 340 14
645 279 816 342 urrann

177 470 270 538 agros
292 447 396 525 eicere
423 453 569 534 possent,
597 443 721 512 clausas
743 443 841 510 -id
869 443 955 511 enirn
982 441 1118 533 primum
1141 443 1275 513 dictator

177 554 389 643 imperaverat
404 590 447 601 -
464 560 574 639 portas
596 548 776 616 inveniunt:
797 548 870 616 inde
892 548 944 616 alii
964 572 1052 616 arma
1069 571 1194 638 capere,
1216 549 1278 631 alii,

177 681 269 749 qrros
283 657 378 725 forte
386 665 524 723 armatos
538 651 694 721 tumultus
708 666 930 745 occupaverat,
951 675 1129 722 convocare
1141 676 1220 721 suos
1242 665 1278 726 ut

136 762 334 853 proelium
356 761 485 827 inirent:
518 760 607 849 quod
628 781 799 827 aceensum
821 759 861 824 nb
891 759 1109 849 desperatione
1135 756 1277 827 hostiurn

145 865 300 963 alenset
322 865 355 932 ni
377 886 553 956 praecones
573 887 632 954 per
654 842 767 931 urbem
788 858 1005 954 dinssntport
1026 886 1113 930 arnan
1134 873 1168 930 et
1188 864 1276 954 parci

64 997 72 1014 ι
158 971 286 1038 inermi
318 970 485 1038 iussissent
511 992 572 1036 nee
598 979 724 1059 praeter
756 978 894 1034 armatos
923 990 1120 1059 quemquam
1148 967 1274 1037 violari:

173 1086 245 1143 turn
268 1072 366 1142 etiam
387 1070 504 1165 quibus
532 1071 628 1139 animi
655 1072 765 1163 inape
792 1066 903 1140 ultima
932 1071 1082 1140 obstinati
1107 1073 1147 1139 ad
1169 1071 1275 1142 dooer-

174 1180 308 1248 tandunr
328 1179 464 1262 fuerant,
485 1175 657 1268 postquam
679 1177 752 1245 data
773 1199 849 1267 spes
870 1175 953 1245 vitae
975 1187 1034 1260 est,
1068 1177 1185 1245 iactare
1208 1201 1275 1267 pas

173 1283 236 1350 sim
258 1307 346 1350 arma
367 1284 578 1373 inermesque,
599 1283 688 1373 quod
710 1282 808 1351 tutius
828 1280 955 1350 fortuna
977 1278 1112 1365 fecerat,
1134 1305 1170 1349 se
1190 1280 1275 1350 lresti

127 1405 164 1460 to
175 1387 302 1455 offerre.
338 1412 452 1479 magna
474 1387 644 1455 multitudo
666 1387 699 1455 in
713 1384 873 1454 mrstodias
890 1384 1004 1455 divisa:
1028 1385 1183 1477 oppidum
1201 1397 1274 1455 ante

173 1504 304 1560 noctem
325 1494 484 1561 redditum
506 1491 641 1559 Sutrinis
667 1491 854 1560 inviolatum
880 1490 1103 1582 tangamque
1125 1491 1165 1558 ab
1189 1491 1275 1559 oumi

172 1596 264 1665 elada
286 1597 376 1682 belli,
399 1599 474 1689 quia
495 1622 562 1666 non
581 1597 616 1666 vi
636 1608 768 1688 captum
788 1596 846 1664 sed
867 1595 1018 1666 traditum
1039 1620 1098 1687 par
1118 1595 1274 1666 eondicio

95 1696 98 1705 ’
172 1724 231 1769 nes
252 1700 367 1770 linerat.

189 1803 193 1808 ⁴
261 1806 317 1873 lv.
363 1806 516 1875 Camillus
538 1807 571 1874 in
592 1807 706 1875 urbem
726 1805 923 1897 trimuphans
951 1805 1043 1875 rediit
1064 1805 1159 1874 trium
1179 1805 1274 1875 simul

126 1925 161 1981 15
172 1908 332 1978 bellorum
352 1912 464 1981 vietor.
500 1913 596 2002 longa
621 1911 777 2003 plurimos
804 1909 948 1999 captivos
970 1934 1012 1977 ex
1033 1909 1176 1978 Etruscis
1202 1922 1273 1977 ante

147 2004 300 2082 'murum
316 2015 415 2101 durrit,
432 2017 553 2108 quibus
575 2016 636 2084 sub
657 2016 750 2084 hasta
770 2012 958 2081 venundatis
978 2025 1105 2081 tantum
1127 2012 1208 2081 aeris
1229 2038 1274 2082 re·

170 2119 300 2186 daeturn
324 2131 387 2204 est,
419 2132 456 2188 ut
482 2121 586 2212 pretio
608 2146 668 2212 pro
695 2144 774 2187 auro
803 2118 956 2186 matronis
983 2117 1147 2208 persoluto
1171 2141 1274 2186 exeo

170 2224 262 2311 quod
282 2237 448 2313 supererat
469 2237 534 2292 tres
556 2237 685 2315 paterae
708 2246 821 2291 aureae
837 2222 940 2290 laetae
955 2221 1026 2306 siut,
1048 2245 1129 2311 quas
1150 2246 1228 2290 eum
1240 2223 1273 2309 ti·

169 2325 239 2392 tulo
261 2327 398 2409 nonrinis
414 2328 539 2396 Camilli
561 2341 633 2397 ante
647 2327 840 2421 Capitolium
859 2327 1025 2395 incensum
1046 2327 1079 2392 in
1093 2327 1178 2395 lovis
1192 2327 1272 2395 cella

122 2440 296 2512 tosonstat
316 2441 389 2500 ante
412 2435 511 2525 pedes
524 2434 653 2502 Iunonis
674 2431 796 2524 positas
816 2431 924 2500 fiisse.
968 2429 1018 2498 Eo
1041 2454 1125 2499 anno
1146 2431 1179 2498 in
1202 2431 1273 2500 eivi-

185 2642 212 2698 5.
240 2641 273 2697 m·
286 2642 466 2717 praecones.
489 2641 578 2702 ll.-
603 2643 639 2701 P:
657 2646 686 2702 nl
827 2638 1272 2710 restauraturum

222 2747 381 2808 precones.
392 2730 561 2791 -Prn.1.:
574 2733 685 2812 etparci
735 2736 737 2744 ’
827 2729 892 2791 dati.
911 2729 985 2796 ott,
1002 2731 1046 2788 34.
1064 2728 1147 2798 „aliis
1163 2732 1215 2790 sub
1227 2751 1270 2789 eo·

239 2815 397 2876 inhermi.
826 2837 893 2874 rona
911 2815 1104 2876 redundatis“.

169 2902 212 2960 ll'.
238 2904 405 2961 redditum:
436 2901 564 2964 Pst-
603 2904 685 2966 Reee.
736 2904 800 2962 .17.
827 2913 860 2961 ut
877 2906 974 2980 pretio
989 2922 1046 2980 pro
1069 2924 1145 2961 suro
1163 2913 1270 2962 matro-

238 2990 333 3050 eodd.=
351 2991 484 3050 redditur,
641 3030 644 3035 -
825 2991 874 3046 nis
880 2989 1124 3066 persolutorl'll:
1134 2991 1187 3048 nisi
1197 2992 1272 3068 quod

169 3076 211 3134 ta.
237 3096 293 3150 per
309 3077 513 3134 condiclones:
530 3076 600 3138 Pru.
613 3081 684 3137 2-
778 3091 783 3099 ·
826 3073 855 3132 tt
883 3079 1046 3152 „praetio“.
1082 3076 1126 3138 Cf.
1153 3080 1185 3146 5,
1211 3082 1270 3139 su:

176 3186 179 3195 ·
237 3162 314 3222 Ριιι.
334 3167 358 3221 1.
376 3162 417 3220 tt:
438 3183 489 3240 per
505 3165 684 3226 conditiones.
825 3181 909 3228 neum
928 3164 956 3220 in
974 3165 1083 3242 publico
1101 3164 1208 3223 deesset
1225 3187 1270 3224 au·

237 3247 296 3309 seil.
315 3250 437 3307 Etruscis
455 3250 488 3307 ab
502 3249 629 3313 Sutrinis.
824 3266 884 3306 rum
910 3269 944 3309 ex
966 3272 1021 3329 quo
1046 3256 1155 3310 summr‘
1176 3262 1272 3334 pactae

169 3336 212 3401 11.
239 3337 388 3396 Camillus
410 3340 442 3394 in
464 3339 565 3396 urbem
581 3343 682 3404 triwn·
823 3338 956 3396 mercedis
980 3338 1065 3397 Gallis
1088 3340 1230 3410 confluet,
1253 3363 1269 3399 a

224 3424 331 3498 phana
343 3426 446 3501 rediit:
464 3424 521 3486 Pll
534 3458 568 3470 —-
580 3427 655 3487 Harl.
664 3448 681 3488 ι.
754 3468 758 3473 -
779 3476 783 3481 .
823 3427 954 3485 mamonis
966 3425 1099 3487 conlatum
1107 3439 1269 3509 acceperant

233 3509 314 3581 Leid.
339 3532 369 3573 1.:
399 3513 568 3591 triumphans
594 3537 681 3592 prae·
780 3526 784 3534 ’
821 3522 852 3569 ut
869 3532 946 3570 saero
968 3535 1032 3572 auro
1056 3515 1267 3577 abstineretur“.

233 3599 324 3652 mium
351 3600 395 3656 ad
415 3621 471 3671 aas
497 3604 680 3662 venientibus
822 3598 939 3664 -Lant
947 3621 1041 3681 nrque
1050 3605 1146 3678 pretio.
1155 3601 1265 3664 Haris:

233 3684 326 3741 rediit:
347 3688 397 3754 (!).
820 3691 953 3774 qipretio.

87 3805 88 3809 =
181 3780 215 3812 -'-
233 3773 323 3828 trium
350 3773 441 3830 simul
466 3775 611 3834 bellorum
635 3779 677 3834 ul·
750 3774 792 3833 18.
818 3776 1217 3852 treapoteraeoureoesPlll.
1230 3809 1265 3822 -

201 3916 206 3925 ,
231 3867 309 3916 ator:
317 3857 373 3918 Plll.
384 3859 465 3921 CRT.
473 3862 532 3919 Liri
542 3884 677 3942 prooemr
816 3861 1045 3936 llltsnetoaeint.
1056 3863 1089 3919 P:
1101 3863 1264 3927 laetaesuut.

194 3960 198 3967 '
231 3945 319 4015 „dum
337 3949 400 4004 novi
424 3968 540 4024 semper
561 3953 676 4030 scripto·
763 3972 771 3997 s
818 3983 851 3996 -
872 3950 994 4011 Laide:
1013 3961 1068 4007 nea
1084 3960 1192 4025 paterae
1210 3953 1263 4009 ele·

229 4035 462 4094 res-*eredunt‘fi
481 4034 515 4093 al.
720 4064 722 4068 ’
776 4086 780 4095 ,
817 4039 985 4098 raa-tt:
1004 4039 1117 4095 iniouis
1135 4037 1200 4096 cella
1215 4045 1262 4097 eds

160 4118 202 4177 16.
231 4121 339 4196 quidus
352 4120 509 4179 sublesta
523 4125 675 4183 venunda-
816 4134 856 4182 tat
873 4135 935 4183 ante
952 4112 1009 4186 eet.
