2618 4590
347 256 351 267 ·
415 344 419 351 Ι
518 252 691 316 urorum
1096 241 1163 309 635

10 411 26 453 ἶ
57 425 205 482 ceterum
226 426 260 482 et
279 415 397 482 Fabius
418 402 678 506 supplementum
700 417 740 482 ab
763 417 865 483 Roma
895 418 1026 486 adduxit
1050 430 1083 488 et
1103 441 1159 501 no·

10 516 22 579 :⁵
56 543 119 587 vus
142 520 299 587 exercitus
323 521 420 587 domo
443 521 562 588 accitus
584 518 726 587 Etruscis
749 522 845 589 venit.
861 560 904 572 -
919 522 1072 591 Permulti
1085 502 1164 591 anni

10 624 19 664 ²
55 626 123 692 ism
146 636 236 691 erant
257 648 332 690 cnm
353 624 435 691 inter
456 624 604 715 patricios
626 625 826 716 magistratus
847 625 1056 719 tribunosque
1070 627 1157 694 nolle
1183 636 1185 641 ’

10 732 15 767 r
55 729 229 798 certamina
251 729 383 812 fuerant,
406 752 481 796 cum
502 754 544 798 ex
567 753 604 797 ea
619 729 737 798 familia
755 738 837 823 quse
855 730 943 798 velut
964 730 1068 798 letalis
1082 755 1157 800 cum
1271 750 1275 765 ¹

10 842 14 861 ¹
54 832 189 904 tribunis
213 858 250 902 ac
271 834 366 924 plebe
396 846 463 903 erat
490 846 651 903 certamen
679 836 789 903 oritur:
824 834 1059 926 Ap.·Claudius
1086 851 1191 907 cen-t

54 945 114 1008 sor'
133 940 331 1007 circumactis
354 941 467 1008 decem
488 951 522 1007 et
543 951 618 1007 octo
641 941 814 1024 mensibus,
833 942 922 1031 quod
936 941 1069 1008 Aemilia
1084 940 1155 1030 lego

52 1045 178 1112 finitum
206 1067 359 1111 censurae
388 1043 526 1134 spatium
553 1044 710 1132 temporis
735 1056 817 1128 erat,
851 1064 926 1113 cum
954 1044 1177 1137 optantius

53 1150 177 1240 collega
201 1150 268 1216 eius
298 1148 481 1237 magistratu
508 1172 544 1216 se
572 1149 763 1232 abdicasset,
789 1138 929 1216 nulla‘vi
958 1146 1097 1240 conpelli
1118 1161 1154 1219 ut
1194 1226 1197 1231 ,

53 1244 216 1322 abdicaret
244 1251 357 1342 potuit.
395 1252 431 1319 Ρ.
461 1254 671 1348 Sempronius
699 1264 768 1323 erat
797 1253 941 1321 tribunus
968 1253 1070 1344 plebis
1098 1253 1154 1344 qui

122 1404 215 1463 m.1.:
238 1400 273 1458 ad
290 1402 410 1459 sutrium.
440 1399 523 1462 ttm.
541 1404 567 1462 ⁸2.

125 1489 158 1546 P:
186 1489 219 1545 ad
239 1491 361 1545 sutrium.
384 1519 414 1531 -·
440 1486 518 1547 Leid.
535 1509 566 1547 r.:

121 1574 221 1651 collega
239 1575 324 1631 Fabio
337 1573 369 1632 C.
381 1573 497 1631 llarcius
512 1575 565 1633 llu-

120 1663 195 1719 tilins
214 1664 301 1722 datus.
320 1661 380 1718 erl:
404 1658 506 1736 collega
527 1661 564 1720 ir·

102 1751 166 1825 ¹bio
186 1771 208 1808 c.
223 1752 337 1806 martius
355 1749 460 1807 rutilius
478 1746 567 1810 datus.

84 1884 91 1898 .
120 1847 247 1896 ceterum
269 1846 298 1894 et
314 1836 427 1894 Fabius
449 1838 565 1913 supple·

117 1933 246 1985 mentum
263 1924 407 1982 obllomu
418 1924 565 1983 adduxit:

119 2012 203 2072 Prisc.
224 2013 265 2079 15,
277 2014 303 2071 l.
315 2014 341 2070 9,
355 2042 388 2052 -
400 2009 449 2066 Plll
459 2031 563 2069 omnes·

118 2118 171 2176 que
197 2097 323 2155 meliores
350 2107 377 2152 ct
398 2098 513 2155 Palatini
536 2110 563 2157 et

118 2185 255 2246 Drakenb.
286 2185 381 2243 coddz
421 2197 561 2254 „ceterum

117 2282 144 2331 et
165 2274 265 2331 l‘abius
286 2271 501 2350 supplementum
527 2273 561 2331 ab

116 2360 201 2418 Roma
219 2360 364 2419 abduxit“.

61 2454 88 2510 2.
110 2449 252 2525 permulti
259 2450 395 2505 anniiom
404 2457 561 2505 erautcum

97 2540 190 2619 ¹inter·
206 2536 347 2609 patricios
364 2539 456 2614 mogg'
470 2537 559 2592 tribu·

115 2642 199 2697 nosq.
216 2622 301 2678 nulla
316 2624 479 2678 certamino
489 2621 561 2693 fue·

115 2717 198 2766 rant:
210 2707 258 2762 ΡΜ
269 2705 560 2776 (Leid.1.voss.a.at.).

116 2829 150 2844 -
164 2795 230 2853 Lor.
242 2795 281 2852 l:
294 2792 420 2871 permulti
432 2794 485 2848 iarn
498 2797 561 2849 anni

68 2882 70 2886 ’
114 2892 198 2942 erent.
209 2912 240 2923 -
250 2879 273 2937 P
283 2878 443 2941 eodKloelr.
455 2900 557 2937 omnes·

115 2978 168 3051 qu'e
180 2987 266 3049 prope
283 2987 352 3028 rece.
371 2968 454 3027 Dralr.
467 2967 561 3026 codd:

94 3058 207 3137 '‚‚quae
224 3057 298 3115 uelut
321 3055 411 3113 letalis
429 3075 490 3113 cum
513 3057 560 3112 tri·

115 3149 194 3203 bunis
212 3165 243 3200 ae
269 3143 348 3223 plebe
372 3151 451 3203 eratt‘
474 3143 561 3215 (‚‚dis

113 3232 258 3311 gleichsam
275 3250 338 3288 vorn
356 3231 495 3288 Schiclsal
514 3230 558 3287 be·

113 3323 216 3378 stimmt
228 3337 286 3375 war
300 3319 361 3378 dem
373 3317 560 3394 Velle-entge·

113 3408 348 3486 genzutreten“):
398 3425 559 3482 quamquam

113 3497 202 3577 primo
212 3503 239 3549 et
254 3494 282 3548 in
295 3490 317 3547 P
329 3501 356 3548 et
373 3492 441 3550 inll
459 3494 559 3550 luerat:

114 3579 260 3650 ‚',latalcs“¹
288 3579 361 3637 llaec
378 3581 460 3637 verba
477 3581 559 3654 signi·

113 3669 203 3736 ficare,
221 3665 362 3725 Claudiam
384 3676 489 3742 gentem
506 3668 560 3727 sibl

114 3767 214 3813 sortem
243 3756 333 3821 datam
363 3774 422 3811 esso
452 3762 561 3831 putasse

115 3864 175 3900 cnm
200 3842 370 3900 tribuniano
392 3841 471 3920 plebe
498 3861 561 3899 con·
620 3842 634 3855 ''

115 3929 243 3987 tendendi
252 3929 379 4011 plebique
391 3928 561 3997 adversandi,
625 3933 628 3940 '

114 4018 159 4073 vix
189 4034 349 4095 quemqnam
384 4016 561 4094 praeterierit.

113 4104 148 4164 cl.
176 4101 329 4165 simillimus
357 4105 436 4165 locos
456 4106 495 4175 θ,
521 4105 560 4163 l.:

710 1404 756 1471 „si
774 1401 841 1458 nihil
859 1421 924 1458 cum
942 1404 1095 1480 potentiore
1112 1402 1153 1459 lu·

709 1492 747 1547 ris
760 1490 869 1545 humani
878 1489 1036 1565 relinquitur
1045 1491 1152 1561 inopl“.

708 1578 876 1654 Quamquam
900 1576 966 1632 baec
987 1576 1153 1633 adversativa

680 1692 683 1700 ·
709 1666 750 1722 vis
767 1663 915 1740 particulae
928 1678 993 1720 cum
1004 1665 1071 1720 satis
1088 1670 1151 1719 nota

708 1772 768 1808 esse
779 1751 873 1807 debuit
884 1748 935 1819 (cl.
949 1748 1046 1806 bellum
1060 1768 1152 1826 gerere

707 1837 911 1915 eumalium),
933 1846 1023 1893 tamen
1045 1844 1072 1891 et
1088 1835 1151 1892 lmie

703 1924 766 1982 loco
777 1927 827 1982 riri
841 1925 914 1981 docti
924 1924 1085 1981 coniecturis
1093 1925 1150 1979 suis

705 2011 807 2069 mederi
831 2010 985 2068 voluerunt:
1016 2031 1077 2067 nam
1103 2012 1150 2086 qui
1216 2050 1224 2063 Ι

636 2124 639 2146 ι
705 2097 900 2156 Frobenianam
918 2099 1063 2156 editionem
1075 2117 1151 2174 para·

705 2197 781 2266 runt,
798 2186 881 2243 scribi
901 2186 1041 2244 voluerunt
1058 2204 1151 2262 „quw

704 2273 776 2329 velut
802 2272 889 2330 letalis
907 2283 963 2331 tunt
984 2272 1100 2330 tribunis
1118 2291 1150 2328 ao
1191 2272 1196 2281 “

702 2360 775 2436 plebi
793 2366 885 2429 erat“,
903 2370 930 2416 et
947 2359 968 2419 l
986 2360 1030 2420 Fr.
1043 2358 1160 2435 (deono-¹

702 2449 761 2505 vius
779 2470 829 2527 pro
840 2448 955 2520 satalia
972 2450 1038 2528 poni
1056 2444 1150 2504 maluit

703 2544 785 2602 „nata
803 2534 929 2597 litibus“.

649 2624 674 2681 6.
702 2625 886 2695 circumactis
912 2622 1012 2679 decem
1034 2629 1063 2677 et
1083 2628 1150 2676 osto

702 2711 866 2766 mensibus.-
884 2707 942 2769 PM.
954 2737 988 2749 -
1008 2705 1073 2764 Pall.
1084 2709 1108 2764 1.
1120 2708 1147 2764 3.

703 2794 780 2852 Voss.
799 2813 826 2853 u.
845 2792 895 2855 ala
920 2797 987 2850 actis
1010 2794 1148 2851 decernet

702 2890 763 2935 octo
776 2881 922 2941 mensibus.
940 2879 984 2939 Cf.
997 2898 1039 2938 ex.
1050 2895 1089 2953 gr.
1102 2880 1148 2946 93,

665 2968 670 2977 '
701 2970 760 3026 30.:
787 2969 948 3024 circumacto
972 2968 1052 3025 tertio
1075 2984 1147 3022 anno

702 3056 793 3130 punici
813 3053 884 3114 belli.
902 3059 928 3123 9,
938 3058 994 3114 bd:
1013 3069 1083 3110 anno
1097 3053 1147 3109 eir-

703 3152 834 3205 eumacto.
855 3141 889 3203 al.
918 3174 951 3187 «-
982 3141 1046 3201 ΡΜι
1072 3139 1146 3219 quod

701 3224 830 3289 Acutilio
848 3231 915 3309 legs
928 3229 1033 3286 linitum
1051 3247 1144 3287 censu·

700 3337 746 3373 rae
775 3319 891 3394 spatium
921 3317 1049 3393 temporis
1079 3323 1146 3375 erat.

700 3405 743 3463 Cl.
763 3406 788 3472 l,
806 3405 850 3462 24.
868 3435 901 3449 -·
920 3401 987 3462 [ιον.
1005 3405 1030 3463 l.
1048 3401 1097 3461 al:
1116 3410 1146 3459 ut

700 3513 735 3551 se
751 3491 896 3550 abdicaret.

648 3584 673 3639 o.
700 3577 734 3639 Ρ.
747 3578 942 3654 Sempronius
959 3586 1024 3635 erat
1039 3583 1077 3636 tr.
1086 3578 1145 3654 pl..-

702 3664 736 3726 ll.
771 3696 804 3709 -·
835 3666 870 3723 l’:
900 3673 927 3746 p.
957 3665 1145 3743 sempbronlus

686 3763 760 3810 -erat
786 3761 819 3811 ti.
846 3751 884 3832 pl.
919 3752 979 3821 „Es
1009 3771 1067 3808 war
1096 3749 1147 3807 der

701 3839 875 3898 Vollstribun
902 3838 932 3898 P.
959 3839 1145 3916 Sempronius,

702 3927 752 3984 der
779 3948 807 3984 os
832 3927 880 3984 aul
904 3926 962 3982 sich
989 3943 1145 4001 genommen

635 4051 651 4081 .
701 4013 785 4082 batte,
803 4014 847 4072 die
864 4014 957 4071 Dauer
975 4014 1024 4071 der
1041 4011 1146 4071 Consur

690 4100 807 4199 ‘wieder
826 4100 875 4162 aul
895 4101 941 4159 die
963 4122 1025 4163 rom
1047 4100 1145 4160 Gesetr
