2618 4590
526 225 635 285 nom
652 224 721 290 vm
1108 213 1173 287 405
1211 204 1214 217 ¹

74 390 235 458 abdicaret
265 388 413 457 consules
446 388 565 456 creavit
597 386 634 454 C.
667 376 845 479 Sulpicium
877 389 1025 482 Longum>
1055 391 1172 461 iterum
1222 362 1225 384 ι
1295 416 1298 421 ’

72 497 118 583 Q.
136 494 307 562 Aemilium
330 493 548 561 Cerretanum.
588 492 748 560 Samnites
775 494 891 561 inlecta
918 518 997 584 pace
1025 498 1099 588 quia
1127 498 1169 566 de

70 599 308 668 condicionibus
331 596 482 687 agebatur
502 596 637 664 indutias
660 621 780 665 annuas
803 594 843 669 ab
870 597 949 665 urbe
975 601 1168 685 rettulerint,

69 728 131 772 nec
153 727 262 771 earum
283 703 422 792 ipsarum
436 712 553 774 ⁴sancta
574 701 654 768 fides
675 702 752 786 fuit·
765 703 862 788 adeo,
882 713 1059 797 postquam·
1076 704 1166 794 Papi-

68 810 152 875 rium
174 808 277 882 abisse
299 806 482 896 magistratu
503 805 683 873 nuntiatum
704 817 761 890 est,
784 807 896 877 arrecti
918 807 959 874 ad
981 807 1200 885 bellandumt

68 914 165 980 nnn
187 924 270 980 sun.
309 911 346 979 c,
368 911 510 1001 supino
534 910 574 996 o.
596 908 733 979 nemun
748 950 792 961 -
806 911 938 986 aunum
956 896 1090 1002 'quidam
1112 926 1188 981 aas

66 1020 157 1113 nales
178 1016 298 1084 habent
317 1054 362 1064 -
384 1014 567 1087 consulibus
590 1015 631 1081 ad
647 1012 1065 1086 defectionemSamnitium
1079 1016 1164 1107 Apu·

66 1124 136 1189 lunr
157 1145 278 1190 novum
298 1119 420 1187 bellum
442 1117 590 1194 accessit:
622 1129 760 1208 utroque
783 1121 941 1195 exercitus
963 1121 1067 1193 missi:
1093 1119 1164 1198 Sul,

64 1228 149 1319 picio
176 1216 349 1308 Samnites,
380 1222 477 1313 Apuli
503 1222 640 1290 Aemilio
667 1235 753 1291 sorte
783 1235 966 1294 evenerunt
1005 1237 1080 1294 sunt
1107 1225 1172 1316 qui

64 1358 131 1402 non
152 1333 228 1424 ipsis
248 1327 360 1419 Apulis
382 1326 504 1402 bellum
526 1327 667 1403 inlatum¹
681 1330 739 1396 sed
761 1330 867 1397 socios
890 1331 958 1397 eius
981 1331 1082 1420 gentis
1103 1347 1216 1421 polo,

64 1439 158 1530 pulos
181 1437 220 1504 ab
237 1431 428 1502 Samnitium
450 1431 482 1499 vi
504 1444 600 1522 atque
621 1432 741 1498 iniuriis
764 1433 913 1501 defensos
935 1432 1091 1519 scribant:
1113 1458 1162 1511 ce

64 1555 169 1612 terum
190 1543 317 1609 fortuna
334 1535 525 1604 Samnitium
546 1536 600 1603 vix
622 1561 640 1602 a
662 1559 698 1603 se
712 1536 789 1626 ipsis
812 1562 852 1604 eo
867 1547 1013 1629 tempore
1034 1540 1173 1631 propul-¹

66 1648 203 1717 santium
223 1645 348 1712 bellum
369 1640 501 1730 propius
523 1652 561 1707 ut
581 1640 622 1708 sit
642 1665 720 1710 vero
742 1641 817 1709 facit
838 1666 904 1708 non
919 1643 1030 1733 Apulis
1052 1644 1092 1710 ab
1107 1643 1163 1711 Sa-

62 1753 213 1822 mnitibus
236 1771 323 1816 arma
344 1735 450 1828 inlata,
475 1744 534 1811 sed
555 1768 630 1811 cum
652 1740 786 1838 utraque
809 1730 904 1812 ¹simul
926 1752 1020 1839 gente
1040 1747 1162 1825 bellum

62 1856 215 1926 Romanis
236 1852 352 1924 fuisse„
381 1872 443 1920 nec
463 1859 572 1925 tamen
592 1873 645 1917 res
663 1851 732 1918 ¹ullu
747 1850 961 1919 memorabilis
979 1838 1065 1919 acta}
1088 1874 1162 1942 ager
1175 1868 1209 1926 15

61 1960 187 2052 Apulus
202 1956 431 2044 Samniumque
454 1964 640 2037 evasurum,
662 1955 774 2024 hostes
795 1980 856 2025 nco
875 1955 929 2023 hic
951 1980 1011 2024 nec
1032 1955 1097 2024 illie
1117 1956 1162 2022 in·

60 2064 159 2134 venti.
195 2063 318 2130 Romae
340 2069 518 2151 nocturnus
536 2068 638 2126 terror
659 2060 703 2127 ita
725 2084 766 2127 ex
795 2083 916 2127 somno.
936 2061 1094 2155 trepidam
1114 2058 1165 2131 re·¹
1267 2070 1270 2077 '

61 2180 160 2262 pente
176 2167 336 2235 civitatem
352 2160 469 2233 excivit
482 2173 519 2230 ut
533 2161 837 2263 Capitoliumatque
851 2190 908 2232 arx
921 2164 1113 2259 moeniaque
1129 2175 1163 2233 et

697 2297 791 2356 ‘dum
815 2274 937 2356 'Leidsn
963 2295 1089 2367 Vocon.
1113 2294 1161 2357 alc

716 2385 835 2460 porrecti
864 2384 898 2440 ad
928 2374 1083 2446 bellandum
1111 2393 1161 2445 cot.

716 2470 798 2530 Recc.
816 2471 925 2548 quidam
943 2471 1036 2532 cudda:
1053 2473 1144 2531 erecti.
1198 2533 1204 2543 ,

133 2300 203 2356 cium
220 2297 330 2373 longum
347 2300 446 2356 iterum
457 2314 483 2371 q.
491 2296 576 2358 ‚aemi-

131 2387 198 2444 lium
218 2395 391 2442 cerrotonum.

78 2478 106 2534 2.
135 2473 257 2550 quiade
273 2471 494 2527 condicionibus
506 2490 575 2549 agc-

132 2563 235 2618 hotur:
252 2557 313 2615 Pll:
333 2557 420 2626 „weil
436 2577 499 2615 man
516 2557 575 2614 sich

132 2649 199 2704 liber
222 2646 266 2704 die
289 2645 482 2720 Bedingungen
504 2643 575 2701 noch

132 2733 208 2790 nicht
224 2733 355 2804 vereinigt
378 2731 484 2790 hattc“.
502 2762 536 2773 -
554 2729 576 2790 1.

131 2821 176 2878 l'r.
193 2818 277 2876 Gron.
302 2826 330 2872 et
350 2816 384 2874 A.
406 2817 576 2872 Drakenbor-

132 2904 575 2982 chiusambigebaturpotiushau

130 2997 259 3052 buerunt:
271 3033 288 3062 „
293 2991 357 3049 weil
366 3011 428 3053 man
439 2990 498 3052 sich
509 2991 576 3047 dher

133 3084 178 3140 die
189 3079 382 3156 Bodingungen
399 3077 475 3139 nicht
490 3079 575 3136 varei-

68 3190 76 3205 ·
133 3172 212 3243 nigen
230 3168 358 3225 lonnte“.

77 3262 106 3318 3.
133 3257 268 3313 inducias
294 3274 413 3311 annuns
438 3252 577 3310 absurde

114 3414 117 3419 Ι
133 3345 323 3405 rettulerunt:
341 3341 386 3414 Μ]
400 3339 517 3399 indutias
530 3361 575 3396 an-

133 3450 200 3491 nuas
224 3431 257 3485 ab
280 3430 346 3485 urbe
368 3427 517 3483 retulerunt
538 3426 577 3497 (P

133 3514 575 3584 m.1.).-Pm.2.:inducias.—

132 3605 195 3663 PM.-
205 3624 254 3661 ucc
261 3606 298 3672 (5,
304 3606 359 3676 33.)
365 3604 579 3680 earumipsarum

664 2561 691 2619 6.
715 2560 966 2635 Auliumquidom
974 2561 1100 2618 annales
1109 2557 1162 2616 Iro·
1279 2616 1283 2623 ,

716 2648 799 2703 bont:
816 2645 873 2721 sig.
891 2646 1027 2708 Gelenius.
1052 2676 1086 2690 -
1112 2643 1163 2704 ΡΜ

717 2732 788 2791 rell:
808 2733 897 2790 aulum
915 2735 1024 2810 quidam
1036 2755 1096 2792 ann.
1111 2743 1161 2792 cet.
1209 2767 1211 2771 ·

712 2817 762 2878 Cf.
780 2823 807 2887 9,
827 2822 869 2880 15.
887 2823 931 2879 22.
949 2853 984 2863 -
1010 2821 1162 2884 Pllltcofis.

718 2905 771 2978 (lla
785 2911 860 2979 cos.)
879 2906 913 2963 ad
932 2905 1108 2969 delectionem
1120 2924 1161 2961 sa·

716 2993 904 3064 muitiumlll:
914 2996 1162 3069 samniolumlnpn-

716 3078 772 3138 lum
795 3101 896 3139 nouum
918 3081 1019 3141 bellum
1040 3080 1160 3137 arceant.
1254 3141 1256 3144 ,

717 3199 751 3221 -τ
771 3168 809 3225 Pe
824 3169 896 3248 apuli
911 3168 1002 3233 emilie
1015 3176 1089 3224 sorte
1100 3185 1161 3224 eue-

715 3266 822 3315 nerunt.
832 3290 866 3304 ψ-
879 3258 923 3317 De
931 3256 1026 3334 Apulis
1039 3253 1073 3312 cf.
1082 3254 1164 3320 835.

647 3344 691 3403 12.
719 3346 773 3415 uin
791 3364 811 3399 α
828 3365 862 3402 se
885 3347 959 3418 ipsis
977 3364 1011 3402 co
1031 3351 1163 3416 tempore

714 3431 954 3506 propulsantium
981 3429 1104 3486 bellum:
1129 3425 1160 3487 P.

718 3550 752 3558 —
770 3516 814 3573 ll:
832 3517 1052 3594 p'rooulsantium.
1069 3544 1105 3563 -
1124 3513 1159 3571 P:
1275 3542 1276 3547 ¹

717 3607 844 3682 proprius
862 3617 892 3664 ut
909 3608 946 3663 sit
963 3625 1038 3666 uero.

132 3704 225 3750 anneta
242 3691 311 3748 fides
328 3691 388 3748 fuit.
406 3688 480 3751 Harl,
492 3708 511 3747 1.
529 3688 577 3747 alr
649 3692 691 3752 15.
718 3711 793 3770 ngcr
821 3694 930 3768 opulus
957 3693 1162 3766 somniumque

134 3780 202 3836 facta
213 3780 282 3835 fidos
294 3779 353 3837 fuit.
365 3807 400 3818 ·-
413 3775 462 3835 ΡΜ
473 3775 546 3835 Harl.
557 3795 576 3835 1.

136 3867 182 3926 al:
201 3868 298 3922 arrecti
311 3864 345 3922 orl
356 3863 508 3924 bellandum
520 3863 577 3918 ani-

133 3956 171 4014 mi
188 3963 259 4015 sunt.
277 3954 299 4010 P
311 3972 347 4013 ru.
360 3956 399 4011 ¹.:
415 3949 450 4009 ad
469 3947 575 4010 belam-

718 3779 937 3837 cuostotumtll
948 3800 984 3843 m.
999 3784 1023 3838 1.
1032 3779 1054 3835 P
1062 3775 1162 3835 Harlr.

717 3863 795 3925 Leid.
810 3886 829 3929 ι,
841 3866 876 3928 al.
900 3899 934 3911 -
961 3867 989 3924 ll
1001 3886 1036 3929 m,
1054 3866 1094 3928 δή
1116 3882 1162 3921 ua·

716 3959 822 4015 statum.
