2816 4726
531 253 640 314 LIBER
658 256 705 315 ΙΧ.
909 261 913 308 i

1096 227 1169 308 'saa
1252 185 1256 189 ⁸

59 414 123 482 ubi
144 413 298 483 celeriora
320 439 418 506 quam
439 415 556 484 tutiera
578 418 709 484 consilia
732 419 832 510 nugis
855 418 1003 508 placuere
1026 413 1169 500 ducibus,
1260 487 1264 498 ,

60 518 139 586 sole
162 529 233 586 orte
256 519 381 609 signum
397 507 523 610 pugnae
538 523 740 611 propositum
762 535 813 591 est
829 522 1004 611 armatique
1018 521 1051 588 iu
1066 520 1168 588 aciem
1199 559 1217 584 .·

58 623 255 718 procedunt.
279 625 367 714 quod
390 634 563 714 postquam
585 619 709 693 consuli
724 627 903 694 nuntiatum
926 636 984 708 eat,
1004 623 1167 713 extemplo
1209 687 1216 696 .

57 737 221 794 tesseram
243 727 310 796 dari
332 728 422 796 iubet
442 738 478 795 ut
498 728 653 820 prandeat
673 731 771 816 miles,
785 730 981 822 firmatisque
1003 709 1075 796 cibe
1096 726 1166 796 viri-

57 829 127 896 bus
149 855 237 898 arma
265 832 379 924 capiat.
411 834 497 902 dicto
519 845 657 926 paretur.
695 835 808 903 consul
829 835 885 902 ubi
911 843 1050 902 armatos
1077 844 1203 921 para-5
1295 927 1297 935 Α

32 933 182 1024 ¹torque
204 936 290 1020 vidit,
312 938 400 1028 signa
422 948 512 1005 extra
533 937 654 1006 vallum
674 939 809 1028 preferri
830 938 921 1007 iussit
942 948 975 1005 et
989 936 1075 1004 haud
1094 959 1166 1026 pro-

57 1037 119 1104 cul
141 1037 235 1107 hoste
256 1041 405 1110 instruxit
426 1043 538 1112 aciem.
576 1043 770 1133 aliquamdiu
790 1041 1083 1131 intentiutrimque
1105 1049 1166 1108 ste·

57 1153 173 1212 terunt
194 1158 400 1236 expectantes
422 1159 459 1215 ut
486 1147 527 1214 ab
550 1147 736 1216 adversariis
759 1147 881 1216 clamor
898 1157 936 1216 et
962 1167 1069 1236 pugna
1091 1142 1165 1210 inci
1230 1221 1232 1230 A

53 1259 170 1338 peret,
198 1261 232 1318 et
252 1251 338 1339 prius
360 1251 410 1320 sel
432 1252 563 1321 meridie
587 1251 637 1338 ¹se
655 1251 817 1320 inclinavit
844 1275 941 1342 quam
967 1249 1068 1318 telum
1089 1247 1165 1316 hine

54 1362 119 1418 aut
140 1351 226 1420 illinc
248 1355 401 1423 emissum
424 1367 483 1426 est.
519 1356 594 1424 iude
615 1381 657 1426 ne
678 1357 852 1432 iniectare
875 1355 1022 1437 abiretur‚
1044 1353 1165 1420 clamer
1178 1364 1220 1440 φ’

55 1456 102 1523 ab
126 1455 269 1526 Etruscis
288 1460 386 1527 oritur
414 1461 649 1552 concinuntque
674 1461 773 1531 tubae
801 1471 834 1534 et
860 1460 947 1552 signa
974 1455 1165 1526 inferuntur:

56 1585 125 1628 nec
152 1563 280 1653 segnius
309 1589 328 1630 a
355 1565 507 1634 Romanis
533 1590 639 1658 pugna
668 1563 787 1634 initura
815 1574 1008 1631 concurrunt
1034 1559 1175 1628 infensis}
1210 1649 1212 1656 y

56 1666 190 1734 animis:
222 1691 357 1735 numere
383 1667 500 1753 hostis,
530 1671 646 1740 virtute
673 1671 838 1738 Romanus
866 1677 1006 1757 superat.
1047 1687 1165 1754 anceps

55 1770 223 1868 proelium
250 1771 370 1851 multos
398 1773 558 1865 utrimque
586 1786 620 1843 et
645 1775 853 1844 fortissimum
881 1793 1045 1863 quemque
1073 1767 1165 1836 absu-

56 1876 129 1960 mit,
151 1900 213 1945 nec
234 1874 322 1967 prius
344 1875 492 1946 inclinata
509 1903 560 1947 res
583 1892 633 1947 est
649 1903 747 1972 qnam
762 1875 904 1946 secunda
920 1874 1004 1942 acies
1019 1873 1164 1942 Romana
1177 1883 1212 1940 15

56 1981 102 2052 ad
124 1981 226 2072 prima
248 1980 336 2074 signa
358 1981 470 2073 integri
485 1983 577 2056 fessis
591 1994 831 2058 successeruntr
852 1979 989 2062 Etrusci,
1009 1978 1083 2070 quia
1097 1975 1164 2048 nul-

76 2183 106 2240 3.
133 2182 282 2257 extemplo
293 2191 441 2241 tesseram
452 2183 524 2242 dori
535 2184 577 2242 iu·

132 2269 195 2328 det:
218 2267 280 2327 PM:
307 2291 468 2348 quamquam
489 2273 578 2348 primo

131 2357 160 2414 in
176 2356 199 2414 P
217 2363 394 2428 „tereerem“
412 2359 506 2432 [uerat.
533 2357 585 2420 Cf.¹

115 2447 156 2513 ·7‚
175 2447 232 2504 35.:
249 2434 379 2502 tesseram
397 2443 456 2504 dari
473 2445 557 2506 iubet.

75 2536 105 2593 6.
130 2541 160 2590 et
183 2533 269 2590 haud
292 2534 400 2609 procul
422 2533 509 2592 hoste
532 2536 575 2590 ire·

130 2623 243 2678 struxit
251 2618 576 2681 erumpit-Lars.

129 2705 177 2766 ela
199 2716 226 2762 et
242 2707 316 2763 hand
333 2707 428 2782 preaul
446 2707 479 2762 ab
498 2707 578 2764 hoste

130 2791 386 2854 cetlreid.1.Vese.
398 2810 425 2851 rr.
437 2791 505 2852 Pall.
516 2794 540 2852 1.
550 2795 578 2854 3.

130 2879 180 2940 au:
205 2879 325 2938 ethead
347 2877 444 2956 proanl
462 2877 580 2940 uocem.

130 2967 175 3030 Cf.
186 2970 213 3038 6,
225 2970 284 3028 m:
300 2969 407 3045 iamque
424 2965 496 3026 haud
513 2985 577 3042 pro·

130 3053 174 3114 cal
191 3056 325 3114 seditione
342 3075 387 3113 res
405 3064 470 3115 eret.

10 3165 11 3168 ¹
77 3148 103 3204 t.
130 3144 290 3219 aliquddr'u
318 3146 424 3202 intenti
457 3141 579 3218 utrique

129 3237 288 3289 deterunt:
304 3229 332 3287 Μ
349 3252 385 3289 m.
404 3233 429 3289 2.
448 3228 479 3289 P.
496 3259 532 3277 ···
548 3227 577 3286 tl

128 3339 164 3377 m.
179 3320 215 3376 1.r
229 3319 356 3392 aerique.
367 3315 517 3394 Utrumque
529 3337 578 3373 ve·

129 3426 190 3463 rum
208 3424 267 3462 esse
289 3413 389 3478 patrer.
415 3403 450 3462 ei.
468 3408 502 3472 9,
516 3406 595 3462 aaa.

127 3493 242 3569 insignis
259 3489 394 3568 utrimque
412 3488 511 3550 clades.
540 3520 575 3534 -

129 3578 191 3637 Pu:
217 3590 245 3636 ct
262 3580 338 3656 prius
355 3577 402 3636 sei
415 3577 528 3634 meridie
545 3596 579 3634 ee

127 3666 268 3726 inclinauit
293 3686 372 3744 quam
398 3664 482 3722 selua
511 3661 577 3722 hinc

128 3764 175 3810 aut
200 3753 276 3812 illinc
301 3754 433 3818 emissum,
460 3761 508 3810 eet.
539 3785 574 3798 -·

128 3839 212 3898 Pauie
223 3843 423 3917 posterripturn
434 3849 492 3896 erat
503 3859 538 3898 m.
549 3842 574 3898 1.

129 3928 156 3982 in
175 3927 214 3984 tl:
239 3927 360 3986 maere.
389 3925 419 3984 tt
438 3948 474 3989 nr.
491 3930 520 3984 3.
536 3925 575 3984 Pr

128 4013 225 4070 infecta
243 4034 282 4074 re.
394 4040 395 4048 ¹
424 4043 426 4052 ι

63 4103 103 4160 12
129 4121 181 4160 ecc
216 4095 339 4184 ergerius
376 4123 396 4159 a
426 4103 571 4162 Romania

717 2199 822 2264 pugna
843 2183 952 2242 initur:
977 2177 1022 2251 Μ]
1045 2197 1098 2234 nea
1123 2194 1165 2233 ee·

718 2274 798 2348 gnius
814 2270 847 2326 ab
865 2267 996 2324 Romanis
1008 2275 1060 2325 cet.
1077 2267 1164 2336 (rece.

719 2355 904 2428 ccdd.).,1nP
922 2353 1023 2415 excidit
1040 2373 1069 2414 a.
1081 2381 1116 2394 -
1132 2349 1164 2408 Si

718 2465 773 2502 noa
784 2455 913 2524 praesens
923 2441 974 2500 sed
991 2441 1165 2519 praeteritum

716 2533 849 2609 seriptum
863 2539 944 2600 esest,
961 2529 1113 2586 dubitarem
1131 2545 1178 2581 err,

718 2621 885 2698 praepositio
913 2614 1060 2676 emittenda
1085 2621 1165 2670 essct.

716 2707 749 2764 In
774 2704 852 2766 Leid.
870 2725 889 2764 1.
906 2702 987 2761 Vere.
1005 2721 1037 2762 m·
1052 2699 1120 2758 Lar.
1137 2701 1164 2757 4.

718 2791 752 2850 al.
770 2789 928 2848 exciderunt
945 2789 1012 2845 haec
1029 2787 1112 2847 verbs
1130 2785 1164 2842 ab

718 2897 773 2936 nec
793 2877 916 2956 segnius
941 2874 977 2931 ad
1004 2875 1108 2934 initur.
1130 2901 1164 2916 ..
1229 2919 1232 2930 .

717 2963 784 3024 Pau.
799 2967 822 3024 1.
836 2963 861 3022 2.
881 2961 958 3022 Voss.
972 2981 999 3020 rr.
1019 2978 1165 3035 omnesque

716 3051 802 3112 Dralr.
811 3050 891 3112 cedd
902 3050 1078 3107 recentiores:
1098 3048 1164 3116 „irn-

717 3159 792 3202 mcre
812 3139 898 3197 hostie
916 3139 1016 3198 uirtute
1036 3151 1165 3194 ramanus

716 3235 869 3304 supererat.

647 3315 691 3378 1³.
722 3333 832 3388 auceps
870 3313 1018 3389 pmelinm
1053 3310 1163 3368 mattos

718 3403 868 3478 utrimque
901 3408 929 3457 et
956 3397 1164 3471 fartissimum

652 3493 654 3500 ’
719 3507 866 3564 quemque
882 3486 1025 3546 aunam:
1043 3484 1120 3544 R·-
1135 3481 1171 3542 Μ’

712 3577 755 3634 ‘aa
777 3579 817 3633 da
847 3582 875 3630 et
901 3571 1004 3630 imtisri
1031 3589 1164 3648 quemque

717 3662 843 3721 adsumit.
865 3679 901 3719 nr.
920 3659 961 3718 2:
979 3657 1164 3718 fortissimum.

719 3783 753 3796 -
765 3748 806 3809 M:
825 3745 942 3806 secanda
953 3748 1026 3804 ecies
1037 3765 1163 3804 remanes

716 3837 752 3895 ed
779 3837 864 3913 prime
886 3836 962 3911 signa
985 3843 1039 3897 eet.
1066 3867 1100 3879 -
1130 3833 1162 3889 Ie

691 3955 694 3963 1
716 3923 792 3982 [reid.
812 3942 829 3980 r.
847 3931 874 3978 et
890 3920 960 3980 Loe.
977 3923 1002 3980 d.
1021 3923 1110 3978 emnia
1128 3940 1161 3976 eu

715 4029 784 4088 qnae
806 4012 877 4066 inter
892 4009 990 4085 priam
1015 4016 1044 4064 et
1062 4007 1162 4084 prima

714 4099 814 4179 scripta
831 4105 895 4156 snut
912 4093 1076 4156 exciderunt.
1104 4131 1108 4144 ·
