2618 4590
113 240 181 312 4⁵8
581 258 755 319 nanum

115 420 248 489 vitatem
270 421 443 512 obligatam
468 420 642 511 sponsione
670 422 839 489 commissa
868 420 954 488 iratis
987 421 1155 488 omnibns
1179 424 1225 489 diis

114 548 253 616 quorum
274 525 411 592 ebiditur
432 549 553 593 numen
568 527 709 594 redeant.
749 528 847 617 gerite
863 527 994 608 bellum,
1019 528 1166 617 quando
1177 529 1223 617 sp.

115 629 298 698 Postumius
321 631 422 698 modo
435 631 575 722 legatum
599 633 739 699 fetialem
757 656 841 722 genu
855 632 1006 724 perculit:
1031 631 1082 698 ita
1110 632 1156 698 dii
1170 656 1224 699 ere

114 735 192 801 dent
204 734 382 802 Samnitem
405 735 509 802 civem
522 736 723 803 Postumium
745 760 810 803 non
828 737 930 803 civem
944 736 1147 802 Romanum
1162 759 1223 803 esse

82 849 146 909 bet
167 864 186 906 a
208 840 351 907 Samnite
372 840 513 930 legatum
528 841 708 907 Romanum
731 842 893 922 violatum,
916 864 955 907 eo
978 839 1085 909 vobis
1108 841 1222 908 iustum

110 942 144 1009 iu
166 967 226 1011 nus
248 945 373 1013 iactum
393 969 464 1012 esse
494 945 624 1012 bellum.
664 946 744 1014 haec
771 945 904 1012 ludibria
931 944 1138 1035 religionum
1167 969 1222 1012 non

149 1132 159 1141 ”
181 1137 266 1206 „sins
287 1133 431 1192 llrbsclralt
458 1135 502 1192 dis
528 1135 627 1194 bereits

181 1221 310 1280 veulelleu
339 1225 406 1280 ist“.
454 1224 525 1280 Non
553 1245 627 1281 com·

181 1308 430 1368 misaa‘rideretur
447 1314 576 1386 sponsio,
601 1314 637 1383 sil

179 1398 284 1453 romani
308 1401 439 1454 exercitus
466 1397 625 1455 anrculis

178 1483 311 1540 Caudinis
330 1483 438 1542 abducti
455 1505 510 1541 uon
527 1495 625 1554 esseut,

177 1570 227 1628 sed
245 1571 284 1627 ibi
309 1571 406 1629 inclusi
431 1572 518 1630 relicti
536 1582 625 1630 essent

178 1656 244 1714 dum
255 1656 342 1716 lloma
355 1660 437 1736 legati
447 1659 565 1716 redirent
577 1663 624 1736 qui

177 1742 305 1801 Pontium
333 1750 474 1804 certiorem
505 1746 624 1804 iacerent

178 1841 267 1889 utrum
287 1835 402 1910 populns
418 1855 545 1890 romanus
564 1855 622 1891 eam

768 1139 918 1193 mitteretur
941 1146 969 1192 et
992 1157 1011 1191 c
1032 1155 1105 1193 eum
1126 1155 1221 1216 gper·

768 1233 921 1282 mutaretur.

715 1312 740 1369 2.
769 1312 890 1386 quando
900 1310 951 1384 Sp.
960 1307 1149 1368 Postumius
1166 1331 1219 1366 mo·

768 1399 809 1456 do
825 1400 957 1476 legatum
967 1396 1124 1467 fecialem
1144 1417 1218 1477 genn

763 1487 904 1560 perculit:
921 1484 956 1541 tt.
968 1514 1002 1526 -
1021 1483 1058 1538 P:
1081 1483 1218 1560 „legatum

765 1572 881 1629 fetialem
900 1591 967 1627 senu
985 1568 1149 1648 perculit‘·:
1173 1571 1216 1626 sed

765 1661 877 1733 margini
890 1658 1058 1736 adscriptum
1077 1667 1215 1737 erigene.

712 1750 738 1806 5.
764 1756 801 1804 st*-
815 1767 835 1802 a
852 1745 988 1804 Samnite
1009 1747 1151 1824 legatum
1172 1766 1214 1801 ro·

765 1852 884 1890 monum
907 1835 1069 1890 uiolatum.-
1090 1831 1130 1905 P]
1154 1843 1213 1889 eta

175 1922 621 1998 sponsionemiuberetneene.cum

175 2008 257 2081 igitur
269 2007 381 2066 Pontius
392 2009 532 2067 consulum
550 2021 620 2067 uete-

176 2114 320 2173 rommque
332 2116 492 2174 sponsorum
504 2098 560 2156 lide
568 2096 620 2154 ire·

174 2192 218 2238 tus
236 2181 374 2240 Romanos
395 2187 542 2252 remiserit,
568 2206 619 2241 suo

173 2271 227 2325 sibi
254 2274 314 2326 iure
340 2271 490 2346 postulasse
513 2271 620 2328 videtur

173 2367 205 2410 nt
222 2367 268 2411 aut
290 2356 409 2430 legiones
431 2368 524 2435 captae
541 2361 618 2415 resti·

172 2451 313 2498 tuerentur
333 2453 378 2498 aut
399 2464 451 2517 pax
475 2465 554 2521 quam
572 2467 617 2521 pa·

152 2537 233 2607 jetus
252 2538 324 2584 esset
341 2530 456 2590 duretur.
469 2562 504 2574 -
517 2533 617 2606 Quam·

172 2637 251 2692 quarn
269 2618 297 2672 in
313 2615 363 2672 Plll
381 2619 431 2685 „in
449 2620 557 2676 ciuitate
570 2620 617 2677 ob-

171 2702 267 2761 lectem
284 2707 432 2780 sponsione
450 2705 512 2776 tbi:
534 2727 616 2787 spon·

170 2793 616 2863 sionem)cumrsisss“,inLeid.r.

170 2876 251 2938 Voss.
268 2877 333 2938 Pall.
354 2887 377 2939 1.
396 2883 421 2940 3.
439 2879 506 2942 Lor.
521 2887 546 2943 l.
565 2886 616 2952 „in

171 2968 306 3022 ciuitatem
324 2967 458 3024 obluctam
470 2973 615 3046 spunsione

82 3046 85 3055 ’
169 3055 336 3110 commissa“
353 3057 483 3131 seriptum
501 3067 555 3125 est,
576 3067 615 3114 tn-

169 3161 230 3197 men
253 3161 304 3196 nee
328 3142 474 3197 obluctam
497 3161 547 3198 uec
566 3146 614 3200 ob·

167 3229 290 3296 luctam,
309 3247 359 3284 nec
379 3230 546 3287 obluctante
564 3251 614 3287 nec

166 3318 318 3392 pollutam·
349 3336 400 3372 nec
436 3319 612 3385 atentiam,

168 3424 237 3479 quae
254 3403 424 3460 librariorum
437 3414 465 3460 et
482 3407 612 3481 interpre-

166 3498 223 3546 tum
241 3491 440 3546 emendationes
458 3500 534 3560 snnt‚
562 3494 611 3548 sed

106 3614 109 3618 -
166 3575 302 3633 Harleiaui
321 3597 347 3635 rr.
370 3581 531 3655 scripturam
558 3583 613 3647 „in

165 3664 314 3719 ciuitatem
337 3666 501 3743 obligatum
526 3687 612 3741 apon-

165 3750 273 3805 sions“
292 3770 382 3809 veram
406 3772 466 3809 esse
487 3753 613 3826 permulti

164 3835 267 3892 similes
284 3835 338 3892 loci
362 3843 531 3915 superiorum
555 3860 612 3916 cap.

168 3923 340 3996 persuadent.
358 3935 385 3980 et
403 3925 482 3983 facile
499 3947 564 3983 sane
581 3926 612 3983 il·

162 4007 210 4064 lud
224 4010 531 4083 meudnm¹loblactem)
547 4015 612 4070 oriri
657 4012 664 4036 ⁴

162 4096 269 4168 putuit,
293 4107 324 4154 nt
341 4101 354 4154 ι’
374 4107 438 4180 post
459 4101 473 4156 l
495 4109 624 4183 praeter·-

763 1922 882 1977 Ssmnite
911 1921 1065 1977 Romanum
1099 1919 1213 1995 legatum

762 2007 898 2064 violatum.
926 2039 960 2051 —
989 2007 1095 2064 lustum
1117 2008 1210 2064 verbo·

761 2115 819 2151 rum
843 2095 965 2153 ordinem
982 2096 1012 2151 iu
1030 2093 1052 2149 P
1075 2103 1209 2151 seruatum

762 2203 823 2238 esse
847 2184 992 2239 ostendunt
1015 2185 1099 2239 etiam
1118 2201 1209 2237 omnes

761 2269 801 2327 illi
824 2269 887 2325 libri
910 2272 938 2325 in
964 2271 1062 2347 quibus
1087 2289 1119 2324 ea
1141 2289 1208 2345 quae

759 2360 830 2414 inter
848 2360 942 2414 ciuem
953 2376 1113 2413 romanum
1130 2368 1157 2412 et
1168 2358 1205 2413 le·

757 2454 863 2523 gutum
881 2464 1037 2501 romonum
1054 2445 1084 2498 in
1103 2442 1126 2501 l>
1142 2446 1205 2498 scri·

758 2531 1204 2609 ptulegimus,praetermissasunt.

757 2640 819 2676 nam
838 2622 865 2674 in
884 2615 959 2673 Leid.
971 2637 989 2675 1.
1003 2616 1083 2676 voss.
1095 2638 1123 2677 n.
1141 2615 1203 2675 Pall.

759 2709 784 2765 l.
802 2711 828 2766 3.
847 2706 914 2764 [ιον.
933 2709 957 2763 l.
982 2704 1128 2782 multisque
1145 2705 1203 2760 aliis

757 2796 888 2870 scriptum
912 2803 966 2849 est:
995 2795 1053 2861 „ite
1081 2793 1121 2859 dii
1148 2812 1202 2849 cre·

758 2881 823 2937 dent
840 2883 982 2937 samnitem
1005 2882 1091 2938 cin·
1108 2888 1202 2954 postu·

757 2971 840 3025 mium
863 2989 918 3024 non
942 2969 1029 3024 ciuem
1046 2986 1203 3023 romanum

756 3054 917 3115 uiolatum“.
935 3055 1024 3112 Simili
1032 3073 1124 3110 errore
1134 3057 1202 3109 scri·

755 3151 832 3219 ptum
855 3151 896 3197 est
920 3145 948 3199 in
966 3141 1006 3205 lil:
1030 3144 1067 3199 ita
1088 3143 1128 3198 dii
1147 3162 1202 3198 cre·

756 3227 822 3287 dent
839 3231 979 3286 samnitem
1005 3232 1092 3287 ciuem
1111 3241 1202 3308 postu·

756 3319 838 3374 mium
858 3338 912 3373 non
937 3320 1024 3374 ciuem
1045 3317 1200 3390 romanum!

756 3403 790 3459 bi
808 3404 937 3461 uiolatum
951 3407 1050 3465 cuebis·
1064 3409 1164 3462 iustum
1175 3406 1201 3461 iu

753 3511 804 3546 nos
815 3491 913 3577 iactum
923 3512 983 3549 esse
993 3493 1100 3552 bellum.
1120 3514 1156 3552 m.
1165 3496 1201 3550 b:

753 3576 883 3638 uiolatum
901 3601 934 3636 eo
948 3581 1026 3637 nobis
1039 3582 1140 3638 iustum
1154 3589 1201 3637 cet.

700 3667 728 3725 b.
755 3666 830 3723 baec
860 3668 993 3725 ludibria
1024 3671 1200 3748 religionum

754 3774 814 3809 non
829 3755 944 3828 pudere
967 3757 997 3810 in
1021 3758 1119 3816 lucem
1136 3775 1201 3831 pro·

748 3840 851 3912 ferre:
862 3839 918 3903 ΡΜ.
930 3874 963 3884 -
972 3841 1049 3899 Leid.
1062 3863 1079 3902 r.
1091 3843 1201 3899 Vossn.

752 3925 820 3991 [ρον.
837 3930 863 3988 tl.
888 3928 936 3984 al.:
964 3930 1058 3998 „haec
1086 3931 1200 3988 ludibria

752 4012 887 4090 legionum
894 4021 924 4071 “r
939 4017 1011 4092 quod
1024 4018 1106 4073 docet
1118 4022 1146 4074 iu
1160 4039 1203 4072 an·

752 4103 914 4180 tiquioribus
930 4103 1007 4162 libris
1020 4107 1203 4186 relegionnm
