2618 4590
166 222 231 290 19⁴2
267 260 277 291 t
624 232 733 293 LIBER
751 234 808 295 vtt.

165 423 224 491 gos
246 401 392 489 palantes
416 397 584 488 oppressit.
618 408 720 463 eastra
742 420 873 488 quoque
887 390 1076 488 necopinato
1099 396 1268 487 adgressus

166 504 260 595 cepit,
283 515 315 571 et
337 513 411 569 ueto
434 501 561 567 milibus
583 500 726 568 hostium
748 502 848 592 captis
870 502 984 569 ceteris
1013 512 1068 569 unt
1089 502 1190 569 caesis
1214 514 1269 567 aut

167 633 209 677 ex
230 632 305 700 egro
321 609 468 675 Romano
490 605 605 698 fugatis
618 605 687 672 sine
703 606 889 673 auctoritate
911 616 1038 697 pntrrun
1053 606 1165 697 populi
1179 607 1268 674 iussu

71 740 74 745 ·
124 800 127 805 ι
166 712 380 803 triumphavit.
419 712 502 797 Quia
532 734 593 778 nec
625 735 684 800 per
711 711 897 778 dictatorem
925 712 1088 801 plebeium
1120 735 1181 777 nec
1206 736 1268 801 per

135 818 332 887 tconsulem
355 817 483 883 comitia
510 816 687 882 consularia
716 804 827 882 baberi
852 817 1005 884 volebant
1030 827 1063 882 et
1090 814 1170 882 alter
1193 840 1267 881 eon-

165 922 216 989 sul
238 918 354 988 Fabius
378 921 464 988 bello
482 910 694 1009 retinebatur,
722 943 775 987 res
796 920 836 986 ed
858 921 1074 1009 interregnum
1095 919 1186 985 redit.
1221 919 1266 984 in-

163 1039 303 1116 terreges
334 1026 483 1115 deinceps
506 1026 547 1112 Q.
570 1025 723 1092 Servilius
752 1024 855 1091 Ahala
882 1027 928 1094 M.
950 1020 1067 1091 Fabius
1095 1021 1154 1089 Cn.
1176 1023 1266 1090 Mun-

163 1132 226 1199 lius
248 1131 285 1197 C.
307 1130 424 1202 Fnbius
447 1129 484 1196 C.
507 1129 666 1219 Sulpicius
689 1128 725 1196 b.
740 1127 894 1197 Aemilius
917 1131 957 1216 Q.
973 1127 1126 1210 Seruilius
1148 1125 1194 1193 M.
1210 1127 1267 1193 Fa-

163 1236 235 1302 bius
263 1235 448 1301 Ambustus.
485 1232 519 1299 in
546 1234 687 1300 secundo
715 1234 895 1326 interregno
923 1222 1003 1301 ortu¹
1021 1231 1183 1299 eontentio
1218 1245 1268 1298 est

117 1341 254 1431 10quod
280 1339 344 1406 duo
374 1337 496 1429 patricii
525 1338 674 1404 consules
701 1339 903 1420 creabuntur,
927 1335 1268 1427 'intercedentibusque

164 1444 298 1511 tribunis
325 1444 464 1510 interrex
485 1442 602 1509 Fabius
631 1443 736 1509 aiebat
762 1444 795 1510 in
823 1444 992 1511 duodecim
1020 1441 1136 1509 tabulis
1157 1441 1266 1532 legem

165 1570 236 1616 esse
258 1558 312 1630 ut,
339 1548 567 1638 quodcumque
588 1559 789 1638 postremum
817 1549 958 1639 populus
980 1548 1135 1630 iussisset,
1162 1547 1196 1614 id
1217 1549 1268 1614 ius

163 1664 332 1744 ratumque
361 1664 461 1720 esset:
496 1653 618 1720 iussum
640 1654 753 1745 populi
775 1664 810 1722 et
839 1652 985 1742 suffragia
1008 1675 1088 1719 esse.
1124 1675 1200 1718 cum
1222 1653 1268 1718 in-

182 1805 208 1863 1.
235 1811 337 1860 castra
356 1820 475 1879 quoque
489 1803 681 1880 neceppinulo
822 1801 936 1863 Leidir.
953 1799 1032 1859 Voss.
1050 1819 1077 1858 u.
1095 1799 1143 1858 ab:
1161 1800 1197 1876 Q.
1215 1801 1268 1857 Ae·

233 1901 299 1947 eet:
317 1889 349 1949 P.
372 1921 406 1930 -
432 1888 474 1945 M:
499 1891 597 1945 castris
615 1907 680 1965 qun·
822 1887 1154 1947 miliusSeruilius.—PM
1163 1888 1268 1949 Leidr.

232 1998 286 2055 que
304 1980 463 2055 necopinato
483 1986 533 2035 cet.
546 2007 580 2018 -
598 1973 634 2031 P:
654 1984 681 2031 et
822 1977 870 2033 ab:
888 1999 925 2036 m.
943 1976 1031 2033 innius
1050 1975 1197 2050 ambustus.

231 2084 281 2122 vur
298 2065 347 2122 mii
364 2064 482 2122 hostium
506 2065 592 2140 captis
610 2071 680 2118 cete·
769 2066 796 2125 9.
821 2066 852 2121 in
875 2065 1006 2121 secundo
1031 2065 1216 2143 isderregno:
1234 2061 1267 2124 P.

177 2140 179 2146 ¹
232 2153 271 2208 ris
290 2162 336 2208 eut
359 2154 453 2212 cessis.
483 2173 519 2211 ιιι.
537 2154 576 2209 2:
600 2151 679 2210 cesis.
788 2140 795 2185 i
821 2184 856 2196 —
885 2151 926 2208 M:
956 2153 985 2206 in
1011 2149 1129 2207 secundo
1155 2153 1269 2207 interre-

234 2268 268 2279 -
278 2237 317 2292 Mt
330 2248 357 2294 et
369 2259 386 2294 u
400 2258 428 2292 ιιι
439 2241 486 2294 mr}
498 2238 616 2293 bostium
628 2244 679 2294 cet.
820 2258 914 2313 gnum.
942 2237 985 2294 Cf.
1005 2242 1032 2305 7,
1051 2241 1106 2297 10.:
1123 2237 1268 2310 silentium

180 2324 207 2384 d.
235 2325 610 2400 quianecperdietatorem
617 2325 679 2397 ple·
820 2325 880 2385 fuit.
893 2356 926 2367 -
939 2323 999 2383 PM:
1020 2325 1092 2403 quud
1112 2323 1166 2382 duo
1183 2329 1267 2402 petri-

233 2412 344 2468 beium:
367 2409 424 2464 PM.
447 2437 482 2452 ⁶-
509 2409 587 2466 Multi
609 2430 679 2468 rece.
821 2413 858 2469 eii
876 2418 931 2474 eoi.
945 2413 1109 2475 creabuntur.
1120 2443 1158 2456 -
1169 2412 1206 2470 P:
1225 2416 1266 2469 in·

233 2496 328 2556 codd:
345 2498 443 2572 etquis
457 2506 507 2554 cet.
518 2526 552 2540 —
564 2495 604 2554 M:
622 2496 679 2573 pie-

232 2584 324 2642 beium
342 2587 391 2640 cis
412 2604 465 2640 nec
479 2604 535 2659 per·
549 2587 555 2653 l
570 2587 679 2641 comitia

232 2670 392 2731 consularis.
428 2670 470 2731 cf.
496 2671 531 2728 de
550 2670 602 2729 bae
619 2691 679 2730 rer-

231 2761 329 2818 borum
368 2760 509 2816 metathesi
548 2757 586 2818 Τ.·
615 2759 678 2817 Livi

231 2848 252 2908 1.
260 2869 321 2908 xxx.
340 2869 367 2924 p.
385 2865 456 2905 nrrx.
475 2849 501 2906 2.
519 2876 554 2890 ·-
572 2846 608 2903 P:
626 2868 677 2904 nee

183 2972 188 2987 .
229 2946 300 3012 post
313 2943 369 2993 cos.
383 2936 490 2991 comitia
504 2942 554 2993 eet.
571 2934 620 2990 sed
633 2956 677 2991 ea·

231 3023 293 3077 dem
311 3024 390 3080 m.1.
414 3022 531 3076 restituit
552 3041 615 3094 per.
641 3055 676 3065 -

230 3109 280 3166 PM
298 3107 374 3164 Leid.
387 3127 405 3165 r.
424 3106 470 3162 nb:
490 3115 517 3161 et
535 3104 602 3161 alter
620 3114 677 3167 cod.

229 3195 329 3254 funins.
358 3193 393 3250 P:
418 3191 610 3250 retinebuntur.
640 3225 675 3236 —

228 3283 294 3340 PM:
321 3302 366 3339 res
383 3279 417 3336 ad
435 3281 616 3354 interregnum
634 3300 674 3335 re·

229 3371 279 3431 dit.
295 3370 376 3428 Recc.
390 3367 464 3446 quid.
477 3365 572 3423 cedd:
583 3365 673 3424 rediit.

227 3491 262 3504 -·
281 3458 320 3516 M:
341 3456 411 3515 redit
428 3457 591 3532 interreges
607 3456 613 3524 Ι
628 3473 674 3509 uu

208 3552 219 3559 '‘
227 3566 266 3602 ne
284 3546 401 3602 comitia
410 3561 464 3617 per
477 3544 674 3620 magistratus

225 3633 276 3708 ple
291 3635 296 3703 Ι
311 3634 392 3688 deins
410 3631 597 3687 haberentur.
632 3628 673 3683 in-

227 3716 674 3794 terrugesdeinceps{quintusnu-¹

821 2507 909 2557 terren
926 2500 1023 2559 iunius.

751 2586 795 2646 12.
821 2595 855 2643 ut
881 2578 1057 2663 quodcdque
1083 2595 1267 2663 postremum

817 2674 947 2750 populus
959 2677 1098 2734 iussisset
1109 2675 1144 2732 id
1158 2677 1207 2733 ius
1219 2696 1266 2731 ra-

819 2771 940 2838 tumque
958 2771 1050 2819 esset:
1069 2761 1099 2822 P.
1111 2791 1147 2805 ·-
1159 2760 1201 2818 M:
1219 2750 1269 2832 „in

817 2868 857 2906 xu
875 2848 973 2908 tabulis
994 2849 1080 2926 legem
1100 2864 1161 2907 esse
1179 2849 1265 2928 qnod·

818 2943 954 3014 eumque“
972 2947 1022 2996 cet.
1045 2959 1113 3015 quae
1130 2939 1264 3016 scriptura

818 3043 873 3080 nun
894 3026 984 3081 :ninus
1001 3045 1064 3082 vera
1088 3044 1149 3082 esse
1165 3034 1264 3106 potest.

817 3108 848 3167 In
869 3109 943 3170 Harl.
962 3129 981 3169 t.
1002 3109 1079 3171 Leid
1096 3133 1114 3172 ι.
1137 3109 1217 3171 Voss.
1236 3131 1264 3168 ιι.

818 3191 852 3255 al.
869 3202 1087 3271 praetermissum
1105 3201 1201 3261 estid.
1219 3198 1263 3259 Cf.

817 3285 850 3350 9,
867 3285 924 3343 33.:
949 3317 988 3328 „
1001 3286 1117 3365 populus
1139 3289 1265 3345 iussisset

816 3369 943 3449 quodque
952 3385 1118 3451 postremum
1130 3375 1264 3443 iussisset,

814 3455 845 3512 id
862 3459 905 3514 ius
922 3470 1061 3540 ratumque
1079 3469 1159 3526 esset.
1177 3495 1214 3507 -
1240 3461 1264 3518 P

813 3561 850 3606 m.
870 3547 908 3606 1.:
926 3543 1027 3606 iussum
1046 3551 1142 3629 populi
1160 3555 1188 3606 et
1205 3550 1262 3606 sui-

814 3629 898 3709 tregia
916 3654 984 3696 esse.
1012 3635 1087 3696 Pm.
1107 3639 1132 3696 Ξ.
1149 3636 1189 3693 M:
1211 3657 1261 3714 po·

812 3719 879 3795 puli.

225 3805 307 3866 uilius
330 3803 405 3860 ahala
423 3813 472 3862 cet.
509 3801 552 3860 Cf.
575 3805 607 3870 7,
629 3803 671 3858 3.:
743 3803 786 3864 18.
813 3826 879 3862 cum
907 3811 1115 3868 intercedendo
1148 3812 1262 3868 tribuni

225 3892 329 3950 clavum
347 3900 452 3970 pangat.
469 3922 504 3934 --
531 3889 572 3945 M:
589 3887 610 3946 l.
627 3907 670 3942 ue·

223 3980 315 4038 rnilius
334 3999 411 4055 quae
428 3977 561 4035 seruilius.
580 3973 670 4043 ΟΜ,

223 4071 265 4127 6.:
283 4078 310 4125 te
327 4068 363 4145 Q
380 4066 488 4128 Servili.
507 4096 542 4113 -
560 4059 633 4122 Harl.
648 4080 668 4117 ι.

811 3890 888 3951 nibil
915 3896 1004 3956 aliud
1032 3906 1096 3956 cet:
1129 3897 1187 3960 PM.
1225 3930 1261 3939 -

810 3977 892 4041 Rece.
919 3984 993 4064 quid.
1021 3984 1116 4044 cedd:
1145 4007 1262 4063 cumque

809 4067 1000 4129 intercedendo
1014 4082 1064 4131 eet.
1078 4105 1111 4118 -
1123 4072 1185 4133 PM:
1205 4073 1259 4132 dit·
