2618 4590
157 263 225 335 294
609 272 726 339 ‚amun
742 218 813 335 Vlll.

60 436 65 443 ⁵
159 442 219 511 sed
249 452 286 509 ut
313 440 456 532 amplum
489 438 590 508 videri
614 447 727 530 posset
760 435 905 503 diuturna
940 433 1091 526 patientia
1117 433 1263 504 fecimus.

159 546 250 636 atqui
271 547 299 615 si
320 544 449 637 quando
471 567 626 636 umquam
649 539 854 611 consociandi
874 538 998 630 imperii
1013 541 1217 631 usurpandae
1230 541 1264 608 li·

160 649 291 719 bertatis
313 660 442 741 tempus
465 648 609 740 optastis,
630 671 672 716 eu
693 645 898 736 hoctempus
921 645 1012 713 adest
1032 656 1066 713 et
1080 644 1198 713 virtute
1214 670 1264 714 ve

160 739 225 822 dira
252 765 287 822 et
315 755 413 823 damn
440 753 634 845 benignitate
660 751 753 820 vobis
782 752 902 819 datum.
939 751 1120 841 temptastis
1145 751 1263 842 patiere

129 857 236 928 stiam
257 860 404 949 negando
427 860 579 927 militem:
601 855 673 948 quis
696 855 819 925 dubitat
840 854 997 923 exarsisse
1014 877 1081 938 eos,
1103 879 1179 922 cum
1193 856 1265 947 plus

159 962 371 1031 ducentorum
392 988 550 1032 annorum
561 986 688 1031 morem
701 962 921 1030 solveremus?
942 960 1143 1052 pertulerunt
1156 972 1265 1029 umen

157 1064 245 1135 hune
268 1068 424 1137 dolorem.
460 1068 584 1137 bellum
611 1077 723 1135 nostro
750 1066 881 1134 nomine
908 1089 984 1134 cum
1004 1063 1144 1155 Pelignis
1171 1065 1266 1157 gessi

158 1195 247 1238 must
271 1173 327 1263 qui
348 1197 390 1242 ne
412 1185 597 1241 nostrorum
618 1170 750 1263 quidem
770 1170 882 1241 finium
903 1170 996 1238 nobis
1016 1192 1075 1260 per
1093 1193 1155 1238 nos
1177 1182 1266 1240 tuen·

158 1276 275 1344 dorum
295 1277 344 1345 ius
368 1287 462 1346 autea
488 1277 622 1360 dabant,
647 1276 727 1344 nihil
753 1276 1012 1344 intercesserunt.
1047 1274 1207 1344 Sidicinos
1233 1275 1267 1343 iu

111 1379 257 1453 1ofidem
278 1393 436 1474 receptos,
458 1381 642 1475 Campanos
664 1379 706 1447 ab
727 1403 764 1447 se
787 1381 828 1447 ad
848 1404 910 1449 uos
932 1379 1083 1463 descisse,
1104 1380 1267 1448 exercitus

157 1507 219 1552 nos
246 1508 359 1575 parare
396 1487 550 1554 adversus
577 1485 738 1555 Samnites
773 1483 955 1554 loederotos
988 1508 1066 1552 suos
1100 1483 1269 1554 audierunt

156 1609 218 1655 nec
239 1601 410 1659 movemnt
430 1613 467 1659 se
489 1589 530 1658 ab
551 1591 642 1660 urbe.
680 1590 776 1674 unde,
797 1589 884 1658 unde
905 1589 987 1658 haec
1010 1590 1072 1658 illis
1088 1600 1177 1657 tauta
1199 1612 1268 1657 mo·

157 1690 259 1760 destia
287 1693 348 1763 nisi
375 1719 394 1762 a
425 1696 620 1765 conscientia
649 1695 764 1764 viriumr
793 1704 827 1762 et
852 1705 1035 1762 nostrarum
1060 1705 1093 1763 et
1115 1696 1267 1763 suarum?

157 1795 290 1865 idoneos
313 1810 460 1868 auctores
482 1799 588 1870 habco
612 1800 819 1893 querentibus
842 1798 989 1866 danobis
1004 1798 1202 1867 Samnitibus
1222 1799 1266 1866 ita

110 1919 145 1976 15
156 1925 348 1993 responsum
371 1903 411 1972 ab
434 1916 549 1975 senatu
569 1906 717 1975 Romano
741 1927 829 1985 esse,
858 1913 895 1971 ut
915 1902 1009 1971 facile
1032 1915 1202 1996 appareret
1222 1929 1266 1971 nc

153 2005 243 2097 ipsos
265 2006 397 2100 quidem
418 2009 484 2079 iam
505 2010 670 2103 postulare
693 2020 730 2077 ut
751 2007 880 2076 Latium
908 2007 969 2075 sub
991 2008 1139 2076 Romano
1167 2009 1267 2099 impe-

154 2109 202 2180 rio
225 2111 284 2181 sita
304 2125 457 2204 usurpate
479 2115 579 2184 modo
601 2114 795 2211 postulando
818 2137 858 2182 eo
882 2113 971 2205 quod
993 2112 1040 2180 illi
1061 2113 1155 2181 vobis
1177 2113 1266 2182 taciti

226 2305 289 2343 raro
308 2287 337 2344 ia
351 2306 403 2364 pro
422 2288 447 2344 ii
456 2289 588 2365 scriptum
606 2309 676 2358 esse,

227 2390 279 2430 uec
296 2374 385 2431 minus
407 2393 489 2452 saepo
510 2384 600 2450 eaput
619 2377 675 2433 ali·

225 2457 310 2514 cuius
331 2468 431 2517 terrae
453 2481 521 2519 esse
541 2461 608 2538 legi,
635 2471 675 2518 ta·

225 2562 288 2601 meu
305 2543 387 2603 huius
409 2545 464 2605 loci
486 2549 586 2606 rationi
607 2549 675 2608 dati·

224 2650 274 2688 vus
284 2631 426 2691 videbatur
437 2636 674 2706 accommodatior,

161 2764 164 2775 .
225 2717 301 2795 quod
310 2718 399 2779 Latini
409 2724 506 2783 nonita
517 2746 578 2784 cum
587 2724 674 2783 Roma

763 2289 791 2349 6.
820 2285 1267 2366 quisdabitatsPllIs·-llarl.1.:

817 2377 879 2454 quis
897 2375 1012 2433 dubitet.

746 2465 790 2522 10.
815 2464 967 2521 exercitas
993 2481 1050 2519 nos
1074 2481 1187 2539 parare
1207 2463 1266 2519 'acl-

817 2570 925 2609 asrsus
955 2551 1098 2607 samnites
1118 2549 1266 2622 foedera·
1291 2598 1295 2607 .

815 2645 863 2695 tos
887 2658 960 2695 suos
983 2637 1161 2695 audierant:
1177 2637 1208 2697 P.
1231 2667 1266 2679 -

781 2773 784 2782 .
815 2723 857 2785 dl:
876 2725 1010 2782 exercitus
1030 2744 1081 2781 nos
1092 2734 1205 2801 paratos
1218 2724 1265 2781 ad·

226 2808 400 2866 coniunctum
418 2809 525 2868 habere.
535 2812 605 2871 velle
622 2810 673 2869 La-

223 2894 291 2951 tium
310 2895 467 2956 viderentur
487 2907 517 2956 ut
538 2903 673 2976 genitivus

223 2982 290 3038 satis
312 2984 424 3061 probari
446 2996 549 3063 posset.
578 2989 673 3057 „Dass

224 3065 295 3125 Rom
322 3068 368 3124 die
397 3070 557 3144 gebietende
582 3075 673 3131 illacht

225 3153 269 3211 liir
280 3151 389 3213 Latium
407 3158 479 3217 sei“.
498 3156 542 3217 cf.
555 3161 599 3227 23,
614 3163 673 3221 10.s

189 3296 192 3303 ,
225 3238 364 3320 pollicitus
383 3242 459 3302 brevi
482 3256 565 3322 caput
580 3244 673 3302 ltaliae

224 3331 299 3388 omui
327 3328 449 3408 Capuam
479 3331 547 3393 lore.
572 3332 607 3393 al.
637 3365 672 3376 —

221 3416 306 3474 Panlo
324 3429 387 3476 anta
399 3420 585 3499 scriptumest
600 3421 631 3479 in
644 3420 672 3480 Μ

221 3514 276 3561 aut
292 3507 396 3575 nimis,
419 3508 448 3565 iu
466 3505 489 3565 P
512 3508 600 3567 haud
620 3510 672 3565 mi·

223 3610 288 3650 nus.
316 3624 350 3635 -
379 3592 421 3651 tl:
449 3595 603 3655 diuturnam
623 3616 670 3672 pa·

222 3678 315 3733 tieutii
333 3678 454 3742 lecimus.
549 3680 552 3686 ’

169 3762 196 3824 1.
224 3767 419 3842 usurpandae
436 3769 582 3828 libertatis
599 3778 669 3827 tem·

220 3872 279 3927 pus
295 3857 437 3930 optastis.-
450 3853 480 3912 P.
494 3888 528 3900 -
539 3858 579 3915 tl:
593 3867 669 3935 apta-

220 3940 265 3996 tis.
278 3972 313 3984 -
332 3941 430 3999 Omnia
449 3963 516 4019 quaa
533 3943 567 4000 ab
585 3965 622 4002 en
634 3942 669 4000 ad

815 2831 911 2868 uersus
922 2814 1053 2871 samnites
1065 2811 1191 2870 federare
1199 2831 1265 2870 suos

815 2899 967 2959 audieruut.

745 2987 788 3046 12
816 2986 897 3043 unde
915 2987 995 3044 unda
1012 2985 1085 3044 baec
1096 2984 1159 3039 illis
1176 2993 1266 3040 tanta

813 3073 977 3132 modestia:
995 3073 1038 3147 lli]
1055 3070 1127 3129 uude
1143 3068 1213 3127 lraee
1231 3069 1265 3126 il-

815 3155 850 3216 lis
874 3169 949 3216 tanta
977 3158 1109 3219 modestia
1133 3156 1196 3228 (P).
1232 3158 1265 3216 lu

813 3247 910 3322 primis
927 3246 1036 3305 Livium
1053 3245 1105 3303 lraa
1126 3245 1265 3322 anaphora

816 3333 865 3411 ιιίὶε
878 3331 990 3391 solitum
1012 3354 1073 3391 essa
1095 3345 1191 3391 uotum
1215 3344 1265 3403 est,

814 3439 865 3477 uec
894 3422 928 3479 ab
954 3421 1007 3479 hac
1030 3421 1115 3480 Annii
1142 3424 1264 3478 oratione

813 3505 868 3564 tale
886 3507 994 3566 dicendi
1012 3527 1097 3584 genus
1118 3508 1264 3571 abhorrere

813 3605 932 3674 apparet.

742 3683 786 3742 13.
813 3685 923 3743 uirium
933 3692 1144 3741 anostrarum
1156 3691 1265 3739 asna·

811 3790 894 3828 ram:
912 3770 970 3830 Pu.
981 3802 1015 3812 -
1028 3768 1103 3829 llarl.
1119 3788 1152 3829 r.:
1165 3771 1263 3827 uirum.

810 3887 847 3901 -
883 3857 916 3915 In
944 3856 1024 3918 Laid.
1046 3877 1065 3916 1.
1095 3856 1130 3917 al.
1161 3857 1265 3915 excidit

809 3945 885 4021 prius
903 3955 941 4004 et.

219 4031 386 4105 temptastis
402 4032 504 4108 scripta
520 4039 600 4101 suut,
623 4049 668 4088 ex·
741 4031 783 4091 17.
810 4024 953 4108 usurpate
971 4033 1060 4090 modo
1073 4030 1272 4107 postulando

221 4112 345 4173 ciderunt
362 4116 391 4173 iu
409 4114 484 4174 llarl.
501 4136 520 4176 ι.

810 4140 846 4181 ea
874 4121 959 4197 qaod
984 4122 1034 4179 tta·
1061 4121 1148 4179 uobis
1178 4119 1266 4176 taar'ti
