2618 4590
150 264 216 335 676
625 274 735 336 LlBER
753 276 787 336 X.

152 466 191 510 ac
212 441 337 510 tertiam
359 442 518 533 legionem
541 464 599 531 pro
623 441 736 507 dextm
758 461 866 521 cornu,
889 439 1054 506 adversus
1074 438 1193 506 Gallos
1212 464 1252 532 pro

151 546 278 615 sinistro
305 546 425 614 Decius
454 546 597 635 quintam
625 557 658 612 et
688 555 815 612 sextam
847 541 1017 611 instruxit:
1060 543 1208 611 secunda
1232 558 1252 614 et

152 662 265 741 quarta
287 675 362 718 eum
377 650 413 717 L.
429 649 603 718 Volumnio
625 650 817 739 proconsule
838 648 871 715 in
887 648 1028 716 Samnio
1054 649 1195 739 gerebat
1207 649 1252 716 bel·

152 755 230 824 lum.
267 756 370 846 primo
392 772 550 822 concursu
572 754 652 819 adeo
677 754 786 844 aequis
807 754 925 822 viribus
949 764 1049 843 gesta
1078 777 1136 822 res
1161 765 1208 821 est
1224 766 1253 834 ut

124 859 182 939 5si
210 859 384 927 adfuissent
404 860 531 926 Etrusci
558 868 591 924 et
613 857 740 939 Umbri,
773 871 827 925 aut
853 857 885 923 in
914 859 985 925 acie
1019 870 1084 925 aut
1106 859 1144 925 in
1167 858 1252 926 castris
1281 924 1289 961 Ι

152 982 359 1056 quocumque
382 989 417 1030 se
440 963 643 1031 inclinassent
665 962 846 1053 accipienda
870 962 980 1029 clades
1004 963 1126 1030 leserit.

219 1087 333 1166 primam
361 1107 392 1142 ae
415 1088 520 1141 tertiam
547 1083 665 1158 legiones

220 1177 232 1244 (
239 1174 281 1233 ed.
289 1173 369 1231 Frob.
380 1174 484 1241 1535).
498 1170 542 1228 Cl.
558 1174 664 1238 10‚1s.:

221 1279 282 1318 eum
299 1261 404 1335 legione
426 1259 544 1315 secunda
562 1278 594 1315 ae
611 1268 675 1329 ter-3

220 1349 267 1405 tia.
289 1378 323 1390 —
345 1347 377 1403 ln
394 1345 417 1403 P
435 1345 535 1402 excidit
551 1365 666 1424 praeno·

220 1453 282 1490 men
292 1433 315 1489 l'
315 1434 385 1490 abii:
404 1435 665 1503 „aduersussaruni-

220 1527 262 1576 tes
279 1516 367 1578 labius
378 1523 493 1598 primam
510 1541 542 1578 ae
558 1521 666 1577 tertiam

219 1606 353 1682 legionem
379 1629 430 1685 pro
457 1609 552 1667 dextro
580 1628 666 1665 cornu

219 1678 348 1752 aduers'os
367 1694 451 1771 gallos
469 1706 521 1756 eet.
534 1728 569 1741 -
587 1695 615 1752 Μ
628 1715 665 1754 m.

219 1785 260 1841 l.:
278 1782 408 1839 aduersus
425 1782 510 1857 gallos
532 1804 582 1861 pro
600 1784 665 1839 sini·

218 1879 278 1926 stro
296 1869 389 1926 deeius
408 1873 500 1947 quinti
517 1891 533 1927 e
550 1871 665 1944 exltam

219 1957 356 2016 instruxit.
386 1977 422 2016 m.
449 1963 489 2018 a:
518 1958 611 2034 quinti
638 1965 666 2013 et

217 2061 266 2099 sex
281 2044 288 2116 Ι
302 2052 365 2102 tam.

166 2130 193 2188 2.
221 2132 355 2187 secunda
372 2140 402 2188 et
420 2141 530 2208 quarta
546 2151 612 2188 cum
630 2132 664 2188 L.

219 2216 255 2275 V
250 2219 379 2273 alumnis
387 2219 565 2293 proconsule
574 2218 604 2272 in
610 2215 664 2274 Sa·

88 2328 94 2341 =
139 2295 143 2300 ’
219 2305 298 2359 metio
320 2305 442 2382 gerebat
464 2306 589 2360 bellam:
614 2302 664 2359 ΡΜ

217 2387 292 2459 rell]
307 2422 340 2430 -
353 2390 480 2462 gerebant
492 2389 589 2445 bellum
602 2390 665 2458 (ed.

219 2470 300 2532 Frob.
321 2478 423 2546 1535.).
434 2507 467 2518 -
479 2474 664 2533 Difficillimus

217 2558 295 2617 loeus
331 2563 368 2618 lta
400 2563 506 2619 videtur
536 2562 664 2638 explicari

218 2634 310 2726 posse.
327 2646 398 2706 Cum
410 2650 515 2726 Appius
533 2649 665 2708 Claudius

218 2735 279 2802 (10,
293 2738 351 2806 18.)
366 2736 480 2813 primam
499 2746 525 2793 et
543 2748 665 2816 quartam

218 2819 352 2897 legionem
375 2824 402 2877 in
420 2823 555 2881 Etruriam
575 2824 665 2882 duxis-

218 2918 270 2976 set,
288 2910 435 2986 eodemque
453 2932 485 2968 ex
503 2910 613 2968 Samnio
631 2913 664 2972 L.

219 2992 380 3051 Volumnius
403 3017 464 3054 cum
489 2997 595 3072 legione
620 3019 663 3056 se-

219 3080 307 3137 cunda
319 3089 346 3136 et
358 3085 436 3138 tertia
449 3087 574 3153 venisset,
589 3096 663 3162 quat·

220 3165 535 3248 tuorlegionibus‚prima
545 3173 663 3228 secunda

217 3253 297 3310 tertia
316 3264 422 3330 quarta,
446 3273 490 3314 res
508 3260 537 3317 itt
555 3261 662 3316 Etruria

217 3358 351 3418 prospere
368 3352 441 3416 gesta
459 3355 501 3401 est
519 3349 579 3416 (10,
595 3349 663 3415 19.).

216 3434 274 3482 tum
292 3425 451 3484 Volumnius
471 3435 537 3500 (10,
556 3433 616 3503 ΜΘ.)
633 3436 662 3489 in

216 3510 356 3590 Samnium
368 3517 511 3574 revertitur
519 3538 663 3597 secumque

217 3595 293 3653 ducit
309 3603 424 3675 primam
442 3613 469 3659 et
486 3617 606 3682 quartam
624 3607 662 3663 le-

94 3702 97 3705 ·
215 3683 336 3755 glanem,
361 3690 408 3763 qui
425 3690 564 3767 Appianas
588 3715 662 3752 exer-

155 3776 158 3780 ·
215 3768 284 3824 citas
303 3770 397 3828 luerat.
420 3792 475 3832 non
494 3782 566 3836 enim
583 3802 660 3839 suum

215 3858 363 3916 exereitum
381 3858 553 3922 Volumnium
570 3870 598 3924 in
611 3869 659 3925 Sa·

213 3942 317 3999 mnium
342 3945 483 4006 reduxisse
503 3953 547 4008 vel
565 3957 592 4011 id
612 3956 659 4012 do·

214 4034 266 4095 eet,
283 4030 357 4105 quod
369 4041 396 4088 et
408 4047 500 4111 quarta
512 4036 582 4114 legio
598 4058 659 4099 eam

214 4126 248 4166 eo
272 4113 303 4169 ia
328 4114 440 4183 Samnio
467 4123 550 4183 luisse
577 4148 658 4206 supra

806 1083 922 1139 dicatur:
936 1105 989 1139 nec
1002 1093 1151 1159 quattuor
1162 1085 1251 1142 inEtru

805 1173 845 1227 ria
863 1170 985 1245 legiones
997 1170 1161 1249 reliquisse
1178 1183 1251 1250 potest

805 1257 880 1333 quod
900 1261 942 1325 10,
959 1260 1006 1317 25.
1022 1260 1145 1337 Appius
1164 1282 1179 1316 a
1196 1261 1252 1316 seili

806 1345 873 1402 duas
884 1344 1009 1418 legiones
1025 1346 1149 1404 relictas
1163 1369 1218 1405 esse
1227 1348 1250 1404 di·

807 1435 852 1491 eit.
879 1430 950 1489 Cum
968 1454 1051 1492 novo
1074 1434 1181 1492 deinde
1197 1439 1251 1512 quir·

806 1541 859 1596 que
871 1520 927 1577 lere
939 1519 1054 1580 milium
1069 1526 1197 1581 exercitu
1206 1525 1251 1579 scri·

807 1617 856 1685 pto
873 1610 934 1677 (10,
945 1611 1013 1679 25.)
1029 1609 1143 1668 Fabius
1156 1614 1184 1668 in
1195 1612 1252 1667 Etru·

806 1694 1253 1777 riampruleetusClaudiumpras

806 1789 892 1838 torem
901 1781 1021 1841 Romam
1035 1784 1170 1856 dimittit,
1180 1808 1253 1844 secun·

806 1869 894 1946 daque
911 1868 1022 1944 legione
1043 1873 1084 1928 ad
1095 1872 1254 1944 Clusium‚si

807 1959 855 2035 qui
877 1976 910 2012 eo
928 1961 1063 2016 venirent
1086 1961 1200 2032 hostes,
1220 1983 1253 2038 op·

806 2046 894 2121 posita
913 2045 973 2118 ipse
992 2047 1030 2101 ad
1050 2050 1191 2106 maiorem
1206 2053 1252 2106 scri·

806 2130 924 2188 bendum
934 2135 1092 2192 exereitum
1102 2136 1252 2194 Romamn·

807 2218 857 2277 dit.
879 2228 936 2274 tum
954 2240 1022 2276 vero
1050 2221 1136 2280 clade
1155 2225 1191 2280 ad
1207 2222 1253 2279 Clu·

804 2307 875 2363 slum
889 2315 998 2383 accepta
1010 2306 1090 2384 legio
1104 2311 1223 2368 secunda
1234 2312 1252 2365 ir

805 2393 945 2450 Samnium
969 2393 1005 2450 ad
1029 2395 1067 2455 L.
1092 2396 1254 2456 Volumnim

805 2480 895 2537 redire
917 2481 1006 2550 iussa,
1032 2487 1186 2564 primaque
1206 2485 1254 2544 inde

805 2569 835 2624 in
846 2562 981 2625 Etruriam
999 2569 1120 2629 videtur
1139 2576 1253 2632 accersita

806 2674 875 2713 esse.
905 2656 935 2710 in
956 2653 1078 2715 Samnio
1106 2661 1194 2736 igitur
1213 2663 1254 2717 iau

805 2752 882 2799 eraut
896 2741 967 2817 legin
979 2745 1108 2802 secunda
1123 2757 1155 2804 et
1167 2758 1254 2828 quarta.

805 2831 891 2906 prima
918 2838 945 2886 et
970 2833 1055 2888 tertia
1087 2836 1120 2890 in
1151 2834 1254 2892 Etruria

739 2994 742 3000 Ι
806 2919 926 2994 quintam
945 2926 971 2972 et
988 2930 1099 2977 sextam
1114 2921 1254 2979 deindele·

804 3006 912 3079 glonem
941 3003 1072 3062 eonsules
1102 3006 1211 3066 Fabius
1236 3017 1255 3063 et

803 3091 907 3149 Decius
919 3088 1004 3147 Roma
1017 3092 1048 3148 in
1059 3096 1206 3154 Etruriam
1217 3095 1255 3152 du·

804 3189 878 3248 cunt,
895 3186 926 3234 ut
943 3178 1075 3255 quattuor
1093 3181 1138 3239 ibi
1154 3182 1256 3260 legioni·

803 3265 855 3322 bus
874 3285 917 3322 res
933 3273 1084 3339 gereretur.
1103 3289 1166 3326 non
1184 3271 1255 3346 igitar

803 3346 890 3409 Roma
907 3350 1024 3430 profecti
1043 3375 1110 3412 cum
1136 3362 1256 3435 quattuor

803 3437 954 3514 legionibus
971 3442 1033 3511 (10,
1050 3444 1118 3514 25.)
1138 3445 1256 3502 videntur

804 3521 938 3594 eonsules,
957 3526 1006 3582 sed
1025 3539 1166 3604 quattuor
1182 3533 1255 3608 legio

803 3612 896 3682 uibus,
930 3614 1017 3687 prlma
1049 3615 1136 3675 tertia
1170 3625 1255 3698 quinta

804 3709 888 3768 sexta,
906 3699 934 3754 in
952 3716 1016 3775 agro
1035 3701 1190 3764 Sentinate
1207 3727 1255 3766 rem

802 3788 927 3861 gessisse.

749 3872 775 3930 d.
799 3874 897 3948 primo
924 3888 1074 3933 camerate
1102 3882 1188 3940 odeo
1215 3902 1256 3939 ae-

803 3962 872 4036 quis
891 3960 1004 4018 uiribus
1016 3975 1112 4041 geste
1125 3988 1181 4027 res
1201 3979 1256 4027 est:

800 4046 860 4103 ΡΜ.
873 4081 906 4090 -
918 4047 996 4107 Leid.
1009 4066 1043 4106 a:
1056 4064 1139 4127 gesta
1153 4065 1199 4113 est
1209 4076 1256 4114 res.

800 4131 863 4192 Ptt:
877 4134 967 4194 luerit.
986 4135 1032 4195 (Μ.
1045 4142 1093 4211 10,
1103 4145 1169 4204 35.;
1183 4145 1255 4202 foret.
