2618 4590
144 219 210 293 att
386 306 396 323 „
552 184 782 297 'murra

235 400 275 470 V.
321 399 480 468 Consules
503 399 638 490 proiecti
661 388 863 468 adl'ontium
884 400 916 465 in
932 400 1162 490 conloquium,
1186 422 1249 467 curn

145 507 186 575 de
208 504 336 574 loedere
358 505 461 573 victor
486 504 634 595 agitaret,
662 515 816 596 negarunt
841 503 963 571 iniussu
990 504 1109 595 populi
1143 504 1249 574 foedis

144 610 212 679 fieri
233 633 329 702 posse
351 630 412 678 nec
433 608 502 677 sine
528 607 687 676 fetialibus
715 608 970 698 caerimoniaque
999 607 1061 675 alin
1091 607 1248 678 sollernn'⁴

145 717 253 807 itaque
267 738 341 803 non
356 754 400 766 -
416 726 453 782 nt
474 711 571 803 vulgo
589 713 722 781 credunt
736 711 952 804 Claudiusque
968 711 1067 779 etiarn
1080 713 1201 783 scribit
1213 752 1248 768 -

114 819 275 889 sloedere
301 844 365 911 pax
388 817 530 886 Caudina
557 816 615 885 sed
641 841 699 908 per
727 818 935 909 sponsionem
961 815 1046 885 lacta
1075 829 1149 887 est:
1181 821 1246 911 quid

145 923 230 993 enim
253 933 309 992 ant
330 922 541 1015 sponsoribus
568 921 602 989 in
628 921 758 990 loedere
787 946 869 1015 opus
898 931 984 991 esset
1005 933 1063 990 aut
1084 922 1246 993 obsidibus

105 1108 119 1125 ἱ
143 1026 199 1095 ubi
220 1027 404 1118 precatione
425 1049 477 1094 res
500 1024 695 1116 transigitur,
722 1051 781 1119 per
802 1050 901 1117 quern
922 1025 1082 1117 populum
1105 1026 1170 1097 liat
1190 1054 1246 1122 quo

142 1132 249 1199 minus
270 1131 393 1221 legibus
416 1128 509 1198 dictis
530 1140 640 1214 stetur,
661 1140 697 1199 ut
719 1156 794 1200 eum
815 1131 860 1200 ita
874 1130 1014 1222 luppiter
1035 1130 1135 1201 feriat
1158 1159 1246 1226 quen

144 1235 341 1304 admodum
363 1259 381 1302 a
404 1232 563 1302 fetialibus
585 1230 702 1325 porcus
729 1235 867 1304 feriatur.
905 1234 1158 1326 spoponderunt
1182 1266 1244 1311 cou-

97 1339 230 1412 rosulas
252 1339 348 1428 legati
370 1350 557 1429 quaestores
578 1339 695 1407 tribuni
717 1338 863 1423 militum,
885 1339 1080 1429 nominaque
1104 1346 1244 1413 omniun

68 1525 74 1539 Ι
144 1444 200 1535 qui
221 1443 463 1534 spoponderunt
484 1455 611 1527 entant,
638 1444 693 1512 ubi
719 1446 746 1513 si
768 1469 824 1513 ex·
839 1443 970 1513 loedere
992 1454 1064 1512 acta
1086 1470 1144 1516 res
1168 1463 1244 1519 esset

71 1614 74 1621 ,
140 1558 364 1640 praeterquam
388 1549 524 1617 duorum
546 1547 700 1617 fetialium
722 1573 788 1617 non
803 1559 962 1618 extarent:
985 1559 1019 1618 et
1039 1563 1179 1643 propter
1198 1579 1243 1624 ne

796 1761 922 1820 Dolems
939 1760 1055 1821 eundem
1077 1762 1113 1822 dc
1131 1765 1205 1828 offic.
1220 1769 1243 1836 3,

796 1852 841 1911 30.
859 1849 894 1907 de
911 1859 1003 1907 senect
1020 1850 1064 1910 12.

744 1938 771 1996 7.
799 1939 850 1995 ndi
856 1938 1026 2012 precatione
1036 1957 1088 2015 rep
1105 1944 1243 2021 transigi·

159 1763 185 1821 1.
211 1779 277 1820 cum
294 1759 333 1818 de
343 1722 475 1834 lfoedere
486 1762 581 1820 uictor
592 1761 655 1842 ogi·

210 1857 304 1908 taret:
322 1846 353 1908 P.
378 1877 412 1892 -
434 1847 476 1907 dl:
498 1848 596 1920 ledere.
620 1876 654 1888 -

209 1936 275 1994 Pul:
294 1944 424 2010 negarunt
439 1935 544 1992 iniussu
561 1937 655 2013 populi

209 2023 307 2081 foedus
333 2022 392 2078 fieri
413 2042 495 2101 posse
516 2043 571 2080 nec
595 2026 656 2081 sinc

209 2109 346 2171 fetialibus
368 2112 583 2186 caerimoniaque
604 2112 655 2169 alia

208 2197 349 2256 sollemni:
368 2196 432 2264 „als
449 2198 509 2254 siclt
527 2199 572 2254 dic
584 2198 657 2257 Con·

208 2283 271 2339 snln
294 2284 343 2340 cler
360 2282 583 2360 Uuterlrandlung
600 2307 656 2342 wc·

208 2387 260 2443 gen
272 2388 332 2424 num
343 2367 454 2425 Pontius
467 2370 584 2444 begeben
598 2371 655 2428 hat·

208 2464 264 2521 ten,
282 2454 338 2509 und
347 2454 397 2511 der
407 2454 501 2529 Sieger
511 2459 554 2511 cin
563 2457 655 2515 Boud-

206 2542 266 2599 uiss
282 2539 453 2616 gesehlossen
463 2545 563 2600 wissen
576 2545 652 2601 woll-

79 2685 81 2689 ,
205 2637 247 2694 tc,
270 2647 302 2687 so
326 2630 502 2687 erwiederten
525 2632 566 2687 sic
588 2632 652 2689 dass

205 2715 267 2774 dies
292 2716 369 2773 niclrt
395 2716 467 2775 olruc
493 2717 651 2777 Erlanbniss

141 2858 144 2865 ,
204 2802 255 2861 des
283 2809 352 2864 rtm.
377 2803 475 2862 Volles
500 2807 651 2882 geschelren

203 2891 293 2948 idone
304 2891 375 2949 noclr
387 2891 458 2950 olane
469 2893 650 2973 Bondesprie-

202 2987 259 3035 ster
276 2977 331 3035 und
350 2981 398 3035 mit
410 2966 588 3056 llbcrgelrung
600 2982 648 3040 der

136 3090 139 3094 “
202 3063 332 3122 anderen¹
351 3065 577 3122 lrerlrttmmlichen
605 3089 646 3124 re·

173 3182 178 3189 ·
201 3151 316 3229 ligidsen
351 3148 645 3212 Verbindliclrlrciten“.

200 3237 246 3299 Cf.
265 3242 290 3307 1,
307 3238 360 3302 24„

146 3329 174 3389 1.
199 3337 233 3385 ut
246 3328 337 3406 uulgo
350 3326 473 3385 credunt
486 3328 644 3387 Claudius-

200 3435 259 3490 que
276 3415 366 3471 etiem
382 3415 501 3473 scribit.-
519 3414 547 3473 Μ
564 3437 599 3476 nr.
617 3420 646 3480 2.

196 3500 229 3563 Ρ.
246 3532 281 3544 -·
305 3499 644 3578 ttm.1.:ototgoero

193 3587 271 3670 dunt.
297 3620 332 3632 -
357 3589 386 3647 tt
411 3592 503 3650 m.1.:
526 3609 573 3648 sec
593 3611 643 3669 per

797 2032 862 2081 tur.-
878 2021 1043 2084 tt-Po
1061 2028 1101 2086 l.)
1117 2029 1167 2086 nbi
1184 2035 1242 2110 pca-
1266 2069 1270 2074 -

799 2112 874 2167 tione
891 2119 993 2169 restant
1009 2112 1154 2192 igiturper
1167 2137 1242 2195 quern

798 2197 929 2273 populum
955 2207 1006 2258 oet
1039 2219 1077 2260 m.
1104 2204 1145 2262 2:
1174 2205 1242 2274 „ott

799 2287 924 2364 pcatione
939 2304 982 2342 res
994 2305 1028 2343 an
1039 2287 1161 2362 sigitur“
1178 2292 1241 2350 dot·

797 2371 880 2429 bust
901 2373 1027 2431 inductis.
1048 2404 1086 2420 -
1106 2376 1170 2435 Non
1188 2379 1240 2436 loe·

797 2457 849 2516 dus
870 2461 954 2517 ictum
974 2460 1024 2517 ssd
1047 2482 1098 2538 per
1116 2468 1240 2542 sponsio-

794 2562 858 2602 nem
875 2565 932 2604 rem
949 2556 1112 2608 transactam
1122 2571 1192 2624 esse,
1208 2575 1240 2613 ex

794 2652 828 2688 eo
839 2631 934 2691 Livius
947 2636 1015 2693 dicit
1024 2637 1138 2716 intelligi
1148 2661 1237 2718 posse,

777 2754 779 2758 Α
793 2721 868 2797 qnod
884 2722 1004 2781 omnium'
1014 2744 1108 2784 eorum
1119 2731 1166 2806 qui
1177 2749 1238 2808 spo·

792 2809 953 2884 pendissent
975 2813 1084 2869 nomina
1110 2825 1239 2878 extarent

793 2894 860 2972 quid
885 2898 956 2955 enim
986 2901 1162 2976 sponsoribus
1191 2914 1239 2962 ant

790 2983 932 3042 obsidibus
951 3002 1017 3063 opus
1033 2984 1126 3055 fuisse,
1146 2990 1172 3044 si
1189 3010 1237 3048 res

790 3077 924 3129 transacta
942 3079 1052 3131 curtos
1066 3076 1236 3152 precatione,

788 3176 841 3232 qua
866 3162 895 3215 in
924 3158 1078 3218 foederibus
1104 3158 1237 3222 feriendis

787 3245 828 3300 nti
845 3246 972 3317 solerent,
989 3257 1022 3306 nt
1035 3246 1158 3327 luppiter
1174 3273 1235 3311 curn

785 3333 924 3407 populum,
941 3356 992 3414 per
1008 3354 1090 3415 quem
1106 3336 1185 3396 liet-et
1201 3361 1235 3397 ne

786 3415 891 3492 legibus
903 3422 985 3482 dictis
1001 3425 1069 3482 stari
1080 3435 1184 3502 posset,
1196 3428 1232 3484 ita

784 3503 878 3583 feriret
894 3529 975 3586 qoem
991 3510 1027 3569 ad
1042 3512 1156 3571 modum
1172 3535 1231 3592 por·

786 3611 834 3650 cus
852 3616 868 3651 a
886 3596 1022 3656 fetialibus
1038 3599 1174 3662 feriretur.

193 3676 376 3755 sponsionem.
406 3697 441 3735 m.
464 3679 503 3739 l.:
525 3687 576 3737 set.
604 3708 638 3720 -
661 3664 664 3669 V
730 3680 1229 3759 &spoponderuntcoistl'rcoiss

192 3762 246 3822 lac.
262 3760 421 3820 Perizonius
439 3764 473 3822 de
495 3764 550 3821 hoc
567 3764 638 3823 bello

192 3849 355 3927 foedereque
390 3852 445 3908 icto
477 3848 637 3909 Ciceronem

148 3999 150 4005 ,
191 3958 253 3996 curu
264 3936 343 3996 Livio
355 3936 557 3995 dissentientem
573 3959 636 3996 cou-

778 3767 875 3848 lcgatt'
901 3782 1080 3848 quaestores
1106 3777 1145 3836 ti.
1159 3776 1226 3860 md.

778 3859 957 3935 nominaque
964 3863 1094 3919 omnium
1101 3865 1225 3940 quispe·

774 3944 1081 4016 panderunt-restant:
1100 3948 1158 4011 ΡΜ.

189 4024 255 4082 lerri
272 4025 330 4085 vult
346 4025 381 4082 de
399 4027 454 4085 inv.
472 4028 503 4096 2,
520 4028 580 4095 30„
601 4023 634 4083 C.
698 4027 750 4122 Ι11.
775 4037 1222 4112 etpropterneccsaariamfoc·
