2618 4590
537 292 645 353 annu
662 291 707 356 u.
736 360 740 369 ,
1126 284 1170 351 79

69 442 244 547 recipiebat
265 481 300 524 se
316 457 480 523 Romanus
503 454 595 522 miles
617 455 674 521 sed
696 454 852 522 inmemor
873 459 1007 527 recentis
1031 461 1169 528 ferociae

68 548 252 653 veterisque
281 561 405 628 decoris
433 572 520 652 terga
548 561 667 650 passim
696 560 791 626 dabat
821 572 917 651 atquc
944 565 1043 632 effuso
1073 589 1168 632 cursu

69 679 175 734 castra
196 667 371 756 repetebat,
393 689 467 732 cum
481 665 634 732 Camillus
656 664 817 732 subiectus
840 667 880 732 ab
897 666 1167 736 circumstantibus

17 814 20 821 ·
66 773 103 838 in
126 797 247 862 equum
270 783 302 838 et
323 770 437 861 raptim
465 770 610 836 subsidiis
640 770 794 859 oppositis
826 771 930 855 „baec
960 778 1032 838 est“
1058 774 1167 863 inquit,

68 878 219 960 „milites
242 899 346 966 pugna
369 899 468 964 quam
482 874 693 964 poposcistis?
715 875 786 965 quis
808 875 908 943 bomo
932 877 1002 966 quis
1027 878 1105 944 deus
1121 890 1202 946 esta

69 1006 170 1072 quem
192 1002 340 1047 accusare
359 979 511 1069 possitis?
531 991 636 1046 vestra
658 981 711 1046 illa
728 982 897 1063 temeritas,
920 993 1025 1048 vestra
1047 982 1173 1073 ignavia

27 1165 32 1169 ι
63 1086 147 1152 haee
169 1097 226 1152 est.
264 1084 366 1168 secuti
387 1084 485 1149 alium
508 1085 623 1151 ducem
645 1085 812 1175 sequimini
834 1110 919 1153 nune
935 1085 1114 1169 Camillum,
1138 1097 1171 1152 et

64 1192 153 1281 quod
178 1191 275 1256 ductu
297 1213 372 1256 meo
390 1189 509 1271 soletis,
531 1189 656 1256 vincite.
695 1190 771 1280 quid
788 1191 907 1257 vallum
930 1203 962 1259 et
980 1204 1081 1258 castra
1099 1215 1170 1281 spe-

65 1294 188 1362 ctatisl·
201 1295 362 1360 neminem
385 1305 527 1361 vestrum
549 1292 609 1358 illa
624 1293 684 1359 nisi
698 1295 852 1362 victorem
873 1309 1039 1386 receptura
1061 1302 1168 1363 sunt“.

63 1402 169 1493 pudor
190 1401 293 1490 primo
316 1398 418 1465 tenuit
440 1398 574 1464 effusos:
603 1399 675 1465 inde
698 1412 735 1466 ut
756 1401 925 1490 circumagi
946 1402 1034 1490 signa
1057 1401 1168 1467 obver-
1182 1413 1217 1468 10

62 1507 152 1596 tique
182 1506 283 1572 aciem
310 1504 457 1571 viderunt
485 1503 517 1567 in
546 1502 689 1584 hostem,
724 1517 755 1572 et
783 1507 848 1571 dux
872 1545 917 1556 —
945 1518 1169 1596 praeterquam

134 1693 252 1768 spatium
275 1687 427 1765 respirandi
451 1688 581 1762 recipien-

137 1776 219 1853 dique
236 1797 267 1831 se
284 1775 388 1833 dedit“.
408 1773 466 1831 Cic.
480 1773 513 1828 de
525 1795 582 1850 rep.

138 1866 169 1932 6,
189 1866 244 1920 ts:
270 1882 360 1936 „quae
384 1882 445 1917 curn
466 1862 583 1915 intuerer

138 1959 264 2027 stupens,
286 1958 316 2004 ut
333 1968 376 2002 me
394 1949 496 2023 recepi,
515 1947 584 2021 Quis

136 2037 181 2093 bic
200 2039 317 2112 inquam,
337 2037 397 2112 quis
410 2037 508 2110 estqui
521 2055 585 2090 con·

136 2123 193 2202 plet
202 2143 279 2179 aures
292 2143 373 2190 meas,
391 2131 480 2178 tantus
493 2131 584 2177 ettam

137 2211 224 2267 dulcis
234 2213 357 2266 sonuste
370 2208 403 2269 al.
416 2206 583 2266 ·-'Leid.1.:

138 2299 274 2374 dabatque
292 2286 378 2353 effuso
398 2315 487 2354 cursu.

82 2390 110 2444 3.
140 2388 287 2443 subiectus
309 2385 347 2440 ab
370 2384 583 2439 circumstanti·

138 2475 208 2529 bus:
226 2472 266 2528 tl:
289 2471 359 2540 „auf
374 2471 422 2526 das
440 2470 520 2526 Plerd
539 2489 582 2543 ge·

136 2560 256 2618 boben“.
280 2558 324 2616 Cf.
342 2561 387 2624 31,
404 2561 461 2616 37.:
480 2557 583 2624 „saluti

136 2648 188 2702 luit
210 2666 304 2720 eques,
331 2646 377 2720 qui
399 2645 497 2719 raptim
524 2646 583 2717 ipse

138 2732 247 2786 desiluit
257 2732 437 2807 pavidumque
449 2750 537 2802 regem
555 2731 584 2783 in

139 2838 236 2894 equum
255 2816 406 2873 subiecit“.
420 2847 452 2858 -
464 2814 504 2871 tl:
524 2834 584 2869 cum

140 2904 262 2960 camillus
292 2902 412 2958 sublatus
448 2902 584 2956 subiectus

140 2993 173 3049 ab
182 2993 186 3066 Ι
196 2989 430 3048 circumstantibus
443 2990 470 3042 in
481 3007 584 3062 aequm.

139 3081 173 3137 P:
215 3098 276 3134 cum
309 3075 431 3131 camillus
463 3074 584 3132 sublatus

140 3165 373 3223 circumstantibus
409 3167 438 3219 in
479 3174 585 3239 equum.

52 3266 55 3281 ·'
141 3254 185 3312 Cf.
203 3256 229 3321 9,
241 3256 280 3310 7.:
299 3252 367 3308 sieri.
381 3282 414 3290 -
428 3249 584 3308 Subiectus

139 3345 219 3398 etiam
241 3343 269 3395 in
292 3337 368 3395 Leid.
386 3356 403 3396 1.
427 3347 453 3392 ct
476 3338 585 3414 quibus-

140 3429 200 3485 dam
214 3446 283 3482 rece.
298 3424 378 3480 codd.
391 3428 521 3501 scriptum
535 3435 585 3481 est.

140 3519 169 3572 in
200 3515 285 3568 tribus
313 3510 442 3567 Palatinis
473 3511 585 3587 aliisque

141 3604 307 3659 autumus.
319 3597 391 3654 Harl.
401 3618 431 3656 r.:
441 3599 585 3654 subuectus

140 3688 191 3744 sub
210 3686 281 3742 latus
300 3705 400 3741 eorum.
413 3718 446 3726 -
460 3685 480 3739 P
497 3689 586 3743 m.1.:

141 3775 249 3852 inquid.
280 3803 311 3814 -
341 3771 379 3828 P.-
401 3791 489 3847 pugna
508 3792 587 3848 qaam

139 3864 265 3937 poscitis.
290 3890 324 3903 -
347 3857 369 3914 P
387 3879 422 3916 m.
445 3862 486 3917 1.:
510 3878 586 3913 accu-

143 3970 204 4004 sare
221 3951 328 4026 positis.

34 4026 37 4035 ⁵
91 4038 117 4095 7.
144 4039 239 4093 secuti
254 4036 347 4090 alium
366 4033 468 4088 ducem
490 4033 587 4108 aequi·
614 4081 618 4089 .

143 4125 217 4178 mini
236 4142 313 4178 nunc
334 4120 506 4176 Camillum:
531 4118 587 4176 ΡΜ.

724 1720 758 1732 -
777 1688 858 1748 Reec.
872 1689 945 1765 quid.
958 1690 1051 1748 codd:
1070 1709 1168 1766 sequa-

723 1778 797 1834 mini.
814 1808 847 1818 -
863 1776 926 1833 Pol:
945 1786 973 1832 et
987 1776 1069 1851 quod
1080 1777 1170 1831 ductu

722 1885 788 1920 meo
811 1866 915 1920 soletis
943 1866 1058 1922 uincite.
1094 1861 1170 1919 tlulti

724 1971 807 2009 rece:
827 1962 854 2006 et
872 1961 904 2007 ut
922 1951 1003 2007 ductu
1022 1959 1072 2008 cet.

673 2041 699 2098 9.
727 2039 872 2094 neminem
890 2048 1021 2094 uestrum
1040 2039 1095 2093 illa
1112 2037 1173 2093 nisi

727 2128 868 2180 uictorem
898 2134 1052 2199 receptura
1086 2133 1170 2180 sunt:

725 2211 782 2270 PM.
795 2241 826 2253 ·-
839 2209 1113 2288 Nonpeiusbeid.1.:
1125 2231 1170 2266 ne·

725 2299 825 2355 minem
843 2298 900 2354 illa
917 2307 1037 2354 uestrum
1054 2300 1107 2354 bisi
1119 2306 1169 2356 cet.

654 2389 698 2445 10.
723 2386 823 2461 pudor
829 2387 1028 2459 primatenuit
1039 2387 1170 2457 effusos:

723 2473 754 2530 P.
773 2504 808 2517 -
825 2472 865 2528 lll:
885 2472 980 2531 effuso.
993 2504 1027 2514 -
1046 2471 1171 2548 Plerique

724 2582 793 2619 rece.
812 2559 891 2617 codd.
904 2562 1034 2636 pessime:
1053 2561 1170 2628 „obver-

724 2650 799 2721 tique
817 2649 901 2701 aciem
920 2647 1054 2716 uiderunt,
1081 2654 1171 2703 ruunt

726 2737 753 2789 in
772 2734 876 2788 bostem
884 2738 901 2764 “
920 2744 970 2792 eet.

657 2821 700 2877 11.
724 2830 934 2894 praeterquam
957 2820 1040 2893 quod
1063 2828 1107 2873 tot
1129 2820 1171 2872 in·

726 2906 823 2980 signis
845 2904 1018 2978 triumphis.-
1041 2902 1090 2959 ΡΜ
1113 2902 1171 2962 rell.

725 2989 851 3046 Dulcius
870 2999 916 3046 aut
934 2990 1017 3066 quod
1028 2989 1172 3062 delendum

726 3088 773 3135 aut
797 3087 863 3134 erat
883 3077 1035 3134 addendum
1059 3080 1172 3136 censuit.

725 3187 818 3223 verum
846 3186 1008 3243 quamquam
1030 3163 1061 3222 L.
1090 3185 1171 3242 saepe

725 3257 763 3310 ita
780 3256 898 3329 scripsit,
919 3263 1009 3308 tamen
1027 3253 1172 3328 quidquam

726 3342 824 3397 mutari
842 3340 934 3406 nolim,
954 3339 1100 3394 cumidem
1117 3359 1172 3393 non

727 3431 816 3484 minas
849 3445 930 3502 saepe
959 3426 1070 3480 verbum
1105 3445 1172 3480 ease

726 3514 943 3592 praetermiserit.
972 3544 1007 3553 -
1034 3509 1113 3570 blm.
1134 3514 1173 3570 1.:

728 3605 808 3657 etiam
826 3609 884 3655 aeta
902 3597 1071 3657 uenerabilis.
1093 3595 1120 3656 Μ
1138 3620 1173 3658 m.

728 3691 753 3746 2.
773 3688 807 3742 P:
826 3695 918 3746 aetate.
944 3686 1071 3745 Leid.1.:
1093 3687 1174 3743 etiam

729 3784 788 3828 acta
798 3772 967 3833 uenerabilis.
978 3773 1051 3833 Harl.
1060 3792 1093 3833 n:
1103 3784 1174 3833 actu.

728 3860 811 3918 Recc.
824 3861 897 3936 quid.
907 3861 985 3919 codd.
994 3862 1073 3918 binc:
1093 3865 1173 3917 etiam

729 3957 820 4003 exacta
839 3959 925 4005 aetate
941 3949 1111 4006 uenerabilis.
1138 3978 1173 3990 -

729 4033 751 4088 P
769 4057 805 4092 m.
825 4040 863 4091 1.:
886 4038 957 4091 inter
978 4039 1064 4112 prima
1086 4037 1174 4110 prima

731 4121 777 4177 ubi
789 4121 894 4200 plurim’
911 4128 916 4194 Ι
932 4123 1014 4179 labor.
1032 4142 1068 4180 m.
1080 4126 1120 4180 Pa:
1133 4125 1173 4178 in·
