2618 4590
174 249 240 318 142
634 261 744 323 tutu
763 260 819 322 vn.

173 450 225 496 res
247 426 323 496 iuitr
348 427 417 495 sine
439 425 579 497 carmine
600 424 667 493 ulio
685 425 754 493 sine
767 423 991 491 imitandorum
1010 420 1186 488 carminum
1202 431 1275 489 actu

173 532 321 601 ludiones
343 531 525 617 exUEtnrrin
548 530 640 599 aeeiti
663 532 704 598 ed
725 527 861 597 tibicinis
882 525 998 594 modos
1016 525 1168 591 saltantes
1190 523 1276 591 haud

174 636 342 705 indecoros
369 647 476 704 mone
506 659 597 704 mere
624 637 733 703 Tuscu
765 634 893 701 dabant
930 630 1046 697 inuitaui
1073 628 1188 695 deinde
1219 652 1277 697 ees

173 739 320 809 iuventus
342 741 438 807 simul
461 740 628 824 inconditis
650 740 732 808 inter
752 762 788 807 se
809 735 960 806 iocularia
986 734 1155 802 fundentes
1177 733 1275 802 versi·

143 845 236 913 tbus
258 868 412 937 coepere,
440 867 502 913 nee
524 843 637 913 absoni
658 868 676 911 e
698 868 780 912 voce
800 855 908 913 motus
930 852 1033 909 erunt:
1066 851 1198 930 accepta
1220 839 1275 917 ita-

171 974 311 1040 queres
334 950 527 1042 saepiusque
554 950 738 1039 usurpando
767 949 914 1019 excitata.
951 944 1128 1015 vernaculis
1152 943 1274 1011 artifici·

172 1055 242 1138 bus,
265 1050 339 1146 quia
361 1054 438 1122 ister
452 1054 561 1121 Tusco
576 1055 676 1122 verbo
693 1054 798 1122 ludibs
813 1051 996 1135 vocabatur,
1017 1073 1138 1117 nemen
1151 1048 1275 1117 histrie-

171 1157 265 1227 nibus
287 1159 432 1242 inditam,
455 1158 510 1249 qui
531 1181 597 1227 uon
611 1158 657 1227 sie
671 1170 708 1227 ut
720 1170 793 1227 ente
809 1156 1010 1227 Fescennino
1025 1177 1121 1223 versu
1136 1153 1275 1221 similem

807 1298 910 1372 ¹etiem
939 1315 969 1372 iu
998 1311 1021 1370 P
1051 1321 1079 1370 et
1105 1312 1134 1370 in
1159 1310 1240 1372 tert.
1258 1331 1276 1370 r.

828 1404 915 1470 ister,
941 1400 1015 1479 quud
1041 1420 1125 1478 neque
1142 1401 1196 1457 hee
1213 1398 1276 1456 loeo

827 1489 989 1548 servandum
1018 1488 1160 1546 videbatur
1194 1497 1276 1565 atque

827 1579 861 1647 5,
878 1579 923 1638 33.
940 1578 1036 1636 Atria.
1071 1574 1179 1633 Deinde
1206 1577 1273 1632 scri-

827 1666 933 1742 psimus
962 1664 1077 1733 ludier,
1113 1683 1275 1741 quamquem

242 1315 297 1373 den
308 1314 402 1372 Tbneu
420 1316 470 1373 der
480 1314 558 1373 flete
571 1317 601 1373 in
612 1313 689 1374 uiebt

242 1402 687 1480 unzierlieheuBewegungenTus·

243 1489 334 1547 eisebe
352 1488 472 1552 Ttuze⁸‘.
496 1519 532 1533 ·-
553 1490 629 1552 Pru.
648 1493 688 1548 t:

241 1576 314 1635 haud
333 1577 506 1638 indeeberus.

188 1665 214 1724 4.
241 1666 332 1723 simul
342 1665 500 1725 inconditis
512 1668 634 1725 interce
645 1666 686 1723 io·

239 1754 356 1811 cetaria
384 1751 553 1826 fundentes
594 1755 687 1812 uersi·

238 1841 312 1899 bus.-
329 1839 386 1900 Pu.
410 1839 517 1909 „Ibuen
534 1841 624 1899 abmte
641 1840 688 1898 die

237 1926 374 1985 ritmisebe
384 1926 489 2004 tegent
501 1928 578 1997 uueb,
595 1927 687 1986 iudem

238 2017 281 2073 sie
302 2014 423 2091 rugleieh
445 2015 551 2091 launige
568 2015 686 2074 Scherre

237 2104 268 2161 iu
303 2101 461 2163 kunstleseu
496 2101 600 2161 Ver-sen
635 2106 686 2161 mit

152 2192 161 2203 “
237 2190 470 2266 weebselseitigeu
495 2190 685 2265 Beziehuugen

133 3240 152 3273 ὁ

237 2276 421 2352 biuuuiiigteu‚
433 2298 479 2334 we
492 2278 564 2334 deun
576 2277 621 2334 die
632 2279 684 2334 Be-

237 2382 388 2438 wegnugen
396 2365 433 2420 im
443 2363 532 2421 Tame
544 2365 596 2422 den
602 2363 684 2422 Wor·

237 2457 285 2505 ten
308 2450 517 2525 eutspraebeu“.
553 2450 597 2512 Cf.
617 2452 684 2515 fler.

237 2537 317 2614 epist.
329 2538 355 2603 b,
369 2539 393 2594 1.
408 2539 482 2598 ltu:
495 2579 512 2608 ‚‚
518 2538 684 2598 Fescennina

237 2642 289 2700 per
306 2622 378 2679 bune
390 2625 495 2683 invectu
506 2625 615 2685 lieentia
628 2649 684 2686 uro·

236 2729 295 2767 rem
313 2709 442 2770 Versibus
459 2712 568 2772 alternis
585 2735 683 2793 uppru·

115 2842 120 2855 ,
238 2796 298 2855 bria
314 2799 416 2857 rustica
440 2800 524 2871 fudit,
547 2799 684 2861 Libertas·

236 2905 291 2963 que
311 2896 478 2946 recurrentes
501 2901 611 2969 accepte
634 2909 685 2970 per

236 2993 322 3030 eunus
333 2970 413 3030 Lusit
424 2976 581 3046 amabiliter,
597 2978 683 3035 donee

236 3061 291 3116 iem
300 3079 396 3115 saevus
408 3072 527 3136 apertum
538 3063 570 3120 In
581 3065 684 3122 rabiem

236 3147 307 3204 verri
325 3147 414 3221 eoepit
430 3149 507 3205 iocus
525 3160 553 3206 et
569 3171 619 3226 per
636 3153 685 3208 hu·

236 3243 328 3290 uestes
341 3231 386 3289 Ire
403 3233 498 3294 domus
515 3238 617 3317 inpune
635 3241 684 3299 mi·

234 3327 321 3382 nax“.

180 3409 209 3468 5.
234 3417 356 3486 acceptu
374 3411 476 3490 itaque
487 3432 537 3472 ree
550 3416 684 3489 saepius·

236 3515 296 3572 que
326 3500 513 3574 usurpanda
533 3503 683 3560 cucuma:

235 3581 294 3642 Pul.
322 3585 400 3652 „Die
416 3586 505 3645 sache
527 3588 605 3662 gebel
627 3590 683 3661 und

234 3671 310 3726 werd
330 3671 414 3729 dureb
432 3674 478 3732 die
501 3675 588 3734 bitere
606 3675 682 3734 Wie-

234 3755 383 3835 derhulung
401 3761 602 3837 ausgebildet“.

179 3843 208 3902 ⁷.
233 3846 307 3919 quia
324 3847 399 3902 ieter
420 3857 504 3906 turco
529 3852 618 3908 uerbo
637 3852 682 3910 lu·

120 3961 127 3979 «
233 3933 552 4009 dioeuocubuturrbi]
565 3939 627 4014 qnia
640 3939 681 3994 bi-

231 4028 289 4076 ster
309 4019 399 4081 'turco
426 4024 509 4082 verbu
533 4023 609 4082 ludio
633 4045 681 4082 ve·

232 4107 351 4175 cibetur·
385 4142 420 4157 -·
458 4109 597 4189 Scriptum
633 4122 675 4169 est

771 1810 777 1839 Ι
827 1754 857 1809 in
868 1750 891 1808 P
902 1751 986 1809 ludio
998 1759 1049 1820 est,
1065 1770 1121 1808 neu
1132 1760 1187 1808 tam
1200 1751 1275 1828 qued

827 1841 865 1897 itu
888 1840 918 1896 in
936 1836 1010 1898 Harl.
1026 1858 1046 1900 ι.
1069 1858 1178 1917 queque
1199 1848 1229 1894 et
1244 1840 1274 1894 in

826 1924 904 1987 Leid.
930 1945 947 1986 1.
983 1926 1018 1986 ai.
1053 1936 1189 2005 repertum
1224 1935 1274 1994 est,

827 2033 908 2090 quem
926 2014 1000 2092 quud
1011 2013 1039 2073 h.
1051 2012 1070 2074 l.
1089 2015 1212 2071 usitatior
1220 2033 1274 2070 vox

828 2103 1044 2179 interpretationi
1055 2102 1131 2160 verbi
1143 2103 1217 2159 ister·
1230 2121 1272 2157 se·

828 2189 1154 2249 comedatiervidebutur.
1171 2189 1272 2246 bieno-

825 2277 971 2334 mimtivus
992 2279 1094 2335 ludier
1117 2296 1165 2334 ees
1182 2296 1272 2334 reeen-

826 2366 895 2420 tium
911 2365 992 2426 codd.
1010 2363 1136 2422 librarius
1158 2383 1213 2420 nun
1235 2362 1271 2419 ie·

825 2448 903 2520 tellit,
920 2453 967 2528 qui
982 2452 1086 2510 ludius
1097 2438 1272 2527 seripserunt.

825 2536 900 2595 ldem
925 2539 1029 2597 ludius
1046 2540 1119 2618 apud
1136 2537 1273 2597 Valerium

825 2623 897 2686 ttae
915 2626 1027 2684 eandem
1044 2647 1103 2687 rem
1113 2625 1272 2684 referentem

826 2715 853 2783 b,
870 2715 896 2772 b.
913 2713 1019 2790 iegitur.

771 2802 800 2860 8.
817 2803 999 2860 Fescenniro
1006 2798 1248 2860 uersueriHurl.
1254 2818 1271 2857 1.

826 2887 904 2950 Leid.
918 2910 936 2949 r.
953 2888 1008 2962 ab]
1026 2889 1195 2952 Fescennino
1213 2907 1271 2944 ver·

824 2980 926 3037 sui-
944 2976 997 3033 Hie
1015 2975 1121 3034 dativus
1138 2975 1274 3032 interdum

751 3098 762 3113 κ
825 3065 855 3121 in
874 3065 992 3140 antiquis
1004 3063 1084 3124 eudd'.
1096 3060 1220 3127 Liuianis
1232 3081 1273 3118 re·

824 3153 936 3228 peritur.
955 3150 990 3211 ei.
1006 3153 1105 3221 t,1u.=
1122 3151 1197 3229 quud
1216 3169 1274 3206 usu

790 3237 794 3245 “
825 3247 962 3299 menstruo
974 3247 1137 3315 superesset.
1155 3239 1201 3304 ut,
1214 3239 1273 3294 19.=
1293 3307 1298 3311 ,

827 3326 945 3404 inceptu.
968 3327 1002 3389 al.
1033 3358 1067 3369 -
1093 3323 1144 3385 Pu
1160 3322 1273 3382 flate

826 3410 904 3473 Leid.
919 3433 953 3473 r.:
967 3425 1101 3475 suturas.
1118 3411 1163 3472 Gi
1173 3408 1274 3470 Paulus

825 3520 869 3578 ap.
884 3499 1006 3560 Festum:
1024 3502 1164 3572 „Satura
1178 3508 1206 3556 et
1218 3498 1273 3554 eibi

823 3606 908 3664 genus
927 3589 1027 3648 dieitur
1045 3601 1079 3647 ert
1090 3590 1174 3648 variis
1192 3585 1273 3645 rebus

825 3676 977 3748 eonditum,
995 3687 1023 3734 et
1039 3677 1084 3735 lex
1100 3666 1194 3735 meliis
1211 3671 1273 3730 aliis

824 3763 944 3822 eunierte
954 3765 1069 3840 legibus,
1080 3774 1107 3822 et
1119 3782 1203 3840 genus
1216 3780 1272 3817 eur·

732 3889 735 3893 -
771 3902 774 3907 .
822 3853 904 3909 minis
934 3851 981 3911 ubi
1009 3854 1043 3909 de
1068 3851 1169 3910 multis>
1191 3849 1273 3906 rebus

823 3938 976 4015 disputetur
981 3944 1007 3999 “.
1021 3968 1057 3984 -
1068 3939 1202 4007 ·‚‚Dieseu
1214 3935 1271 3991 hei·

770 4066 772 4071 .
821 4027 944 4084 misebeu
961 4025 1108 4093 Kitustiem
1136 4024 1187 4100 gab
1209 4042 1271 4079 mun

796 4154 798 4159 -
822 4113 1201 4180 denNamnguieneu-‚
1214 4108 1269 4168 und
