2618 4590
161 231 229 301 450
626 242 797 303 tmtttx

165 407 205 475 tis
228 430 289 474 uec
312 430 372 474 nos
392 405 695 496 spopondissemus,
722 424 783 473 uec
804 404 852 473 lus
874 405 934 472 fuit
954 405 1052 487 alium
1075 425 1195 471 rerum
1218 403 1274 470 eri·
1304 372 1305 385 .

166 524 236 579 tum
264 534 335 577 esre
364 535 462 602 quam
490 522 526 578 ut
555 511 600 577 illi
627 510 717 577 velut
743 509 869 577 somnio
896 509 1027 577 laetiore
1057 531 1166 599 quam
1190 510 1274 600 quod

165 627 289 685 untes
317 638 430 682 comm
457 639 572 706 capere
600 625 733 705 possent
759 613 957 703 nequiquam
983 613 1215 696 eluderentur,
1247 625 1274 681 et

155 732 312 790 nuatmm
335 719 511 787 exercitum
539 720 653 786 cadem
681 742 763 807 quae
791 717 965 809 inpedierat
985 719 1117 786 fortuna
1147 717 1271 809 expedi·

134 833 223 909 ard,
245 849 361 893 vanam
384 825 546 893 victoriam
563 823 675 890 vanior
695 822 819 889 inritam
841 824 961 891 laceret
981 848 1055 914 pax,
1076 824 1221 914 sponsio
1234 823 1271 890 in

20 918 24 941 ⁵
165 932 388 1020 to'rponeretnr
419 954 504 1020 quae
537 927 698 995 neminem
727 939 853 1016 praeter
880 953 1070 1019 sponsorem
1103 928 1270 1020 obligaret

165 1034 242 1125 quid
262 1034 350 1102 enim
365 1035 533 1101 vobiscum
552 1044 659 1122 patres
676 1032 856 1122 conscripti,
877 1032 954 1123 quid
974 1057 1050 1100 cum
1065 1034 1197 1125 populo
1215 1033 1270 1101 Ro

165 1162 263 1206 mano
284 1150 393 1205 sctum
416 1140 485 1204 est?
513 1138 583 1228 quis
606 1159 666 1202 vos
685 1137 849 1226 appellare
872 1149 993 1228 potest,
1019 1138 1092 1229 quis
1115 1162 1156 1206 se
1180 1164 1201 1206 a
1222 1162 1270 1204 vo

165 1243 215 1311 his
236 1243 342 1311 dicere
358 1242 559 1332 'deceptum‘l
582 1241 682 1308 hostis
704 1266 747 1308 an
768 1243 865 1311 civis?
891 1243 977 1310 hosti
997 1243 1076 1311 nihil
1098 1243 1270 1334 spopondi·

121 1348 236 1430 tostis,
259 1347 363 1414 civem
384 1346 546 1413 neminem
560 1346 718 1436 spondere
742 1372 801 1436 pro
818 1348 908 1414 vobis
924 1348 1066 1414 iussistis.
1096 1348 1181 1414 nihil
1199 1372 1268 1437 ergo

184 1567 211 1624 ί.
238 1562 364 1638 'necfus
380 1564 447 1637 fuit
468 1565 561 1622 ulium
583 1584 681 1621 rerum

235 1652 349 1710 exitum
378 1672 460 1710 esse:
490 1650 546 1708 Ptt
585 1649 681 1710 Livius

235 1738 333 1809 prosit
350 1739 383 1796 ah
402 1740 574 1796 coniunctius
590 1739 624 1795 od
641 1741 681 1796 in·

168 1820 187 1833 '¹
236 1818 391 1893 diutinum,
409 1845 469 1884 com
489 1824 578 1882 abillo
598 1825 682 1903 hypo·

235 1912 333 1971 thetica
347 1913 507 1970 condicione
524 1915 578 1970 iarn
589 1914 625 1970 ad
637 1935 681 1971 ve·

235 2018 294 2058 run
313 2020 402 2058 rerum
417 2012 515 2058 statum
528 2001 681 2059 descrihen-

823 1569 866 1623 εἰη
877 1566 946 1624 noch
955 1565 1118 1643 nichtigcrer
1127 1567 1268 1624 Frieders-

822 1653 927 1711 schluss
938 1654 1174 1724 wlcdrraul'hdhe‚
1192 1675 1269 1711 wenn

823 1739 1022 1798 einGeldhniss
1037 1761 1096 1798 zum
1105 1740 1268 1820 Unterpiru·

823 1827 857 1883 de
875 1828 995 1904 rerlangt
1011 1828 1089 1885 ward
1108 1829 1159 1885 das
1176 1830 1270 1886 heinen

824 1917 919 1970 weiter
941 1915 980 1971 als
1003 1915 1056 1972 den
1079 1917 1127 1973 der
1147 1937 1178 1974 es
1195 1936 1267 1993 gege-

823 2001 876 2058 beu
894 2003 994 2059 hindeu
1012 2003 1144 2063 lrounte“.

236 2087 301 2146 duur
323 2098 449 2144 transeat.
474 2121 507 2133 -
536 2087 558 2146 P
580 2109 615 2147 m.
638 2092 681 2147 1.:
755 2092 796 2146 ’7.
824 2090 900 2166 quid
928 2093 1006 2147 enim
1035 2094 1191 2148 uobiscum
1222 2097 1266 2168 pc.

236 2194 317 2253 qnam
335 2185 365 2232 ut
382 2175 422 2232 illi
445 2177 551 2232 somnio
570 2175 681 2232 laetiore

235 2271 285 2320 cet.
312 2283 346 2319 m.
366 2263 406 2320 Ἅι
425 2263 501 2318 uelut
518 2266 680 2318 somnio.—

235 2345 297 2402 Pll1:
317 2352 486 2424 nequiquam.
501 2349 572 2404 —lll
590 2352 678 2408 m.1.:

234 2431 370 2487 fortunam
398 2434 544 2509 expediret.
576 2455 612 2494 m.
639 2438 680 2494 Ἅι

237 2517 349 2576 fortuna.
366 2550 399 2560 —
419 2516 489 2579 Cod.
507 2520 617 2580 Kluclr.:
636 2544 680 2579 ua-

234 2623 295 2661 nam
314 2607 454 2662 uictoriam
478 2611 619 2665 nuniorem
641 2612 680 2665 in-

234 2692 284 2747 rita
307 2691 408 2748 luceret
432 2714 492 2770 pax.
520 2726 555 2739 -
585 2697 681 2764 „Aber

233 2775 328 2834 moder
345 2781 453 2837 wtirdet
469 2781 513 2839 ihr
531 2781 579 2841 ruf
596 2794 680 2841 etwas

234 2863 283 2921 der
291 2865 343 2922 Ao
352 2868 529 2944 eingegangeu
539 2873 597 2926 sein
610 2871 680 2928 noch

236 2951 350 3008 wttrden
363 2956 416 3009 wir
427 2976 478 3011 uus
488 2976 520 3013 zu
531 2959 617 3014 ciuem
626 2958 679 3014 sol-

234 3035 303 3093 chen
327 3038 483 3098 Gelttbniss
518 3045 679 3100 vorotauden

130 3144 132 3153 ·
232 3121 329 3191 huben,
348 3126 417 3182 noch
431 3126 518 3184 durlle
530 3129 680 3209 dherhaupt

231 3207 280 3266 dns
289 3208 381 3267 Gauro
394 3214 471 3270 einen
484 3214 600 3273 anderen
610 3219 679 3275 Aus-

229 3314 298 3374 gaug
315 3301 456 3374 gewinnen
475 3301 514 3359 als
538 3303 600 3361 dass
618 3308 678 3380 jone

231 3381 291 3439 sich
317 3386 461 3462 gleichsam
489 3389 574 3447 durch
599 3395 677 3449 einen

230 3466 425 3544 glticllicheren
444 3474 556 3546 Tuum,
579 3477 619 3536 als
636 3483 676 3536 sie

232 3574 265 3612 ru
286 3557 376 3616 sussen
399 3564 435 3618 im
455 3562 556 3621 Staudc
575 3587 675 3635 waren,

192 3648 195 3655 '
232 3642 302 3699 ohne
325 3646 418 3720 irgend
442 3653 519 3708 einen
546 3656 674 3710 writeren
698 3698 701 3702 ν

161 3752 166 3757 ·
230 3726 351 3785 Vortheil
362 3731 495 3791 verhtthnt
509 3739 601 3808 sithen,
619 3742 674 3798 und

229 3813 291 3870 dass
309 3835 391 3873 unser
407 3818 479 3877 Heer
500 3823 584 3882 durch
604 3828 671 3884 eheu

225 3901 300 3973 jones
308 3899 489 3982 Verhingniss
495 3910 612 3970 welches
623 3935 672 3970 uns

222 3988 364 4061 gehundcn
394 3994 463 4051 auch
490 3997 593 4054 wieder
620 4000 670 4058 lroi

221 4073 331 4143 nilide,
346 4100 348 4105 ¹
361 4076 414 4135 den
440 4081 576 4157 nichtigen
604 4085 668 4160 Sieg

823 2176 899 2252 quid
908 2197 973 2233 cum
983 2187 1050 2253 pop.
1060 2199 1085 2237 r.
1097 2189 1198 2236 actum
1210 2189 1266 2235 cst:

822 2263 879 2322 ΡΜ.
903 2292 936 2306 -
960 2265 1001 2322 tt:
1024 2268 1085 2343 quis
1109 2286 1161 2323 uos
1180 2265 1267 2346 appel·

822 2349 847 2406 la
856 2350 861 2424 Ι
870 2363 903 2405 r&
922 2354 975 2422 (m.
987 2355 1030 2412 3.:
1043 2354 1198 2432 appellare)
1209 2365 1265 2433 pot·

823 2446 864 2493 est
880 2440 942 2514 quis
954 2460 984 2495 se
997 2461 1012 2496 ι
1023 2441 1103 2498 uobis
1116 2440 1265 2520 appellaret

822 2533 914 2600 potest
932 2531 993 2602 quis
1010 2548 1041 2586 se
1058 2529 1165 2586 ruohis
1178 2529 1265 2586 dicere

791 2633 795 2641 ·
823 2611 972 2690 deceptum.

768 2699 794 2756 9.
821 2697 918 2758 hostis
947 2723 987 2758 un
1022 2704 1115 2760 ciuis:
1142 2702 1202 2764 Plll.
1233 2736 1263 2746 -

764 2864 768 2871 Ι
820 2785 897 2846 Leid.
906 2808 939 2848 n:
953 2791 1037 2846 hostis
1048 2793 1149 2851 ancius.
1160 2823 1195 2833 ·—
1207 2792 1264 2848 Pll:

822 2873 917 2941 „hosti
967 2876 1035 2932 nihil
1078 2879 1265 2956 spopondistis

780 2974 783 2978 ·
821 2966 1053 3037 quemneminem
1065 2963 1197 3041 spondere
1212 2987 1263 3043 pro

820 3049 900 3104 uobis
918 3050 1066 3110 iussistis“.
1086 3049 1156 3107 idem
1175 3073 1265 3129 quem

818 3136 848 3190 in
865 3132 943 3191 Leid.
955 3155 972 3195 r.
989 3135 1066 3198 Voss.
1078 3157 1106 3198 rr.
1118 3137 1265 3216 multisque

814 3219 880 3277 ¹aliis
898 3222 977 3283 codd.
996 3228 1126 3303 scriptum
1148 3236 1202 3282 est:
1227 3247 1261 3282 cl·

818 3328 879 3365 uem
891 3331 927 3363 =
939 3333 1027 3381 quem.

750 3397 791 3452 10.
817 3395 896 3452 nihil
910 3418 981 3477 ergo
997 3401 1084 3457 *uobis
1097 3421 1152 3457 nec
1167 3403 1262 3458 nobis·

815 3502 880 3539 cum
893 3495 953 3542 ert:
970 3485 1099 3546 tlt-P:
1118 3486 1188 3544 ulhil
1201 3508 1260 3563 ergo

817 3571 897 3627 nobis
919 3593 969 3628 nec
991 3574 1130 3631 uobiscum
1155 3585 1205 3635 est.
1227 3606 1260 3618 -

813 3655 877 3713 PM:
906 3661 1003 3736 quibus
1025 3660 1093 3717 nihil
1120 3663 1259 3721 mandatis.

816 3775 850 3786 -
879 3744 914 3802 P:
941 3768 990 3802 nec
1018 3750 1077 3804 cum
1101 3752 1259 3807 samnitibus

816 3850 877 3888 cum
896 3834 992 3910 quihus
1009 3835 1077 3891 nihil
1097 3839 1198 3911 egistis.
1220 3837 1259 3893 lll:

791 3922 969 3987 ·„mandatis
1009 3921 1055 3978 ‘his
1100 3926 1258 3982 samnitibus

812 4025 956 4082 sponsores
985 4030 1035 4066 nos
1062 4017 1178 4068 sumus“
1208 4008 1257 4069 c'et.

808 4095 910 4152 Eadem
934 4096 1098 4172 neglegentia
1117 4099 1199 4156 verbu
1224 4098 1256 4154 ab
