2618 4590
514 254 712 318 nuruum.
1074 216 1170 313 ‘345
1265 294 1270 323 .

62 442 104 487 eo
131 419 258 510 piaculo
287 429 444 508 conpotes
471 417 522 485 sui
548 416 694 513 fecisse„
717 417 905 486 dictatorem
933 420 1015 489 elavi
1050 421 1170 511 ligendi

64 546 160 591 causa
183 522 283 591 creari
305 523 440 611 placuitr
462 533 587 591 creatus
601 521 661 615 Cn.
677 521 867 607 Quinctilius
881 524 1068 613 magistmnr
1082 527 1169 616 equi.

64 637 134 693 tum
155 627 194 695 L.
216 617 381 697 Valerium
403 627 495 712 dixit,
523 626 579 718 qui
600 625 667 695 fixo
690 626 782 697 clavo
811 627 998 718 magistratu
1019 653 1055 696 se
1084 630 1169 703 abdis

63 742 227 800 caverunt.
903 780 907 787 -

152 836 241 906 XIX.
284 836 391 906 Creati
418 837 568 931 consules
594 835 632 908 L.
654 834 799 928 Papirius
826 835 960 904 Crassus
989 830 1106 905 iterum
1127 835 1203 912 lau

63 941 207 1009 Plautius
228 944 355 1013 Venox.
392 941 483 1011 ouius
503 940 658 1032 principio
681 941 756 1009 anni
776 941 873 1032 legati
895 965 937 1014 ex
958 940 1087 1015 Vulscis
1109 941 1167 1009 Fa·

62 1046 202 1114 bratemi
224 1049 260 1115 ct'
269 1047 389 1116 Lucani
403 1047 542 1114 Romam
562 1056 720 1112 venerunt
739 1056 868 1114 orantes
889 1056 927 1113 nt
946 1045 980 1111 in
1002 1045 1099 1115 tidem
1118 1069 1166 1113 re.

61 1151 257 1240 ciperenturr
279 1153 307 1221 si
328 1151 555 1220 aSamnitium
577 1149 671 1217 armis
694 1148 817 1217 defensi
838 1161 955 1232 essent,
977 1173 1013 1218 se
1033 1150 1093 1218 sub
1108 1150 1166 1217 im-

60 1257 151 1344 perio
183 1255 296 1347 populi
331 1255 468 1322 Romani
503 1253 639 1321 lidelitcr
673 1264 770 1344 atque
806 1254 993 1325 obedienter
1029 1255 1165 1329 futuros,

61 1359 150 1426 missi
171 1371 242 1428 tum
271 1361 312 1444 ab
338 1371 452 1429 senatu
480 1359 576 1449 legati
603 1358 890 1449 denuntiatumque
911 1358 1108 1433 Samnitibus
1131 1359 1218 1426 utro

62 1489 175 1533 eorum
196 1468 392 1557 populorum
413 1463 529 1530 finibus
551 1462 618 1530 vim
639 1461 849 1546 abstinerent,
876 1463 1039 1554 valuitque
1062 1488 1101 1531 ea
1122 1464 1167 1530 le·

62 1570 147 1658 gatio
169 1594 236 1638 non
262 1583 330 1638 tam
358 1569 431 1659 quia
460 1592 577 1658 pacem
603 1564 756 1634 volebant
777 1565 937 1634 Samnites
964 1568 1166 1659 quam‘quia

61 1675 208 1740 nondum
239 1675 340 1765 parati
368 1672 458 1741 erant'
485 1672 526 1739 ad
553 1672 686 1754 bellum.
728 1669 855 1738 Eodem
887 1693 971 1737 anno
999 1672 1165 1739 Privernas

20 1858 27 1866 Ι
61 1778 186 1860 bellurn
206 1778 335 1867 initum,
358 1776 447 1847 cuius
469 1775 549 1844 socii
569 1773 731 1860 Fundani,
755 1776 821 1856 dux
844 1773 941 1842 etlam
962 1775 1023 1857 fuit
1042 1775 1166 1855 Fbtuda·

133 1919 321 1986 praeterquam
348 1905 422 1983 qnod
447 1907 477 1971 iu
498 1905 527 1964 Μ
553 1915 581 1963 et

133 2020 170 2057 m.
189 2000 214 2057 1.
232 1999 261 2053 in
279 1995 301 2056 P
319 2003 468 2070 conputas.
487 1992 580 2051 Malim

132 2089 162 2144 in
184 2084 320 2161 mseriptis
340 2083 456 2148 inveniri
471 2080 583 2158 factae

131 2194 208 2242 esse,
226 2192 261 2228 ne
277 2171 313 2227 ad
324 2165 442 2242 fecitne
458 2166 581 2248 suppleri

132 2270 257 2339 oporteat
284 2259 474 2321 dittutoremr
500 2253 580 2326 „und

133 2349 196 2404 dass
218 2347 263 2404 die
284 2348 314 2403 in
336 2343 501 2401 Zwietraebt
522 2344 579 2408 eiu·

27 2498 33 2507 ,
134 2436 218 2494 ander
227 2432 422 2492 entiremdeten
431 2428 579 2495 Gemdthe'r

132 2522 224 2584 durch
237 2521 325 2578 dieses
337 2516 503 2576 Stibnmittel
512 2519 578 2573 wie·

133 2612 183 2669 der
208 2630 256 2666 zur
276 2607 410 2667 Vernunlt
436 2603 579 2680 zurdcbge·

133 2699 208 2756 tetre
224 2696 339 2753 worden
345 2698 373 2753 ‘·‘.
386 2724 418 2736 -·
431 2691 579 2754 Plllxcrea·

133 2795 178 2842 tus
196 2803 239 2845 cn.
262 2779 403 2852 quintilius
423 2779 580 2852 magistrum

105 2897 110 2906 ¹
133 2875 254 2950 equitum
270 2867 290 2927 l.
307 2864 438 2949 ualerium
455 2864 580 2928 dixit.-

132 2958 201 3018 Lov.
219 2960 259 3016 l.:
276 2955 444 3014 abdicarunt.

80 3053 107 3110 b.
133 3048 227 3106 creati
237 3051 315 3102 coss.
327 3043 362 3101 L.
373 3039 517 3115 Papirius
529 3035 580 3107 (Pr

132 3137 276 3214 papyrius)
308 3131 439 3189 Crassus
473 3127 580 3182 iterum

116 3225 168 3280 Ἰ..
196 3220 336 3279 Plautius
369 3216 495 3275 Venox:
529 3209 579 3268 ΡΜ

133 3308 207 3366 Harl.
220 3327 237 3365 1.
256 3304 334 3377 Leid.
347 3323 365 3361 1.
377 3301 428 3373 al]
447 3301 531 3367 creati
544 3331 578 3341 —

72 3407 75 3412 '
133 3395 165 3455 L.
178 3395 297 3452 Plautius
306 3390 400 3448 Venno
418 3389 516 3464 (sign.
534 3387 579 3447 Cf.

133 3485 161 3550 9,
179 3484 224 3538 Μ).
246 3510 281 3525 ν-
305 3475 373 3549 ΡΜτ,
388 3479 487 3544 „cuim
504 3479 579 3553 prin-

133 3571 208 3644 cipio.
233 3567 297 3623 anni
317 3563 398 3639 legati
421 3584 455 3620 ex
479 3563 579 3621 uolscis

133 3655 281 3712 fabraterni
308 3662 347 3709 et
360 3650 450 3707 lucani
475 3669 579 3707 romam

134 3745 295 3810 uenerunt‘.‘.
317 3740 344 3798 b.
363 3759 386 3798 e.
403 3746 534 3819 venerunt
552 3747 580 3794 et

135 3829 292 3887 Fabraterni
311 3847 344 3883 ex
357 3825 464 3885 Volscis
482 3835 509 3882 et
525 3824 579 3882 Lu-

135 3918 203 3973 cani.
239 3914 369 3974 ctPttn.
392 3913 455 3976 hist.
478 3923 533 3974 nat.
551 3916 578 3982 3,

135 4007 161 4067 5.
186 4008 211 4062 9.
233 4005 258 4073 ξ.
275 4003 333 4060 ot:
355 4002 512 4060 Fabraterni
534 4023 578 4061 ve·

134 4099 214 4159 teres,
232 4089 390 4150 Fabraterni
405 4091 481 4150 uoti.
516 4154 523 4171 .

651 1909 695 1976 ’8.
722 1925 757 1964 ae
774 1906 830 1971 sub
848 1905 969 1981 imperio
984 1913 1016 1982 Ῐι.
1028 1911 1053 1963 ἱ.
1062 1904 1168 1983 fideli·

720 2002 767 2060 ter·
788 2003 880 2072 atque
904 1993 1093 2057 oboedienter
1111 1991 1167 2065 fu·

720 2089 822 2149 turos.-
840 2079 871 2140 P.
889 2113 924 2138 τ
952 2079 995 2149 lit,
1010 2099 1040 2137 se
1057 2078 1108 2148 sub
1126 2081 1168 2136 in·

721 2169 808 2244 perio.
838 2174 891 2244 pri.
926 2165 1044 2234 fideliter
1078 2167 1168 2244 adque
1235 2187 1241 2193 ¹

722 2253 901 2311 oboedienter
919 2254 1034 2314 loturos.
1050 2253 1125 2315 Harl.
1137 2273 1168 2327 ua

721 2340 886 2401 obedientes.

650 2465 694 2538 to.
720 2465 808 2521 missi
822 2473 885 2520 tum
902 2464 942 2520 ab
959 2473 1066 2521 senatu
1084 2463 1167 2542 legn-
1232 2512 1238 2527 ,

719 2553 748 2608 tt·
763 2552 1027 2628 denuntiatumque
1037 2551 1167 2607 samueli·

719 2639 792 2709 busa
808 2636 858 2693 ΡΜ
875 2637 909 2696 al.
933 2668 968 2681 —
992 2637 1073 2694 Recc.
1092 2637 1166 2714 quid.

720 2723 816 2781 codd:
842 2723 1028 2782 denuntiatum
1045 2726 1167 2784 samniti·

719 2812 785 2904 ¹³¹¹&
800 2838 833 2865 -.
850 2807 879 2864 Μ
896 2828 933 2867 m.
951 2812 989 2866 1.:
1007 2829 1101 2868 eorum
1116 2831 1166 2888 po·

719 2894 854 2971 polorum.

650 3017 694 3076 12.
720 3016 781 3074 nou
803 3025 866 3088 tum
889 3018 961 3095 quia
984 3012 1089 3092 pacem
1116 3037 1167 3079 uo·

720 3105 823 3178 lebant
847 3106 1006 3162 samnites:
1038 3102 1097 3164 ΡΜ.
1131 3139 1166 3165 -.÷

718 3187 787 3264 Lon.
805 3193 845 3265 lp:
868 3213 923 3260 non
945 3202 1000 3264 tarn
1023 3192 1104 3269 quod.
1119 3214 1166 3269 pa·

721 3299 778 3351 cena
796 3279 932 3354 uolebant2
949 3313 983 3323 -
1010 3278 1049 3349 ill:
1068 3284 1167 3350 samni-

719 3375 761 3421 tes
780 3368 853 3442 quia
873 3365 966 3438 nondt‘r
986 3368 1073 3444 parati
1091 3376 1167 3438 erant

721 3452 756 3527 ad
773 3451 884 3526 bellum.

651 3566 696 3634 13,
721 3565 825 3631 endem
842 3584 924 3622 anno,
937 3565 1167 3640 priuemuadcls

719 3653 783 3710 lum
801 3654 918 3710 initum:
937 3651 968 3722 Ρ..
989 3685 1024 3696 -
1050 3653 1092 3722 ΜιΙ
1109 3654 1164 3711 bel·

669 3800 671 3807 ,
719 3740 775 3796 lum
797 3741 912 3807 initium.
939 3771 973 3782 —
1000 3738 1031 3796 In
1054 3740 1128 3807 Harl.
1144 3740 1164 3798 i.

719 3826 797 3889 Leid.
814 3847 832 3883 1.
856 3827 935 3894 Voss.
954 3847 982 3885 u.
1005 3826 1039 3885 al.
1065 3829 1166 3887 excidit

720 3918 837 3981 bellum.
848 3946 882 3956 -
894 3913 937 3983 lll:⁴
953 3915 1030 3970 cuius
1047 3917 1120 3975 sotii.
1131 3947 1165 3959 -
1211 3918 1226 3925 “

721 4004 814 4064 Cuius
836 4001 897 4070 scil.
910 4002 1097 4074 Priuernatis
1113 4002 1165 4060 leo·-

721 4092 786 4154 att'a..
916 4093 918 4097 ’
