2618 4590
507 267 615 327 runa
632 268 680 328 rx.
940 201 950 255 '¹
1079 238 1166 320 ttt'

10 432 12 473 ἓ
48 429 186 496 maxima
214 441 303 518 parte
333 429 505 496 inermibus
539 429 766 520 refringuntur‚
798 452 932 519 quarum
958 452 1016 518 per
1047 451 1145 495 unam

10 526 14 579 l
46 535 238 624 praesidium
260 535 441 602 Romanum
470 536 609 602 clamore
637 536 808 602 excitatum
835 535 985 624 inrumpit
1011 545 1044 601 ct
1072 558 1144 601 con·
1219 534 1232 573 ·’

47 651 210 707 cursantes
241 665 300 730 per
333 641 400 708 vias
433 641 566 730 pavidos
598 641 711 708 caedit.
747 639 811 706 iarn
839 640 920 710 Sura
946 650 1040 728 capta
1068 650 1144 722 erat,

46 768 121 812 cum
144 746 292 816 consules
314 747 415 834 prima
437 747 511 812 luce
527 746 684 813 advenere
700 757 740 827 et,
763 768 845 836 quos
863 743 1002 833 reliquos
1017 743 1143 809 fortuna

45 875 88 917 ex
110 861 266 917 nocturna
288 851 386 917 caede
409 874 447 917 ac
468 851 543 941 fuga
564 851 693 934 fecerat,
714 850 746 916 in
770 850 963 918 deditionem
978 848 1144 938 accipiunt.
1161 858 1180 914 5

45 979 87 1020 cx
109 956 159 1022 his
181 956 336 1022 ducentos
358 956 467 1046 viginti
490 957 647 1046 quinque,
669 957 724 1045 qui
747 955 890 1023 omnium
912 977 1071 1022 consensu
1093 953 1145 1020 de·

42 1060 239 1127 stinabantur
260 1073 293 1127 et
314 1062 461 1128 infandae
485 1063 675 1130 colonorum
697 1060 802 1127 caedis
825 1071 858 1126 et
885 1059 1071 1127 delectionis
1092 1083 1145 1124 au·

43 1177 158 1247 ctores‚
179 1166 304 1233 vinctos
325 1168 463 1234 Romam
485 1167 656 1250 deducunt,
682 1180 822 1235 ceteram
844 1164 1079 1232 multitudinem
1099 1164 1145 1229 in·
1194 1250 1197 1260 Ι

44 1269 208 1335 columem
235 1270 393 1360 praesidio
422 1273 561 1363 inposito
589 1273 689 1339 Sorae
716 1273 909 1361 relinquunt.
948 1293 1061 1336 omnus
1089 1268 1145 1359 qui
1199 1312 1201 1317 ν

41 1374 180 1442 Romam
202 1375 330 1442 deducti
353 1390 451 1461 erant,
473 1376 568 1467 virgis
590 1376 622 1441 in
635 1377 707 1444 loru
730 1377 815 1443 caesi
830 1399 867 1440 ac
884 1374 987 1441 securi
1002 1373 1144 1464 percussi
1157 1383 1193 1437 1⁰

41 1502 171 1546 summo
193 1481 308 1570 gaudio
331 1481 444 1570 plebis
466 1483 556 1549 cuius
573 1482 713 1549 maxime
727 1482 876 1548 intererat
890 1490 993 1545 tutam
1015 1478 1145 1569 ubique,
1213 1555 1219 1560 ,

41 1608 125 1676 quae
147 1586 267 1673 passim
289 1587 322 1651 in
345 1586 488 1653 colonias
508 1586 695 1670 mitteretur,
717 1584 952 1653 multitudinem
974 1607 1055 1650 esse.

127 1689 232 1757 XXV.
278 1690 435 1758 Consules
459 1692 498 1757 ab
514 1679 595 1758 Sora
616 1691 752 1781 profecti
774 1691 806 1756 in
822 1711 914 1779 agros
937 1699 1033 1777 atque
1048 1689 1145 1756 urbes

39 1790 210 1859 Ausonum
231 1794 353 1860 bellum
375 1796 562 1862 intulerunt:
590 1807 678 1863 mota
706 1819 846 1885 namque
876 1792 981 1859 omnia
1005 1793 1144 1859 aduentu

39 1895 240 1981 Samnitium,
263 1924 339 1966 cum
362 1900 447 1990 apud
461 1900 613 1966 Lautulas
635 1900 819 1967 dimicatum
842 1910 900 1980 est,
923 1898 1050 1964 lucrant
1070 1904 1191 1964 con-15

38 2001 275 2094 iurationcsque
305 2005 388 2073 circa
411 2006 620 2101 Campaniam
646 2005 767 2096 passim
794 2005 906 2070 luctae.
947 2026 1008 2068 nec
1033 2001 1154 2091 Capua¹

38 2105 109 2194 ipsa
131 2108 261 2176 crimine
285 2112 400 2178 caruit:
429 2111 507 2202 quin
520 2111 666 2178 Rumam
690 2134 819 2200 quoque
848 2109 943 2175 etad
966 2107 1148 2196 principum¹

110 2283 333 2365 refringantur:
345 2284 406 2359 Plll:
419 2288 473 2343 uisi
483 2286 557 2364 quud

112 2369 140 2422 in
168 2369 195 2423 Μ
221 2375 351 2445 scriptum
379 2384 421 2430 cst
452 2376 556 2442 „sumis

111 2457 245 2515 somnis“.
270 2491 304 2501 -
329 2461 472 2518 Relractae
493 2471 556 2519 sunt

109 2552 204 2620 portae
225 2546 259 2601 ab
282 2544 328 2602 illa
350 2549 409 2623 ipsa
436 2558 576 2605 constet--

108 2641 170 2686 nata
187 2630 371 2702 multitudine,
389 2646 471 2712 quae,
495 2658 555 2693 cum

110 2719 175 2772 urbs
198 2721 304 2775 iamiam
328 2724 356 2777 in
374 2722 556 2780 Romanorum

110 2814 244 2878 potestate
262 2807 320 2863 lore
331 2809 476 2877 rideretur,
495 2810 555 2884 luga

110 2893 223 2950 salutem
236 2894 346 2970 petendi
359 2896 500 2953 consilium
514 2917 556 2952 cc·

110 2990 195 3052 perat.
216 2980 301 3038 -Μ
318 2986 412 3040 m.1.:
441 2983 558 3041 clamore

111 3065 248 3122 exitatum.
261 3084 295 3122 m.
305 3073 345 3123 4.=
359 3075 511 3131 excitatum.
523 3103 555 3114 -

111 3148 138 3205 Μ
153 3171 188 3209 rn.
204 3156 239 3208 l.:
258 3152 397 3232 inrumpis.
416 3177 452 3216 m.
464 3161 502 3217 3.:
515 3163 556 3215 in·

110 3240 219 3315 rumpit.

57 3325 84 3378 3.
110 3345 166 3396 per
189 3327 272 3381 uias:
295 3325 344 3382 ΡΜ
361 3327 439 3388 Leid.
454 3350 471 3389 r.
495 3309 556 3390 cod.

111 3410 206 3470 Kloclr.
215 3411 345 3489 multique
357 3414 469 3493 al.].per
478 3421 557 3478 viam.

111 3497 155 3556 Cl.
174 3503 200 3570 9,
219 3503 261 3557 93.

55 3588 84 3644 4.
111 3607 178 3642 cum
199 3593 276 3645 codd.
297 3591 396 3664 primo
417 3592 482 3647 luce
503 3593 556 3648 ud·
601 3648 607 3659 ,

22 3695 28 3703 ,
112 3691 233 3739 uerrere:
252 3674 309 3734 ΡΜ.
323 3708 356 3718 -
375 3675 415 3734 M:
434 3688 461 3732 et
478 3679 558 3754 quud

111 3757 230 3834 reliquos
248 3761 406 3818 fortunafex
424 3775 554 3823 nocturna

112 3846 193 3903 caede
211 3868 251 3902 ac·
266 3848 326 3924 luga
349 3848 450 3906 lecerat
470 3852 556 3909 iri-di·

111 3936 149 3990 uo
166 3936 171 4004 Ι
187 3941 221 3991 αδ
238 3938 382 4013 accipiunt

57 4023 85 4082 6,
113 4016 554 4103 exdicduceutusuigintr'quiu-

699 2281 924 2342 destinudurffl·
946 2281 1074 2355 irffunde
1097 2301 1140 2339 co·

698 2376 835 2430 lunarum
853 2370 955 2426 caedis
975 2380 1038 2425 cet:
1059 2368 1089 2427 P.
1109 2399 1143 2410 ·-·

697 2460 739 2515 lll:
752 2479 810 2528 „ex
819 2458 861 2513 his
871 2477 956 2514 ccxxv
966 2459 1012 2533 qui
1025 2457 1144 2513 omnium

698 2566 831 2602 consensu
844 2545 1046 2601 destinabantur
1063 2553 1093 2600 et
1103 2545 1143 2598 in·
1171 2572 1176 2599 t
1192 2536 1195 2541 ¹

699 2634 794 2689 landae
817 2633 976 2688 colonorum
999 2630 1089 2686 caedis
1115 2637 1145 2685 ct

699 2720 858 2775 delectionis
877 2722 1030 2774 auctures“.
1065 2716 1144 2772 Prius

699 2816 729 2861 et
750 2807 879 2860 omissum
903 2814 944 2859 est
966 2805 993 2858 in
1018 2803 1144 2859 omuibus

698 2913 784 2970 propo
803 2891 882 2949 codd.
895 2889 978 2949 llralr.
991 2922 1024 2932 -
1039 2888 1105 2948 Pall.
1120 2893 1143 2947 l.

698 2984 724 3039 3.
736 2971 814 3038 Voss.
830 2999 872 3038 u.:
890 2964 1092 3034 destinabantui
1103 2979 1142 3032 in-

698 3068 772 3124 fandi
783 3078 834 3124 cet.
845 3067 918 3138 (scil.
931 3065 1095 3136 auctoreall.
1109 3094 1142 3106 ·-

697 3155 740 3210 ll:
762 3175 839 3210 sorae
857 3154 1000 3230 relinqunt.
1035 3204 1038 3208 .

628 3244 684 3301 l&
698 3251 774 3301 cois.
788 3245 825 3298 ub
835 3242 915 3300 Sora
925 3240 1070 3315 profecti:
1085 3236 1143 3296 ΡΜ.
1211 3308 1222 3333 ⁸

699 3363 732 3371 —
751 3329 779 3386 Μ
797 3350 833 3386 m.
853 3332 889 3386 l.:
908 3338 998 3384 monta
1012 3345 1143 3402 namquae

699 3421 797 3476 omnia.
826 3417 907 3474 lllm.
926 3419 966 3472 ΜΛ
986 3423 1056 3470 mota
1075 3434 1144 3489 quae
1178 3430 1182 3439 ·

699 3507 797 3562 omnia.
811 3536 845 3545 -
858 3504 918 3560 Pul:
933 3524 991 3558 cum
1005 3500 1143 3579 apudlau-

698 3592 767 3648 tulas
780 3593 934 3647 dimicatum
945 3602 994 3648 est.
1012 3588 1143 3655 ctum.
1224 3652 1228 3660 Ι

628 3682 671 3737 16.
698 3700 752 3736 nec
765 3681 867 3752 Capua
886 3681 952 3752 ipsu
964 3680 1084 3733 crimine
1095 3693 1143 3729 cu-

697 3768 771 3822 ruitr
792 3764 850 3820 ΡΜ.
866 3797 898 3806 -
918 3762 995 3822 Leid.
1009 3783 1026 3820 r.
1040 3759 1089 3819 als
1109 3782 1142 3816 ne

698 3872 780 3929 capua
799 3854 857 3929 ipsa
876 3856 887 3921 (
896 3873 930 3902 ::
943 3873 977 3906 nc
990 3851 1141 3925 capuaqui·
1226 3905 1230 3915 ¹

694 3939 777 3996 'demi
793 3939 828 3997 cl.
847 3944 871 4006 9,
890 3943 930 3996 u:
948 3960 982 3993 ue
1000 3949 1031 3993 ut
1048 3935 1141 4013 oculos

694 4026 806 4107 quidem
823 4027 1016 4094 attollerentzt.

111 4128 169 4181 que
187 4113 240 4185 qur·
260 4115 556 4175 omnr'umuemm
578 4168 582 4181 .
605 4112 906 4217 ·¹‚7³p;ssffi”ll⁰m⁰m
926 4121 1085 4191 quoquest
1099 4111 1141 4166 ad
