2816 4726
616 325 627 339 ,
701 270 809 334 nlssnn
825 271 872 333 tx.
972 287 977 294 '

236 262 356 334 tto-

126 431 134 440 ’
236 443 426 512 liberaverat
458 461 493 507 ae
527 460 625 506 onere
660 446 886 529 aptaveratque
919 435 1028 520 armis,
1066 433 1107 501 ad
1135 434 1225 526 rigna
1256 434 1358 500 undi-

237 570 302 640 que
325 547 453 616 coibant
475 554 508 611 at
529 544 612 624 notia
645 528 809 610 ordinibus
836 541 869 606 in
892 539 1189 632 veterediscipliua
1210 538 1357 606 militiae

157 655 163 678 ¹
238 654 302 722 iam
325 652 394 720 sine
415 627 588 740 praecebto
610 647 706 715 ullius
728 671 787 714 sua
809 657 924 738 sponte
947 645 1129 714 struebatur
1147 644 1242 728 acies,
1274 668 1356 712 con

239 757 289 824 aul
312 757 352 822 ad
375 754 544 845 ancipitem
566 753 705 821 maxime
727 773 868 843 pugnam
890 751 1042 818 advectus
1066 749 1170 818 desilit
1191 774 1235 816 ex
1258 774 1355 842 equo

148 853 150 860 ¹
202 871 272 930 tet
293 861 404 929 lovem
426 855 629 950 Martemque
658 868 754 948 atque
784 855 863 924 alios
891 867 1026 924 testatur
1054 856 1133 923 deos
1160 879 1195 922 se
1222 856 1356 929 nullam

238 989 333 1034 suam
355 954 491 1056 gloriam
511 964 586 1032 iude
607 962 666 1030 sed
688 961 840 1052 praedam
863 962 955 1028 militi
982 972 1190 1052 quaerentem
1214 961 1248 1028 in
1274 985 1356 1028 eum

241 1068 353 1138 locum
376 1069 556 1152 devenisse,
585 1055 691 1160 neque
717 1065 751 1132 in
777 1089 813 1133 se
842 1066 927 1135 aliud
948 1066 1198 1158 quamrnimiam
1229 1066 1355 1134 ditandi

240 1199 283 1252 ex,
305 1174 400 1254 hosta
428 1173 536 1240 militis
564 1197 674 1248 curam
702 1171 891 1263 reprehendi
919 1194 1026 1264 posse.
1065 1172 1105 1238 ab
1128 1193 1168 1240 eo
1192 1195 1228 1238 ae
1254 1171 1356 1240 dede·

242 1304 316 1350 core
346 1278 467 1346 nullam
496 1301 565 1350 rem
593 1277 687 1344 aliam
717 1301 815 1368 quam
842 1279 991 1346 virtutem
1016 1275 1152 1346 militum
1174 1276 1356 1346 vindicatu-

195 1397 231 1452 10
242 1408 329 1464 ram:
354 1383 567 1454 coniterentur
589 1383 688 1462 modo
711 1407 776 1451 uno
798 1382 904 1455 auimo
920 1405 1033 1453 omues
1048 1382 1198 1453 invadere
1220 1382 1356 1451 hostem

244 1488 455 1571 victumeeie
479 1487 588 1556 castris
611 1500 745 1559 exutum
765 1490 921 1558 nudatum
942 1487 1074 1559 urbibus
1088 1487 1235 1558 ultimam
1257 1511 1357 1580 apem

78 1585 79 1598 ¹
177 1635 181 1640 -
245 1594 330 1684 lurto
344 1593 530 1661 insidiarum·
542 1605 753 1687 temptantem
769 1606 802 1664 ct
821 1595 896 1662 loco
918 1617 985 1662 non
1007 1592 1102 1662 armis
1123 1592 1253 1662 [retum.
1296 1594 1355 1660 sed

196 1788 204 1804 ⁸
313 1787 372 1847 que*
387 1765 434 1828 ele:
458 1771 512 1838 „in
534 1779 652 1826 natorm
680 1769 761 1826 disci·
833 1773 877 1830 ln.
903 1767 1202 1827 conderenturmoda
1216 1771 1353 1826 unvani·

314 1854 449 1934 plinaau“.
473 1855 604 1935 ehlatiyue
622 1857 689 1914 mibi
707 1877 761 1916 non

315 1944 485 2021 improbatur·
495 1945 544 2002 sed
557 1947 588 2002 ire
601 1945 694 2002 aberae
707 1966 761 2003 ma·
796 1968 801 1977 ¹
822 1959 823 1964 ’

314 2028 375 2090 limo
394 2029 477 2100 „und
494 2032 554 2090 riola
566 2033 611 2090 die
623 2031 761 2091 Sublacbt·
784 2065 787 2073 ,

300 2117 389 2198 ¹reibe
420 2119 489 2176 ohne
521 2119 690 2198 Anordnueg
716 2121 761 2178 Je-

238 2227 243 2244 =
313 2205 425 2263 mandet
442 2227 510 2282 geue
523 2229 577 2266 von
590 2209 675 2266 aelbet
691 2207 760 2268 uaeb

291 2315 292 2320 ¹
316 2292 369 2350 den
399 2294 548 2352 belannten
579 2295 680 2354 llotten
711 2295 762 2353 bil·

179 2369 190 2436 'r
290 2379 391 2447 ‘dete,
420 2381 454 2438 da
482 2383 530 2440 der
553 2382 651 2439 Soldat
676 2381 762 2440 durch

245 2509 248 2518 ,
314 2464 359 2522 die
376 2463 467 2543 Ltnge
486 2468 534 2526 dea
545 2469 762 2544 Kriegedieuatea

313 2553 442 2629 gewdhut
454 2577 515 2611 wan
530 2561 604 2614 aeine
617 2555 700 2617 Stelle
718 2579 761 2617 ao·

313 2639 401 2715 gleielr
433 2661 464 2698 za
495 2643 619 2712 liuden“.
651 2679 684 2690 ·-
718 2645 760 2705 M:

314 2725 486 2786 alruebantur
498 2734 577 2812 acies.
590 2763 624 2777 ·-
637 2731 659 2790 P
671 2753 706 2794 ru.
721 2737 760 2794 1.a

314 2817 409 2873 aaneal
427 2817 462 2874 ad
480 2822 633 2894 ameipitaar
646 2824 761 2904 maxime

314 2923 441 2980 pugnam.
476 2927 512 2967 m.
539 2911 578 2967 2:
609 2913 761 2990 ancipitem.

313 2990 394 3051 tim.
420 2995 459 3051 i.-=
483 2995 601 3062 ‚‚eenaul
624 2999 684 3056 adol
700 3002 705 3070 Ι
720 3001 761 3078 pi·

314 3082 400 3136 tern“.
419 3079 481 3135 dein
500 3085 566 3148 „ici
582 3087 587 3154 Ι
602 3089 715 3160 pitern“.
726 3118 759 3128 -

159 3189 172 3200 -
213 3217 218 3238 ,
313 3163 356 3222 Et
384 3166 484 3224 excidit
514 3179 575 3226 ante
601 3173 703 3230 Iouem
731 3174 761 3230 in

315 3249 393 3310 Leid.
408 3271 425 3312 1.
445 3285 477 3300 ·-
499 3255 565 3317 [ιον.
580 3251 622 3318 di
638 3270 761 3319 tentatae.
787 3329 789 3341 Ν

249 3339 292 3396 ,8.
315 3337 354 3396 ub
373 3331 407 3396 ee
426 3361 460 3399 re
483 3342 630 3404 dedecere
647 3348 763 3413 nullum

315 3446 379 3484 rem
396 3430 489 3486 aliam
513 3453 604 3507 quam
624 3437 763 3494 uirtutem

316 3516 442 3573 militum
468 3520 703 3580 vindicaturam:
730 3523 761 3584 P.

315 3630 350 3644 --
366 3603 405 3660 ‘tl
423 3625 458 3664 m.
489 3610 528 3666 1.:
551 3611 612 3678 „ab
629 3631 664 3668 eo
689 3612 763 3670 aede

902 1873 950 1914 mo
962 1854 1352 1914 omneaiuuadereleoatem:

902 1941 953 2004 Pl!
970 1943 1032 2003 ced.
1049 1942 1126 2016 Get]
1147 1945 1355 2002 conniterentur

904 2042 954 2091 aet.
967 2029 1011 2091 Cf.
1022 2034 1048 2102 1,
1057 2035 1113 2091 83.=
1123 2035 1241 2090 coninua.
1255 2033 1282 2098 3,
1292 2035 1353 2090 63.:

903 2119 1000 2176 eoniei.
1018 2123 1060 2190 10,
1073 2121 1131 2180 aa:
1150 2121 1250 2180 conixi.
1267 2118 1304 2178 al.
1321 2149 1352 2160 -

902 2204 926 2262 P
943 2227 979 2267 m.
997 2209 1036 2267 Ἅι
1055 2209 1156 2266 uictum
1175 2213 1240 2266 reie.
1262 2210 1351 2264 m.1.z

904 2296 997 2354 aciem.
1015 2294 1056 2352 M:
1075 2298 1148 2354 aciae.
1161 2326 1194 2344 ι·
1207 2291 1271 2351 Ptl=
1288 2290 1352 2362 „ul-

904 2383 996 2438 timam
1013 2383 1174 2462 aperu'lurto
1190 2380 1351 2439 inridier-um

905 2479 1080 2548 temptantem
1103 2482 1130 2527 et
1150 2469 1212 2529 loro
1235 2489 1291 2526 uon
1310 2489 1349 2524 ar-

904 2558 956 2616 mia
974 2557 1112 2617 tretum‘t
1122 2556 1167 2618 Cf.
1177 2555 1254 2616 Cart.
1267 2561 1293 2626 d,
1308 2559 1347 2614 13.

904 2647 944 2704 d.=
969 2643 1133 2712 „Parmenio
1152 2679 1186 2692 -
1204 2645 1278 2703 furto
1295 2664 1348 2701 non

850 2761 853 2771 =
903 2732 1008 2810 proelio
1031 2755 1100 2812 epus
1119 2755 1185 2792 esee
1211 2721 1373 2791 oenaebate'

903 2823 1061 2898 intempesta
1072 2833 1151 2880 nacte
1160 2823 1279 2902 opprimi
1288 2839 1346 2898 poa·

903 2927 935 2966 au
956 2909 1080 2970 haatea“.
1106 2910 1159 2968 cot
1182 2910 1345 2968 Alexander:

903 2995 1143 3067 „latrunculorum
1156 3001 1253 3076 inquit,
1273 3008 1299 3054 et
1311 2998 1346 3053 lu·

904 3103 963 3141 runa
990 3089 1041 3142 iata
1063 3085 1181 3144 sollertia
1210 3096 1253 3142 eat
1271 3105 1345 3164 quam

833 3205 837 3210 ·
867 3195 871 3202 >
903 3173 1061 3254 praecipitia
1078 3175 1153 3244 milri,
1172 3176 1274 3252 quipp„
1291 3173 1345 3231 illo.

902 3279 963 3317 rum
984 3272 1077 3320 votum
1100 3263 1208 3319 uuioum
1234 3272 1276 3318 eat
1302 3260 1345 3319 lal-

903 3347 968 3408 lare.
994 3367 1070 3406 meae
1087 3370 1151 3408 vero
1162 3349 1263 3427 gloriae
1280 3369 1345 3406 sem·

903 3453 954 3514 par
971 3447 1017 3494 aut
1037 3439 1185 3497 absentiam
1202 3439 1286 3496 Darei
1303 3448 1346 3495 eut

904 3526 1039 3601 augustiae
1052 3525 1173 3584 lucorum
1186 3537 1232 3584 aut
1249 3525 1345 3583 lurtum

904 3615 993 3671 noetis
1012 3615 1119 3672 obstare
1137 3635 1191 3672 non
1210 3617 1326 3692 patier“.

301 3707 405 3764 ,poree
433 3694 466 3756 ab
493 3715 526 3752 eo
553 3716 583 3753 ae
613 3697 762 3774 dedecore}
835 3699 878 3758 12.
906 3701 1344 3777 aealquemeaaeiemuirtutiro·

316 3776 416 3835 nnllam
434 3800 490 3838 rem
508 3783 587 3842 aliam
610 3805 689 3862 quana
707 3788 762 3842 uir·

315 3871 373 3921 tute
388 3871 393 3938 Ι
408 3866 522 3928 rnilitum
535 3873 762 3931 uindicaturam“:

315 3949 366 4008 aad
382 3956 472 4031 priora
486 3967 612 4035 quattuor
622 3962 703 4018 verba
721 3963 761 4018 in·

282 4070 285 4079 ·
314 4035 394 4116 ducta
404 4053 475 4103 aunt.
486 4075 518 4090 -
528 4043 605 4108 Leld.
615 4065 633 4106 r.
647 4045 761 4108 Veram

274 4119 492 4220 .;θθ’.·.*.θ·ἒ
510 4135 616 4220 illm·

903 3807 1012 3847 meree
1028 3792 1290 3870 inexpugnabilem
1305 3790 1344 3846 Io·

896 3895 986 3952 ¹curn:
996 3875 1060 3934 Pllla
1072 3878 1160 3946 „eber
1169 3899 1214 3933 wo
1224 3879 1263 3934 sei
1274 3874 1344 3932 wohl

870 4001 872 4010 ι
903 3963 1346 4036 einOrt,ilberdenrltmiaebe'l’ar

902 4051 1017 4127 plerleit
1033 4052 1108 4110 niabt
1122 4054 1248 4134 obaieg'en
1263 4051 1343 4108 lton·

903 4144 962 4202 Μ.
978 4139 1108 4232 &guaiae
1127 4157 1248 4216 ecquem
1265 4139 1344 4196 eeribl
