2618 4590
25 2818 28 2822 .
104 2789 134 2826 *ι

149 228 216 300 178
267 308 272 313 .
443 285 453 311 .
609 235 723 299 tmen
739 234 798 299 vlt.

8 460 14 468 .
154 403 243 488 silis,
270 402 318 472 sic
339 424 376 471 se
397 423 457 469 sua
479 397 659 469 habituram
686 398 779 467 dicat.
816 399 888 490 quis
916 397 1046 466 undem
1070 410 1263 465 succenseat

44 490 51 502 ¹
155 509 274 577 milites
295 530 356 575 nos
378 529 449 575 esse
471 529 536 572 non
558 527 670 573 servos
691 516 825 601 vestros
846 504 888 572 ad
909 504 1032 571 bellum
1051 526 1118 570 non
1139 502 1173 569 in
1196 502 1262 569 exi-

151 608 237 681 lium
259 612 390 695 missos,
418 609 540 701 siquis
562 612 617 678 det
638 609 764 700 signum
785 610 819 676 in
841 609 942 677 aciem
968 609 1099 693 educat,
1126 619 1163 675 ut
1185 608 1262 675 viris

156 743 195 786 ec
215 716 368 786 Romanis
392 714 523 804 dignum
545 714 586 783 sit
606 726 817 806 pugnaturos,
838 716 864 783 si
886 715 965 781 nihil
987 714 1082 781 annis
1106 735 1188 804 opus
1211 714 1262 794 sit,

97 820 405 890 =50tiu1nR0mae
426 819 655 911 potiusquam
676 819 710 886 in
740 820 850 888 cestris
881 820 1029 887 acturos?
1066 818 1147 886 haec
1177 817 1263 885 dicta

159 925 223 997 sint
244 924 399 1016 putribus.
435 934 469 993 te
490 924 663 1016 imperator
685 924 802 993 milites
823 924 870 993 tui
887 946 1015 993 oramus
1038 934 1075 989 ut
1089 921 1183 990 nobis
1205 946 1264 1013 pu-

59 1052 62 1063 ·
157 1030 275 1122 grandi
297 1028 425 1119 copiam
446 1029 560 1097 lacius:
598 1052 673 1097 cum
693 1029 822 1099 vincere
850 1029 996 1121 cupimus
1024 1039 1095 1096 tum
1122 1038 1155 1095 te
1179 1028 1264 1094 duee

156 1134 296 1219 vincere,
317 1133 375 1202 tibi
395 1133 540 1201 lauream
560 1133 718 1225 insignem
740 1135 880 1217 deferre,
901 1145 1011 1201 tecum
1031 1131 1265 1223 triumphantes

158 1239 272 1306 urbem
293 1237 390 1322 inire,
417 1249 510 1306 tuum
535 1251 709 1329 sequentes
736 1264 864 1308 currum
886 1239 969 1307 lovis
999 1237 1111 1328 optimi
1132 1237 1266 1303 maximi

109 1349 147 1405 1⁰
160 1342 319 1435 templum
340 1353 510 1434 gratantes.
523 1356 720 1436 ovantesque
743 1345 864 1413 adire“.
902 1343 1079 1412 orationem
1101 1341 1189 1408 Tulli
1212 1366 1265 1408 ex-

159 1458 315 1540 ceperunt
335 1471 447 1539 preces
469 1449 696 1534 multitudinis,
725 1461 759 1519 et
784 1450 925 1540 undique
953 1460 991 1516 ut
1017 1448 1144 1538 signum
1166 1448 1267 1530 deret,

159 1563 197 1624 ut
219 1563 371 1645 caperent
393 1578 481 1622 arma
502 1555 628 1623 iuberet
648 1555 839 1626 clamabant.

185 1819 192 1835 .
231 1779 401 1839 habituram
413 1782 511 1839 dieat:
528 1783 592 1842 PM:
603 1805 679 1865 pree·
823 1784 936 1844 militem
952 1784 1072 1861 propitio
1094 1780 1207 1838 flumine
1224 1801 1268 1836 ae·

230 1876 354 1945 terqunm
381 1868 455 1946 quod
481 1872 511 1927 iu
533 1871 556 1928 P
578 1883 681 1931 uestra
821 1873 914 1949 cipias.
932 1873 965 1932 al.
985 1903 1020 1915 -
1036 1870 1077 1928 M:
1094 1868 1252 1948 pugnemdi.

231 1956 343 2014 excidit.
359 1955 391 2012 lu
409 1955 490 2016 Voss.
504 1977 531 2018 ιι.
550 1963 681 2017 omissum
744 1965 796 2023 ⁴7.
821 1983 887 2019 eum
910 1962 1027 2019 uincere
1048 1961 1182 2034 cupimus
1205 1967 1269 2013 tum

233 2051 277 2098 est
300 2062 370 2112 uos,
397 2045 477 2102 etin
499 2045 680 2110 multisreec.
821 2058 851 2107 te
863 2050 938 2108 duee
951 2050 1085 2106 uincere:
1102 2044 1150 2102 PM
1163 2043 1237 2103 Harl.
1250 2064 1267 2102 1.

233 2128 314 2188 codd.
337 2133 469 2210 scriptum
489 2133 614 2196 hebetis.
648 2137 681 2194 ln
821 2135 899 2195 Leid.
917 2156 936 2194 ι.
954 2167 988 2178 -
1006 2133 1085 2192 Voss.
1097 2153 1123 2193 ιι.
1142 2133 1189 2193 ai:
1208 2152 1269 2188 cum

234 2214 310 2275 Harl.
320 2235 337 2275 ι.
347 2215 452 2277 Leid.r.
464 2220 608 2297 multisque
620 2222 682 2280 aliis
823 2214 931 2280 uincere
949 2225 1072 2301 cupimus
1089 2240 1155 2277 eum
1173 2228 1225 2278 cet.

233 2303 374 2359 inventum
396 2322 455 2360 esse
478 2304 578 2365 dicitur
599 2308 681 2365 hebi·
769 2313 797 2370 9.
827 2318 909 2367 tuum
924 2300 927 2307 ¹
945 2317 1104 2386 sequentes
1139 2325 1268 2363 currum.

231 2395 313 2455 ture,
331 2395 359 2442 et
376 2389 405 2444 iu
422 2387 499 2450 Leid.
511 2409 530 2451 1.
549 2393 583 2455 el.
602 2396 684 2453 diem
761 2392 764 2398 ’
823 2384 935 2458 ἷῖἶῆ.
948 2397 1088 2472 templum
1096 2403 1269 2474 gratantes.-

194 2519 198 2525 .
235 2473 378 2534 excidisse.
823 2486 883 2547 PM.
896 2517 929 2528 -
942 2483 1017 2543 Harl.
1028 2503 1059 2542 1.:
1077 2492 1140 2538 tum
1157 2501 1271 2558 sequeu-

178 2560 209 2651 ι1.
237 2561 306 2635 quis
318 2562 440 2619 tandem
452 2577 638 2627 succenseat:
655 2569 683 2627 M
823 2584 873 2632 teu.
889 2605 923 2617 -
939 2571 982 2629 M:
1000 2579 1134 2646 gratantes
1153 2569 1188 2627 ob
1204 2573 1210 2640 Ι
1226 2589 1271 2624 en-

182 2654 186 2661 *
234 2664 272 2705 m.
294 2649 321 2707 2.
345 2681 379 2691 —
407 2649 436 2708 M
458 2671 494 2713 m.
513 2657 539 2715 1.
556 2654 594 2713 P:
622 2658 683 2734 quis
825 2650 939 2738 tesquee
956 2659 1039 2719 edire.
1074 2656 1271 2726 ct7‚13.:a

235 2735 345 2793 tandem
363 2752 528 2802 suscenseat.
540 2775 576 2786 ·-
593 2742 630 2801 P:
649 2744 684 2801 ad
827 2749 898 2808 Veis.

234 2820 336 2881 bellum
355 2845 410 2883 nou
423 2829 452 2883 in
467 2828 577 2888 exilium
588 2833 684 2891 misus.
757 2839 800 2898 10.
827 2837 991 2895 orationem
1012 2832 1106 2893 Tulli:
1125 2829 1193 2904 PM]
1212 2851 1272 2886 ora·

132 2964 134 2969 .
235 2907 364 2970 Mm.1.:
383 2913 529 2975 sdbellum
544 2920 549 2990 Ι
565 2922 685 2976 uoueri·
826 2926 928 2982 tionem
945 2919 1035 2982 Tullii.

236 2993 304 3053 lium
321 3002 428 3059 missos.
451 3002 478 3060 M
498 3024 534 3063 m.
552 3008 593 3064 3.:
616 3011 686 3063 ιιόῑ
756 3012 800 3071 12.
827 3022 860 3068 ut
880 3018 1019 3086 caperent
1039 3026 1123 3066 erma
1142 3005 1273 3071 iuberet.-

238 3078 357 3140 exilium.
372 3084 686 3156 Cl.3,29.:inexilium.
826 3118 861 3154 ex
879 3099 949 3156 coni.
966 3096 1018 3168 m.]
1037 3105 1068 3152 ut
1084 3112 1180 3173 cepere
1197 3112 1274 3149 erma

185 3165 212 3227 6.
238 3165 313 3227 haec
339 3171 419 3227 dieta
448 3176 509 3228 sint
534 3181 686 3249 patribus.-
826 3182 931 3242 iuberet
948 3182 1010 3254 (P).
1023 3215 1056 3227 -
1079 3182 1119 3241 lle
1134 3189 1274 3256 caperent

239 3254 271 3314 P.
290 3286 325 3298 -
351 3256 379 3314 M
396 3263 490 3319 m.1.:
513 3261 580 3319 haee
598 3265 686 3323 dictas
826 3291 913 3327 arma
930 3273 1042 3328 iuberet
1054 3271 1212 3347 scripsimus
1231 3270 1272 3324 iu·

238 3342 271 3398 e’n
288 3345 419 3420 patribus.
448 3336 484 3406 19.
502 3349 541 3408 2:
559 3349 626 3408 haec
645 3352 685 3409 di·
826 3357 1194 3436 tegraescripturaevestigia,
1204 3376 1273 3433 quae

241 3437 284 3486 θῒθ
301 3432 330 3486 ῑῦ
348 3434 479 3510 patribus·
826 3445 895 3503 inM
913 3454 1070 3503 conservate
1087 3452 1159 3514 suut,
1178 3446 1272 3501 secuti.

187 3513 216 3575 6.
240 3522 271 3573 te
279 3518 441 3593 imperator
449 3523 559 3581 milites
568 3525 614 3582 tui
622 3545 688 3584 ore·
826 3533 856 3588 in
878 3531 906 3589 M
930 3535 1001 3589 enim
1026 3533 1193 3610 repperimus
1221 3540 1274 3599 „ut

241 3619 308 3659 mus
322 3614 355 3661 ut
364 3608 451 3666 nobis
463 3619 513 3669 cet.
526 3610 575 3669 PM
586 3612 660 3673 Harl.
669 3633 688 3674 1.
808 3608 810 3612 ⁸
826 3622 931 3696 signum
942 3621 1017 3677 daret
1026 3610 1175 3697 armaperet
1185 3618 1271 3692 arma!

242 3684 321 3749 Leid.
344 3709 362 3751 1.
393 3725 427 3736 -
457 3696 487 3752 In
516 3697 581 3758 Pell.
609 3703 634 3760 1.
661 3705 689 3758 3.
827 3711 965 3765 iuberet“:
986 3707 1057 3764 unde
1075 3706 1153 3763 facile
1171 3715 1214 3761 est
1231 3705 1272 3759 in-

242 3769 324 3834 Voss.
334 3795 359 3835 ιι.
369 3778 402 3838 al.
412 3783 513 3841 excidit
522 3796 560 3856 ut,
574 3788 603 3844 id
614 3788 687 3865 quod
828 3794 944 3866 tellecta,
962 3794 1015 3852 hcc
1032 3792 1092 3851 loco
1111 3794 1178 3850 duas
1190 3792 1274 3864 luisse

241 3857 264 3921 I.
283 3862 329 3924 Fr.
346 3863 484 3928 Gronovio
502 3871 574 3930 haud
593 3876 686 3953 displi·
827 3885 974 3961 scripturas
988 3872 1016 3938 ct
1032 3903 1129 3952 „erma
1142 3884 1273 3958 caperet“

242 3948 327 4009 cebet.
363 3951 407 4012 Cf.
425 3958 451 4026 2,
470 3960 526 4017 1⁰.:
549 3970 577 4017 te
594 3973 693 4019 sancte
826 3967 870 4026 vel
889 3974 1055 4047 ‚,csperet“‚
1074 3968 1149 4045 quod
1166 3969 1273 4043 signum

240 4052 352 4109 precor,
378 4040 445 4100 haec
466 4065 538 4102 arma
562 4057 590 4104 et
612 4048 685 4108 hune
824 4053 961 4114 litteraen
974 4057 1131 4134 saepissime
1143 4057 1273 4121 omissum
