2618 4590
169 246 235 319 27l
626 262 737 323 amau
754 261 812 323 vu

168 428 268 509 dium,
291 440 346 496 aut
366 429 534 518 imperium
548 439 645 517 atque
660 425 826 509 honorem,
849 437 912 509 aut,
934 424 988 491 ubi
1003 425 1170 509 restitaret,
1192 448 1273 493 mor-

170 545 238 601 tem
264 535 298 600 ni
323 544 511 623 sequeretur
538 533 825 599 denuntiantes-
850 531 882 597 in
911 543 1014 604 castra
1040 542 1272 621 pertraxerunt

172 639 343 730 imperator
365 638 528 727 extemplo
551 638 723 706 adveniens
746 637 933 727 appellatus,
954 635 1150 726 insigniaque
1173 636 1272 705 hono-

170 745 213 810 ris
235 743 385 811 exterrito
408 742 530 810 subitae
552 743 598 810 rei
618 742 773 809 miraculo
796 744 943 810 deferunt
964 753 997 809 et
1018 742 1059 807 ad
1080 740 1198 807 urbem
1219 742 1271 807 du-

45 848 48 855 ’
140 858 243 915 dcere
269 849 389 914 iubent.
426 871 487 916 suo
515 849 616 939 magis
644 849 718 914 inde
746 849 868 937 impetu
897 871 995 936 quam
1023 845 1157 913 consilio
1186 846 1271 915 ducis

170 954 332 1021 convulsis
359 948 456 1042 signis
486 953 600 1020 infesto
629 952 753 1042 agmine
782 954 823 1019 ad
850 952 991 1041 lapidem
1024 961 1178 1018 octavum
1205 952 1271 1019 viae

87 1120 91 1133 ,
170 1081 253 1147 quae
275 1081 361 1124 nunc
376 1057 479 1146 Appia
503 1069 552 1125 est
573 1058 770 1148 perveniunt,
792 1059 955 1146 issentque
972 1055 1141 1123 confestim
1165 1056 1208 1121 ad
1223 1080 1269 1121 ur·

170 1161 307 1242 bem-ni
328 1161 437 1228 venire
461 1174 571 1229 contra
593 1163 769 1230 exereitum
791 1162 1043 1250 dictatoremque
1065 1160 1220 1229 adversus
1236 1183 1269 1226 se

169 1266 215 1332 Μ.
238 1265 404 1334 Valerium
427 1265 569 1334 Corvum
589 1268 711 1335 dictum
733 1266 895 1334 audissent
917 1276 950 1333 et
978 1264 1165 1354 magistrum
1188 1264 1271 1353 equi-

122 1380 240 1438 tatum
261 1369 298 1436 L.
320 1369 491 1437 Aemilium
513 1372 722 1440 Mamercum.

257 1472 327 1540 XL.
372 1475 435 1541 Ubi
457 1477 596 1566 primum
618 1479 652 1544 in
674 1487 884 1566 conspectum
895 1485 1028 1544 ventum
1051 1485 1109 1556 est,
1131 1497 1220 1541 arma
1235 1471 1270 1538 si·

131 1576 134 1585 '
170 1602 296 1671 gnaque
319 1602 491 1669 agnovere,
520 1583 683 1673 extemplo
707 1583 855 1651 omnibus
883 1578 1036 1647 memoria
1065 1579 1187 1669 patriae
1211 1578 1270 1643 iras

168 1683 345 1775 pennulsit.
382 1685 526 1753 nondum
549 1700 638 1755 erant
659 1699 726 1755 tam
748 1688 847 1755 fortes
870 1686 910 1751 ad
937 1683 1124 1775 sanguinem
1146 1683 1271 1750 civilem

149 1811 230 1856 'nec
251 1800 378 1878 praeter
400 1801 531 1859 externa
553 1803 709 1860 noverant
730 1774 814 1860 bella
836 1790 1010 1879 ultimaque
1038 1788 1142 1856 rabies
1171 1809 1271 1856 seces-

124 1891 217 1960 ttsio
240 1893 280 1960 ab
303 1892 369 1962 suis
392 1894 579 1965 habebatur.
613 1899 721 1988 itaque
744 1899 809 1966 iem
832 1896 930 1965 duces
952 1895 1017 1962 iam
1031 1892 1149 1960 milites
1163 1892 1271 1960 utrim-

240 2122 400 2181 persuasum
418 2103 469 2161 l'uit
492 2103 553 2160 lieri
576 2110 685 2165 omniuo

152 2195 156 2201 “
239 2209 296 2246 nou
319 2210 416 2267 posse,
443 2199 473 2246 ut
495 2191 579 2247 nollet
600 2197 686 2271 sequi.

240 2307 298 2345 ‚,—-
316 2277 370 2332 Die
394 2276 467 2331 Ehre
492 2276 541 2333 des
565 2279 686 2338 Oberbe·

239 2363 324 2418 fehles
336 2362 392 2418 ihm
405 2363 592 2439 tabertragend‚
611 2367 687 2437 oder,

165 2446 169 2451 ’
238 2469 320 2505 wenn
339 2470 368 2506 er
385 2450 445 2507 sich
459 2453 579 2526 svcigern
597 2453 685 2525 sollte,

239 2536 292 2592 den
304 2536 365 2592 Tod
383 2536 443 2593 falls
462 2557 492 2593 er
509 2539 586 2596 nicht
603 2540 685 2616 solgte

184 2674 186 2679 .
239 2623 427 2684 andralieud“.
440 2656 475 2666 -
492 2625 573 2686 Reae.
592 2628 684 2690 codd:

237 2710 284 2768 ubi
303 2714 448 2769 resisteret.
467 2713 501 2772 cl.
521 2717 565 2783 10,
583 2717 625 2775 19.

177 2796 212 2855 -6,
236 2798 281 2854 ad
303 2799 434 2875 lapidem
456 2809 593 2859 octauum
617 2805 684 2862 uiue

239 2904 317 2961 quae
340 2908 419 2943 nunc
435 2889 532 2964 Appia
555 2901 605 2948 est
617 2912 684 2966 per·

239 2975 378 3030 ueniunt:
397 2974 445 3030 ΡΜ
462 2975 536 3032 Harl.
546 2997 563 3036 r.
576 2976 652 3039 Leid.
664 2999 683 3039 r.

238 3084 272 3099 -ι-
285 3058 306 3113 l.
317 3056 362 3115 Fr.
375 3058 459 3114 Grou.
472 3080 505 3115 ex
517 3081 587 3122 rece.
604 3065 683 3124 codd.

167 3156 169 3160 ⁴
237 3144 288 3198 aia
301 3144 472 3200 scribendum
484 3152 597 3218 censuit,
610 3151 684 3227 quad

827 2109 883 2164 erte
904 2127 967 2163 man
988 2103 1118 2161 einander
1140 2102 1275 2177 ausichtig

828 2193 988 2269 gemunden,
1018 2195 1058 2248 sie
1090 2190 1136 2246 die
1164 2190 1274 2247 Waffen

827 2280 883 2338 und
896 2280 955 2335 ihre
967 2279 988 2336 F
991 2278 1146 2335 eldzeiehen
1158 2278 1274 2337 wieder·

827 2368 988 2435 erhanntem
1015 2366 1048 2422 da
1067 2364 1143 2440 attgte
1162 2365 1208 2420 die
1225 2365 1274 2420 Br-

826 2457 958 2529 iunerung
967 2475 1001 2511 an
1013 2455 1062 2510 das
1070 2451 1218 2510 Vaterland
1230 2473 1274 2508 so·

825 2542 912 2616 gleich
937 2543 998 2616 jede
1025 2538 1275 2598 leidenschsltliehe

825 2629 968 2706 Ιίιιῑόιιιις*ο
985 2658 1021 2672 -
1038 2629 1060 2688 l.
1072 2627 1118 2685 Fr.
1129 2627 1215 2687 Gran.
1226 2627 1274 2684 alii

804 2755 809 2772 -.
826 2727 958 2788 „ventum
976 2727 1005 2774 et
1022 2721 1130 2785 arma“‚
1146 2715 1275 2773 Dukerus

825 2814 960 2897 prentum
978 2815 1020 2862 est
1032 2814 1063 2863 et
1074 2809 1172 2861 arma“
1190 2804 1274 2861 scribi

824 2892 976 2952 valuerunt

754 2980 799 3040 11.
827 2982 992 3055 ultimaque
1017 2981 1116 3037 rables
1139 2980 1272 3035 secessio

824 3068 864 3123 ab
880 3070 945 3124 suis
957 3066 1136 3125 tabeoatur:
1152 3063 1181 3121 Μ
1192 3086 1229 3123 m.
1246 3069 1272 3124 t.

825 3152 857 3212 P.
872 3184 907 3195 —-
918 3152 946 3209 Μ
957 3174 994 3212 m.
1013 3156 1052 3212 1.:
1070 3152 1272 3222 rabie†eessio.

237 3229 408 3305 probandum
425 3231 574 3303 rideretur,
591 3239 616 3291 si
633 3241 684 3294 aiu
753 3241 799 3301 15.
826 3243 927 3316 itaqua
945 3243 1005 3296 iam
1022 3241 1114 3296 ducas
1137 3238 1205 3313 iani,
1219 3241 1271 3296 mi·

114 3358 118 3367 ,
236 3317 336 3393 Appia
353 3321 483 3396 seriptum
501 3331 580 3382 esset.
603 3323 637 3383 el.
656 3326 682 3393 2,

237 3404 282 3461 11.
299 3407 326 3473 3,
344 3407 384 3465 6.:
403 3404 508 3465 Gabina
525 3411 578 3468 via.
596 3413 622 3480 7,
640 3415 683 3473 9.:

237 3487 342 3546 Salaria
364 3495 416 3553 via.
444 3495 478 3554 al.
504 3528 539 3537 —
568 3496 645 3557 Leid.
663 3519 682 3561 1.

235 3573 315 3635 Voss.
328 3598 356 3637 11.
375 3581 422 3640 al:
440 3582 526 3639 issent
540 3585 682 3643 confestim

236 3660 272 3715 ad
289 3664 392 3725 urbem.
417 3697 452 3711 -
471 3670 540 3728 PM:
564 3682 591 3727 et
613 3680 680 3746 mag.

235 3749 356 3824 equitum
367 3752 399 3812 L.
413 3756 557 3817 Aemilium
569 3757 681 3818 Mamer·

235 3854 305 3894 cum.
323 3838 402 3910 cta,
422 3845 446 3903 1.
564 3858 567 3863 '

167 3917 209 3978 11.
236 3923 288 3978 uti
301 3927 430 4000 primum
447 3932 478 3988 in
495 3945 680 4011 conspectum

235 4020 354 4069 uentum
366 4026 419 4086 est,
432 4038 518 4075 armo
532 4025 680 4100 signaque

233 4112 400 4174 agnouere:
416 4104 464 4161 ΡΜ
481 4105 555 4167 Harl.
566 4128 583 4168 ι.
615 4109 677 4179 „So

824 3329 893 3385 lites
920 3332 1067 3403 utrimque
1088 3345 1271 3406 congressus

824 3413 1270 3491 quaerereudcoaloquiarPlll.

824 3532 858 3544 -
885 3501 958 3560 Harl.
980 3523 998 3560 r.
1020 3500 1099 3560 Leid.
1121 3520 1152 3560 t:
1179 3504 1271 3579 itaque

822 3592 876 3647 iam
903 3590 984 3646 duces
1011 3599 1065 3645 tam
1091 3589 1193 3645 milites
1219 3598 1271 3647 eet.

822 3676 904 3736 Reae.
923 3679 996 3754 quid.
1021 3676 1115 3735 codd:
1141 3686 1199 3733 tarn
1221 3674 1270 3732 du·

823 3785 868 3823 ces
887 3785 966 3841 quam
980 3762 1087 3824 milites.
1098 3797 1133 3807 —
1144 3762 1224 3821 Leid.
1237 3783 1270 3821 r.:

822 3872 980 3928 congressus
998 3872 1128 3927 quaerere
1147 3873 1186 3908 aa
1208 3870 1271 3907 con-

821 3936 919 4016 loquia.
938 3939 982 3998 Cl.
1001 3937 1059 3999 Cic.
1072 3938 1143 3998 Phil.
1163 3941 1206 4008 12.
1227 3941 1270 3994 11.

823 4057 858 4066 -
876 4025 1049 4102 Aliquantum
1061 4027 1162 4083 haereo
1173 4029 1203 4082 in
1216 4024 1271 4081 hoe

820 4111 880 4171 loco
911 4113 1083 4190 explicando:
1119 4133 1176 4170 noa
1212 4122 1269 4169 hm
