2618 4590
105 347 111 359 .
177 285 200 353 8
647 291 816 354 muru

178 482 263 553 quae
285 469 393 527 autem
415 456 455 524 ad
476 478 565 524 sacra
587 455 797 548 pertinebant,
820 481 838 524 a
859 453 1061 549 pontificibus
1081 459 1220 527 maxime
1242 471 1280 527 ut

178 566 329 657 religione
351 561 517 630 obstrictos
539 560 693 629 baberent
713 562 921 631 multitudinis
944 565 1075 649 aubrios,
1097 586 1279 656 suppressa.

180 682 251 738 tum
284 671 323 736 de
357 666 467 734 diebus
495 664 649 756 religiosis
677 664 786 756 agitari
818 680 984 759 coeptum,
999 688 1005 697 “
1021 670 1170 760 diemque
1205 680 1295 736 ante'

180 775 265 843 diem
286 798 331 842 xr
352 772 417 840 kal.
440 769 579 838 Sextiles
608 770 725 860 duplici
752 772 843 840 clade
870 773 1039 865 insignem,
1066 799 1132 866 quo
1160 775 1210 841 die
1238 776 1279 840 ad

148 879 363 949 acremeram
384 875 474 942 Fabii
495 874 580 966 eaesi
601 897 667 964 quo
690 873 802 946 deinde
825 879 866 943 ad
888 877 992 945 Aliam
1015 904 1088 947 cum
1110 878 1207 946 exitio
1230 903 1279 946 ur-

177 982 225 1050 bis
246 983 342 1051 foede
356 991 541 1073 pugnatum,
564 980 773 1070 aposteriore
796 981 886 1050 clade
900 964 1064 1053 Aliensem
1079 981 1280 1073 appellanrnt

175 1087 397 1179 insignemque
418 1085 464 1154 rei
491 1083 607 1153 nullius
635 1084 762 1176 publice
790 1085 1001 1178 privatimque
1030 1089 1170 1182 agendae
1196 1087 1278 1155 lece·

193 1255 221 1310 3.
249 1254 288 1310 de
310 1252 417 1311 diebos
442 1251 607 1332 religiosis:
634 1250 692 1313 ΡΜ.

159 1384 163 1407 ,
247 1340 292 1397 cf.
311 1338 415 1397 Gellius
432 1342 459 1408 4,
477 1343 515 1398 a:
540 1338 693 1416 „Religion
720 1360 723 1369 ·

247 1426 306 1485 dies
323 1427 449 1485 dicuntur
465 1428 536 1484 tristi
548 1429 638 1486 omine
652 1428 692 1483 iu·

247 1515 332 1572 fames
350 1514 535 1594 impeditiqne,
552 1518 581 1573 in
594 1515 693 1592 quibus

833 1249 1110 1333 ‚,quattuordeeim“‚
1139 1261 1170 1310 ut
1199 1255 1279 1310 etiam

834 1342 906 1420 apud
923 1340 1005 1400 Beldr,
1024 1349 1073 1408 est,
1093 1339 1144 1396 sed
1161 1339 1279 1407 „decern

833 1440 960 1507 quattuor
969 1427 1084 1487 millia“.
1094 1426 1128 1485 al.
1146 1424 1190 1486 Gi.
1200 1430 1226 1494 5,
1237 1430 1280 1485 29.

780 1519 807 1577 b.
835 1537 893 1594 quo
912 1516 1021 1574 deinde
1037 1516 1080 1571 ad
1089 1516 1205 1572 Aliam:
1223 1513 1279 1573 Ptt

244 1612 274 1659 et
290 1623 334 1660 res
358 1603 463 1661 divinas
483 1603 570 1661 faeere
591 1613 619 1659 et
636 1621 693 1660 rem

246 1693 401 1769 quampiam
436 1711 534 1750 novam
573 1689 694 1747 exordiri

243 1778 448 1856 temperandum
471 1787 520 1837 est.
549 1779 640 1854 itaque
657 1775 694 1835 M.

149 1916 152 1921 .
244 1865 344 1923 Cicero
360 1898 395 1908 -
410 1868 571 1936 „maiores“
604 1865 695 1942 inquit

192 1985 195 1990 ·
246 1956 357 2024 „nostrl
366 1954 539 2012 funestiorem
552 1953 624 2014 diem
633 1971 694 2009 esse

244 2040 387 2101 voluerunt
420 2039 550 2099 Alliensis
588 2059 694 2118 pugnae

242 2148 324 2208 qnam
340 2128 416 2186 urbis
429 2136 532 2206 captae,
549 2128 624 2206 quod
640 2129 694 2185 boo

157 2258 159 2269 .
245 2214 456 2274 malumexillo.
467 2217 560 2291 itaque
571 2213 639 2271 alter
651 2234 693 2270 re·

244 2301 357 2377 ligiosus
375 2303 456 2358 etiam
474 2321 547 2359 nunc
565 2301 634 2370 dies,
655 2300 693 2357 al·
722 2300 725 2309 ’

242 2398 286 2445 ter
303 2391 332 2446 in
344 2388 440 2466 volgus
453 2389 595 2464 ignotus“.
608 2421 642 2435 -
655 2388 692 2447 P:

220 2477 361 2551 'sagittari

190 2563 216 2622 l.
243 2563 384 2640 diemque
401 2561 445 2618 ad
459 2564 582 2622 xviral-
600 2563 692 2621 rexti-

242 2652 303 2708 leaa
333 2649 397 2710 PM:
428 2651 482 2706 nisi
512 2650 586 2728 quod
615 2653 644 2706 in
670 2649 695 2706 Ρ

242 2739 331 2806 „tit
350 2736 470 2794 adnibil
479 2737 552 2794 aliud
564 2747 605 2795 est
614 2757 695 2815 quam

241 2844 270 2882 α.
291 2824 364 2902 d.‚h.
383 2845 406 2883 e.
424 2827 591 2884 antediem
609 2828 693 2903 quin*

239 2921 303 2971 tam
327 2912 481 2972 decimum.
521 2913 553 2969 ln
576 2912 650 2971 Harl.
673 2932 692 2975 r.

244 3002 376 3076 seriptum
394 3019 455 3056 esse
468 3000 567 3056 dieitur
585 2999 692 3068 „diem-

241 3082 295 3160 e'1ne
321 3085 355 3140 ad
380 3103 429 3143 vx.
452 3084 513 3142 Kal.
537 3085 691 3142 Sextiles“r

194 3176 197 3181 '
241 3171 316 3246 quod
345 3191 379 3229 ex
399 3169 594 3229 ¹Romanorum
623 3175 691 3228 scri·

240 3256 324 3314 beridi
341 3278 471 3317 numeros
486 3261 591 3315 ratione
608 3261 690 3335 signi·

140 3335 146 3345 ’
241 3344 337 3403 liceret
354 3351 425 3415 ,‚v“.
443 3345 492 3403 sed
504 3346 631 3403 librarius
648 3349 688 3404 vi·

192 3454 197 3459 ·
236 3432 596 3502 deturrerba„antediem
606 3436 689 3510 quin,

239 3527 303 3576 tum
320 3522 488 3579 ἀεσιίηιιιηιι
506 3541 539 3577 ex
551 3541 600 3577 suo
618 3520 688 3578 iudi-

239 3606 283 3660 cio
302 3627 474 3667 numerorum
485 3609 571 3682 signis
588 3607 689 3664 deseri-

238 3695 336 3771 psisse.
354 3715 419 3752 num
437 3716 500 3754 rem
514 3695 609 3753 Livius
627 3695 655 3754 b.
669 3695 689 3759 l.

238 3799 295 3836 non
315 3782 460 3839 decimum
485 3785 619 3860 quintum
638 3781 688 3839 sed

197 3935 214 3948 g
239 3871 375 3944 quintum
398 3869 543 3926 decimum
567 3871 622 3926 dici
639 3890 687 3924 vo·

238 3953 320 4012 luerit
332 3958 432 4014 nescio.
449 3958 491 4013 sie
502 3959 632 4034 seriptum
646 3964 687 4010 est

238 4043 271 4109 8,
294 4045 337 4101 33.
362 4053 497 4119 „quartus
524 4043 685 4107 decumus“‚

237 4126 288 4186 sed
306 4129 351 4196 28,
368 4132 412 4190 33.
423 4132 454 4191 in
465 4130 526 4189 Pur.
538 4127 617 4189 Colb.
630 4148 685 4188 non

835 1603 880 1663 Gi.
898 1605 924 1671 5,
943 1605 986 1662 37.
1004 1605 1049 1663 33.

780 1693 808 1751 6.
835 1711 856 1748 a
870 1693 1037 1766 posteriorc
1057 1690 1146 1747 clade
1167 1690 1279 1747 Allien-

834 1782 905 1837 aem'
915 1778 1120 1853 appellarunt:
1137 1775 1168 1837 Ρ.
1187 1807 1222 1821 -
1249 1777 1280 1832 ln

834 1864 862 1923 M
885 1873 912 1921 et
935 1867 964 1922 in
987 1864 1048 1923 eod.
1069 1862 1156 1924 Rben.
1181 1863 1280 1921 excidit
1294 1945 1306 1957 .

834 1973 958 2032 praepos.
976 1971 1007 2014 ss·

780 2045 807 2102 7.
833 2043 880 2098 rei
902 2041 1034 2101 nullius:
1058 2036 1086 2096 lli
1110 2037 1172 2095 cod.
1193 2036 1281 2098 Rben.

834 2126 909 2189 Harl
921 2147 939 2185 1.
956 2125 1034 2186 Leid.
1045 2128 1079 2198 1.]
1097 2128 1138 2182 rei
1158 2125 1225 2184 nulli
1243 2125 1282 2198 (P

834 2225 863 2272 et
880 2213 948 2271 alter
969 2213 1029 2274 eod.
1047 2213 1159 2282 Rhea).
1194 2215 1284 2272 Nulli

833 2301 913 2359 facile
930 2290 980 2376 bro
993 2300 1077 2358 nulli
1088 2302 1172 2358 scribi
1183 2303 1281 2379 potuit

834 2391 995 2466 interpretes
1007 2408 1071 2444 vero
1084 2390 1162 2445 nulli
1175 2391 1222 2445 rei
1239 2409 1281 2445 ea·

834 2476 897 2533 dem
919 2477 1023 2532 ratione
1046 2476 1178 2550 seriptum
1204 2486 1281 2552 puta-

792 2632 795 2637 ,
834 2573 900 2622 runt
924 2585 976 2640 qua
1003 2563 1135 2632 „comitia
1164 2564 1282 2620 tribunis

836 2651 959 2710 creandis
968 2655 985 2684 ‘⁴
997 2649 1040 2709 rel
1058 2650 1157 2717 „oneri
1168 2649 1281 2707 ferendo

834 2743 918 2851 esseg‘
931 2738 966 2797 al.
984 2737 1034 2794 sed
1052 2737 1158 2794 dativus
1176 2724 1210 2792 ab
1228 2736 1281 2793 boe

834 2826 896 2884 loco
915 2825 1095 2882 alienissimus
1115 2833 1169 2892 est,
1192 2826 1284 2882 atrei

833 2911 1095 2973 nulliua'eohaeret
1117 2930 1178 2970 eum
1201 2911 1281 2969 diem

832 3003 911 3078 quasi
941 3002 1071 3079 scriptum
1101 3000 1138 3055 sit
1171 3008 1225 3068 „ut
1255 3001 1281 3056 is

833 3088 892 3145 dies
916 3086 1015 3144 nullius
1038 3089 1078 3143 rei
1100 3085 1218 3159 agendae
1238 3104 1280 3142 es·

784 3179 786 3185 “
831 3179 906 3234 set“.
925 3174 1045 3251 alioquin
1057 3173 1279 3250 ablativusquern

831 3261 899 3321 Tan.
910 3261 998 3318 Faber
1009 3262 1204 3319 restituendum
1217 3283 1278 3318 een·

830 3352 901 3418 suit,
925 3357 1055 3406 nouerat
1074 3350 1278 3424 improbandus,

830 3437 962 3504 utnon:
980 3437 1277 3513 „annumnequebello

831 3524 900 3580 foris
912 3543 1000 3600 neque
1013 3524 1086 3580 domi
1096 3524 1229 3580 seditione
1237 3528 1277 3581 in·

830 3613 964 3685 signem‘l.
1000 3608 1088 3685 Quem
1110 3611 1145 3667 sd
1166 3612 1276 3669 modum

773 3696 776 3711 ¹
830 3699 912 3772 igitur
930 3700 960 3767 4,
979 3701 1023 3757 35.
1048 3718 1137 3773 „quan
1156 3719 1276 3756 commu·

829 3788 873 3846 nia
892 3797 982 3844 essent
1000 3787 1106 3842 comitia
1120 3794 1224 3860 patrum
1244 3807 1276 3843 ao

829 3871 917 3948 plebis
924 3878 951 3941 ⁶⁶,
968 3876 1013 3939 30,
1026 3875 1051 3929 9.
1070 3891 1141 3945 „pro
1152 3891 1182 3926 se
1201 3877 1274 3950 quis·

828 3979 881 4034 que
898 3979 967 4035 quae
985 3956 1104 4014 diutinae
1123 3958 1274 4018 obsidionis
1295 4028 1299 4037 g

780 4072 787 4083 r
827 4044 982 4101 tolerandae
1010 4055 1075 4101 sunt
1109 4048 1271 4106 oonrebit“:

825 4133 866 4192 sic
883 4131 910 4191 b.
927 4130 946 4190 l.
963 4134 1093 4208 seriptum
1110 4142 1153 4190 est
1168 4175 1186 4204 ‚‚
1192 4136 1272 4196 diem
