2618 4590
519 248 696 312 uuuau
1072 220 1158 305 ‘aaa
1209 229 1217 255 ¹

54 415 366 506 trimnviratibueque
388 395 545 482 noeiurno
573 412 674 481 altero
703 412 803 481 altero
820 413 977 483 'coloniae
999 414 1157 487 deducen-

56 521 127 588 dae.
163 531 306 589 ceterum
327 557 371 569 --
392 519 426 589 id
448 519 537 609 quod
558 518 644 585 baud
659 517 818 610 discrepat
831 557 875 568 -
890 519 1088 587 contumacia
1104 512 1175 589 ad·'

55 648 168 694 versus
190 635 433 694 contemnentes
454 623 666 690 bumilitatem
689 646 782 692 suam
803 621 928 690 nobiles
950 624 1091 707 certavit,
1114 624 1155 693 ci·

56 730 119 798 vile
140 729 189 796 ius
211 731 388 820 repositum
408 729 442 796 in
463 728 679 820 penetralibus
708 727 897 818 pontificum
924 726 1083 818 evulgavit
1109 728 1154 797 fa-

56 845 188 924 stosque
211 834 295 903 circa
316 835 423 902 forum
449 833 484 901 in
505 832 579 901 albo
606 831 774 924 proposuit
799 841 837 898 ut
862 832 991 922 qnando
1013 830 1084 922 lege
1106 833 1190 924 agia

55 950 166 1031 posset
187 939 333 1022 sciretur,
360 938 473 1006 aedem
495 936 693 1006 Concordiae
720 935 754 1003 in
776 958 850 1003 area
870 935 1009 1005 Vulcani
1028 960 1156 1006 summa

54 1045 171 1112 invidia
191 1042 346 1112 nobilium
367 1041 534 1126 dedicavit,
556 1051 751 1132 coactusque
774 1062 934 1108 consensu
953 1040 1066 1133 populi
1079 1041 1155 1111 Cor-

54 1149 157 1218 nelius
171 1148 328 1218 Barbatus
349 1146 496 1238 pontifex
515 1146 674 1214 maximus
695 1143 793 1213 verba
815 1144 946 1236 praeire,
968 1169 1044 1215 cum
1065 1154 1157 1217 ruore

55 1255 213 1322 maiorum
234 1263 365 1343 negaret
384 1250 445 1321 nisi
467 1251 634 1319 consulem
655 1261 711 1318 aut
725 1250 952 1341 imperatorem
965 1236 1064 1341 posse
1076 1263 1156 1323 tem

55 1361 147 1451 plum
168 1358 325 1427 dedicare.
359 1356 468 1447 itaque
489 1379 532 1425 ex
553 1355 741 1423 auctoritate
762 1366 891 1423 senatus
913 1354 1015 1427 latum
1037 1358 1079 1425 ad
1100 1381 1157 1451 po-
1168 1369 1204 1427 1⁰
1252 1340 1260 1359 ’

24 1525 29 1537 ,
55 1464 168 1554 pulum
191 1473 302 1531 estne
324 1462 396 1553 quis
418 1460 576 1551 templum
599 1482 727 1526 aramve
741 1457 863 1526 iniussu
884 1472 1013 1531 senatus
1029 1475 1085 1533 aut
1104 1463 1157 1532 tri·
1214 1456 1231 1471 ”

54 1569 215 1647 bunorum
235 1567 342 1658 plebei
370 1565 469 1657 pertis
496 1562 624 1633 maioris
652 1562 822 1631 dedicaret.
857 1562 945 1630 baud
969 1566 1157 1636 memorabi-

54 1673 120 1740 lem
141 1695 211 1739 rem
232 1696 291 1761 per
317 1669 441 1763 conisi
469 1669 698 1738 documentum
726 1667 777 1761 sit¹
795 1666 946 1736 adversus
974 1672 1158 1761 superbiam

54 1776 210 1853 nobilium
231 1774 377 1869 plebeiae
404 1773 557 1865 libertatis
586 1772 738 1840 referam:
773 1772 814 1840 ad
842 1773 1001 1869 collegam
1026 1796 1158 1867 aegrum

54 1879 176 1957 visendi
205 1903 302 1956 causa
322 1877 451 1955 Flavius
480 1902 556 1947 curn
582 1868 725 1955 venisset
750 1900 974 1968 consensuque
1002 1879 1158 1965 nobilium
1173 1895 1207 1952 15

126 2007 302 2083 viantibueq.
313 2013 458 2065 maurae.
474 2005 571 2063 altero

125 2097 221 2153 altero
254 2095 389 2152 coloniae
424 2092 571 2155 deducere·

126 2183 200 2240 dae:
218 2180 249 2238 P.
261 2211 297 2222 -
309 2180 348 2238 mx
361 2180 497 2238 tribunato
508 2188 571 2236 ante

124 2278 200 2346 gesto
211 2269 425 2326 triumuiratibue
437 2274 570 2324 nocturno

125 2365 176 2415 cet.
187 2397 205 2424 ,‚
212 2376 260 2412 aur
271 2353 511 2432 Aufrecbtbaltung
522 2352 572 2411 der

123 2443 295 2500 nicbtlicbeu
313 2443 478 2516 Orduung“.
511 2476 513 2480 ·

71 2534 98 2592 3.
124 2533 212 2590 ciuile
229 2533 277 2588 ius
294 2531 457 2606 repositum
473 2530 506 2588 in
520 2549 571 2610 pe·

123 2619 288 2675 noualibus
298 2619 473 2694 pontificum
489 2620 572 2676 euul-

123 2707 226 2784 gouit:
246 2702 283 2758 P:
307 2704 437 2768 „maobte
455 2705 501 2760 die
518 2705 571 2760 Re-

126 2789 187 2865 geln
217 2789 265 2844 dea
290 2788 571 2859 Proceseveulabrens‚

124 2877 171 2934 die
192 2896 247 2934 vou
270 2875 332 2932 dem
350 2875 502 2953 Collegium
525 2877 573 2934 der
633 2878 635 2882 ’

125 2965 317 3040 Obcrpriester
328 2963 432 3040 gebeim
449 2962 573 3039 gebalten

125 3051 250 3119 evander,
266 3051 414 3110 belannt“.
430 3050 472 3115 lle
485 3052 515 3108 iu
526 3072 572 3127 pe-

125 3139 277 3196 netrabilib.
286 3138 493 3214 pontificum:-
503 3138 573 3196 Pane

19 3232 22 3237 '
128 3225 155 3282 lo
184 3235 245 3282 ante
266 3224 308 3283 ll:
336 3228 507 3286 contumatia
535 3225 572 3284 P:

126 3319 293 3390 atipnentes.

74 3406 100 3462 l.
120 3402 287 3478 fastosque
314 3402 393 3457 circo
408 3401 517 3473 forum
540 3400 573 3456 in

126 3491 195 3545 albo
223 3491 394 3564 proposuit.-
422 3486 463 3545 ll:
491 3487 572 3557 „und

128 3574 217 3633 stelltc
230 3577 308 3630 einen
321 3574 573 3632 Geriohtelralender

128 3663 177 3719 aul
196 3663 270 3718 einer
291 3664 409 3725 weissen
432 3661 509 3724 Tafel
534 3661 573 3720 bl·

128 3749 240 3811 fentlich
265 3753 343 3809 aus“.
383 3750 456 3807 Num
485 3748 574 3819 „fasti

129 3840 200 3894 circa
228 3839 338 3895 sorum“
368 3837 395 3897 lr.
423 3835 443 3895 l.
471 3837 573 3913 siguili-

128 3925 303 3997 ceutfaotoc
314 3925 523 3996 forensea?-
537 3923 572 3981 P:

130 4015 158 4068 iu
177 4006 236 4070 eree
256 4013 371 4071 uulcaui.
398 4012 437 4070 Ill:
460 4013 490 4069 iu
512 4030 573 4068 area

129 4098 246 4178 uulgari.
260 4133 293 4145 ·-
307 4099 342 4158 P:
361 4097 496 4159 cornelius
512 4119 573 4178 par·

712 2003 800 2091 batus.
821 2005 857 2063 F:
874 1993 1101 2083 pout-maximus.
1116 2005 1159 2065 M:

661 2144 663 2149 .
712 2102 781 2176 pout
801 2093 917 2154 maxim‘.
944 2126 979 2137 -
1005 2092 1047 2151 ll:
1074 2113 1160 2164 „cunr

713 2198 789 2237 more
814 2182 947 2238 maiorum
973 2189 1081 2258 negaret
1102 2182 1160 2239 uici

710 2274 792 2328 cont.
807 2276 853 2325 eut
870 2270 1060 2346 imperatorem
1075 2287 1161 2349 poree

680 2400 683 2405 .
712 2353 864 2431 templum“
877 2356 1160 2436 praetermissorum

713 2430 863 2501 dodilone.
898 2442 973 2502 lder'n
991 2444 1104 2504 verbum
1120 2444 1160 2503 vi·

714 2528 794 2587 detur
815 2531 950 2590 excidisse
971 2534 1001 2590 iu
1024 2552 1056 2590 eo
1079 2530 1160 2601 libro,

713 2635 747 2673 ex
764 2638 818 2693 quo
835 2617 859 2674 P
877 2619 1028 2696 descriptus
1046 2628 1101 2676 eet:
1130 2620 1160 2674 in
1276 2618 1279 2625 “

713 2703 736 2758 P
745 2706 817 2760 euim
828 2704 969 2762 duodecim
978 2706 1069 2764 verbis
1078 2708 1160 2763 omio-

713 2791 753 2851 cis
775 2792 912 2867 scriptum
934 2802 975 2848 est
997 2794 1074 2861 „nisi
1100 2795 1160 2852 coo‘.

714 2886 762 2934 aut
783 2879 971 2952 imperatorem
993 2899 1075 2953 poree
1094 2889 1161 2939 tem.

713 2963 790 3042 plum
816 2982 924 3037 aramue
951 2967 1068 3024 iniussu
1084 2987 1160 3025 uena·

714 3057 851 3112 tus“.cet.
870 3072 905 3118 ru,
923 3055 950 3123 2q
968 3053 1003 3110 ad
1020 3056 1161 3129 templum

715 3139 847 3197 adiectum
857 3150 898 3196 est
907 3137 998 3209 „bd“.
1011 3142 1162 3200 -lleiude

715 3230 846 3304 scriptum
864 3229 951 3284 estin
968 3228 1008 3285 ill:
1026 3233 1090 3307 itaq.
1111 3229 1159 3304 eal

714 3318 874 3373 auctoritate
887 3325 976 3382 cet—
989 3315 1039 3373 ΡΜ
1046 3315 1161 3377 Leid.r.:

715 3411 761 3458 aut
772 3403 940 3459 tribunorum
952 3403 1050 3482 plebei.
1060 3435 1095 3448 -
1107 3403 1172 3462 ce:

712 3498 800 3545 terum
818 3489 944 3548 Dulerus
961 3494 991 3562 ἢ,
1010 3494 1053 3552 27.
1072 3494 1115 3551 42.
1133 3495 1161 3561 6,

715 3577 742 3637 5.
760 3577 876 3635 conferri
893 3579 959 3648 vult,
977 3580 1161 3657 qaibue‘locis

715 3684 771 3720 nou
788 3666 981 3744 semper-illum
993 3688 1096 3724 morem
1114 3668 1160 3725 de·

716 3750 859 3809 dicationis
880 3753 1040 3832 templorum
1068 3754 1171 3816 obser-'

716 3848 807 3895 vatum
825 3858 884 3896 esse
902 3853 1037 3920 appareat.

646 3924 689 3984 15.
715 3946 921 4004 consensuque
931 3931 1075 3987 nobilium
1084 3930 1160 3989 adu·

714 4014 887 4071 lucentium
905 4018 959 4091 qui
973 4019 1015 4073 iai
1034 4019 1160 4093 adeoda-

715 4102 798 4159 tant:
816 4100 854 4175 Ρ]
878 4122 1067 4185 consensuque
1080 4106 1160 4168 uobi·
