2618 4590
492 330 495 335 .
532 286 642 348 orara
656 289 728 373 u„
1101 280 1165 349 ua
1210 382 1216 395 α

68 450 361 541 obsidebanturque
383 449 470 516 haud
496 449 594 540 paulo
615 448 649 518 vi
674 447 795 518 maiore
817 450 954 522 Velitrae
982 478 1081 545 quam
1102 455 1166 525 'lla-
1286 498 1288 503 ·

66 555 194 622 sculum
217 556 386 623 obsessum
407 555 526 622 fuerat:
562 577 623 621 nec
644 554 815 622 tamen-ab
838 555 925 624 eisa
947 557 1061 648 quibus
1084 559 1166 628 obsi·

65 659 136 727 deri
159 670 293 749 coeptae
311 670 408 742 erant,
429 659 603 748 expugnari
620 669 774 749 potuere:
797 671 870 728 ante
891 661 967 728 novi
983 663 1078 730 creati
1092 677 1166 732 sunt

64 763 186 830 soson
206 764 343 845 murum
365 764 406 849 e,
427 762 580 830 sewun
603 762 640 830 o.
663 761 815 831 verutus
836 762 876 831 Α.
906 750 1005 833 eaor.
1028 765 1166 835 comen

64 866 109 950 Q.
132 866 298 952 Quinctius
312 868 356 935 M.
371 867 499 934 Fabius.
536 866 614 933 nilril
635 891 677 935 ne
699 867 740 934 ab
760 867 798 935 iis
821 867 952 958 quidem
973 870 1105 936 tribrmis
1128 873 1196 942 adt

65 969 204 1036 Velitras
231 971 439 1040 memorabile
472 971 603 1038 factum.
639 972 677 1038 ln
709 972 829 1040 maiore
865 972 1046 1041 discrimine
1081 975 1168 1043 domi

61 1095 114 1139 res
137 1075 349 1143 vertebantur.
387 1099 463 1142 nam
485 1087 611 1166 praeter
632 1072 780 1143 Sextium
800 1074 1021 1169 Liciniumque
1046 1078 1167 1149 latores

60 1177 171 1267 legum
191 1179 256 1247 iam
268 1191 428 1265 ¹octavum
448 1178 593 1247 tribunos
614 1180 719 1271 plebis
739 1179 879 1249 reiectos
894 1182 1013 1250 Fabius
1035 1206 1166 1274 quoque

32 1324 35 1328 <
59 1281 206 1349 tribunus
227 1283 364 1351 militum
385 1278 536 1353 Stolonis
549 1308 651 1366 socer,
676 1308 813 1376 quarum
834 1286 945 1377 legum
966 1283 1079 1355 arlctor
1099 1288 1166 1356 fue·

59 1396 119 1469 rat,
141 1411 252 1455 earum
274 1412 440 1482 suasqrem
461 1411 497 1457 se
519 1389 606 1454 haud
627 1389 761 1456 dubium
775 1391 911 1465 ferebat:
934 1404 968 1460 et
989 1417 1065 1461 cum
1086 1403 1162 1461 octo
1175 1408 1212 1464 10

29 1518 37 1526 ·
59 1513 112 1557 ex.
124 1492 260 1583 collegio
282 1493 484 1561 tribunorum
498 1492 585 1584 plebi
599 1492 702 1585 primo
717 1493 944 1564 intercessores
965 1496 1075 1588 legum
1091 1498 1164 1564 luis·

59 1607 142 1679 sent,
165 1598 306 1690 quinque
329 1598 515 1680 suberant,
541 1608 575 1664 et
595 1607 633 1663 ut
654 1596 759 1664 ferme
777 1598 883 1667 solent
905 1601 961 1690 qui
983 1626 1001 1667 a
1024 1602 1090 1669 suis
1112 1603 1164 1670 de·

59 1690 214 1784 sciscunt,
241 1702 328 1792 eapti
351 1712 384 1768 et
403 1713 569 1792 stupentes
597 1701 693 1768 animi
714 1702 848 1769 vocibus
878 1704 988 1770 alienis
1010 1704 1042 1770 id
1063 1704 1163 1772 modo

59 1804 151 1895 quod
179 1805 267 1872 domi
292 1816 509 1897 praeceptum‘
529 1817 597 1874 erat
627 1806 846 1876 intercessioni
873 1831 951 1876 suae
978 1809 1164 1899 praetende·

57 1908 152 2005 bant,
173 1909 303 1980 Velitris
324 1908 358 1977 in
380 1908 521 1978 exercitu
542 1910 644 2000 plebis
666 1935 817 2000 maguam
836 1925 960 2003 partem
983 1911 1111 1995 abesse,
1132 1912 1212 1982 in15

57 2012 234 2082 adventum
261 2015 398 2083 militum
424 2014 551 2083 comitia
579 2013 695 2082 differri
722 2014 840 2084 debere
873 2027 911 2083 ut
930 2016 1078 2084 universa
1099 2017 1165 2106 ple-

58 2118 118 2187 bes
136 2120 181 2188 de
203 2120 269 2188 suis
298 2120 480 2191 commodis
506 2119 689 2212 suffragium
713 2103 820 2188 ferret.
863 2120 994 2190 Sextius
1015 2110 1165 2189 Licinius·

72 2297 106 2357 Β.
131 2299 304 2376 eapugnori
316 2308 454 2374 potuere.-
477 2295 512 2356 Μ.
540 2327 577 2342 -
723 2315 815 2355 eamn
832 2286 1099 2369 sesussorerrilranrl
1117 2297 1167 2353 rln·

130 2381 166 2439 P:
185 2403 337 2462 expugnare
353 2395 521 2463 potuero.-
538 2383 577 2442 Pa
659 2420 663 2427 =
720 2386 795 2443 bium
812 2384 922 2446 larebat.

129 2474 193 2527 anto
210 2476 275 2530 noui
294 2475 377 2529 creati
393 2483 458 2528 sunt
474 2481 508 2531 tr.
520 2474 577 2532 mil.
649 2473 694 2543 ll.
718 2475 904 2531 tribunorum
910 2475 1005 2548 plebia
1014 2467 1165 2541 Vllllarlt.

132 2563 161 2635 q.
177 2559 312 2620 seruilius.
331 2567 354 2619 c.
371 2562 429 2616 ains
446 2562 578 2621 ueturius.
717 2559 796 2620 Leiri.
813 2562 849 2633 1.]
873 2562 1042 2618 tribunorum
1068 2557 1165 2634 plebis.

108 2650 165 2704 ¹tir.
192 2646 267 2707 aulus
293 2661 314 2703 tc
336 2667 441 2704 marcus
463 2646 577 2707 cornelii
719 2678 754 2690 -
771 2647 808 2723 1³3
826 2649 874 2725 qui
891 2669 907 2704 a
924 2650 981 2705 suis
993 2647 1156 2703 desciscunt.

128 2743 152 2785 o:
168 2737 196 2808 q.
214 2735 357 2808 quinctius.
375 2741 411 2790 rii.
429 2733 525 2790 labius.
540 2761 576 2776 -·
648 2734 692 2794 13.
717 2737 797 2809 eapti
822 2743 853 2791 et
877 2731 1029 2810 stupentes
1058 2730 1165 2787 animi:

127 2817 165 2875 Et
182 2821 212 2875 in
223 2819 251 2875 Μ
267 2830 294 2876 et
311 2821 341 2875 in
351 2818 425 2878 Harl.
438 2839 457 2876 r.
467 2819 546 2880 Laid.
557 2839 576 2877 r.

20 2956 23 2961 .
79 2931 81 2935 ·
128 2908 263 2984 scriptum
293 2915 335 2963 est
367 2917 392 2962 ἲ.
428 2909 506 2966 aius.
541 2934 576 2950 -

97 2992 238 3051 »Deinde
255 2994 413 3071 scripsimus
434 2993 525 3063 „nibil
542 3014 578 3051 ns

120 3080 166 3138 -ab
184 3083 222 3138 iis
240 3081 381 3159 quidem“‚
404 3083 510 3139 oum-in
527 3080 578 3140 ΡΜ

132 3178 205 3225 esset
222 3168 311 3238 „nibil
336 3189 370 3225 ue
392 3170 426 3226 ab
445 3170 500 3227 tiis
518 3171 577 3248 qui·

130 3255 194 3312 clem
216 3262 274 3312 u.“
295 3252 323 3313 Μ
346 3277 382 3315 m.
404 3261 445 3317 3.:
467 3278 518 3316 nec
542 3257 576 3313 ab

111 3341 189 3411 -trtts
207 3343 324 3421 quirlern.
338 3373 372 3387 -·-
390 3338 466 3404 P'm.
484 3347 522 3404 1.=
540 3343 577 3401 arl

129 3428 271 3491 uelitrans.
453 3444 456 3449 '

73 3519 103 3599 b.
129 3520 162 3575 in
178 3521 291 3576 maiore
309 3519 478 3576 discrimine
495 3518 578 3576 domi

118 3626 183 3664 res
213 3605 418 3664 venabuntur:
448 3604 505 3662 ΡΜ.
541 3637 576 3650 -

132 3691 212 3752 Voss.
225 3713 254 3752 rr.
273 3690 388 3749 etmulti
401 3711 470 3751 rece.
484 3692 577 3752 cedda

131 3781 284 3843 immaiori.
296 3813 329 3823 ·-
345 3778 409 3836 ΡΜ.
428 3800 490 3837 nam
500 3800 578 3858 prae·

132 3877 176 3924 ter
193 3877 311 3926 sextum
321 3865 495 3944 liciniumque
511 3865 580 3924 lato·

717 2818 769 2876 ΡΜ
784 2819 859 2877 Harl.
873 2837 891 2876 1.
909 2818 987 2876 Laid.
1005 2837 1025 2876 1.
1044 2846 1078 2863 ι·
1095 2816 1166 2872 Dra·

718 2904 900 2962 lrenborcbius
919 2914 946 2960 et
957 2903 1097 2960 Strothins
1110 2921 1165 2957 rna·

720 2991 812 3051 lebant
829 3012 891 3049 cnm
901 2986 996 3053 Lovel.
1008 2993 1033 3051 9.
1047 2990 1177 3059 scribere

718 3065 871 3158 stupentis
888 3082 1005 3158 opimis.
1023 3111 1058 3122 -
1076 3075 1121 3136 (ll.
1137 3078 1165 3145 7,

685 3178 688 3183 ’
715 3170 778 3229 ut:
814 3168 920 3227 consuli
949 3168 1044 3226 territo
1074 3152 1166 3223 inimi.

718 3259 750 3326 7,
767 3259 824 3316 aa:
848 3255 975 3313 sollicitis
993 3275 1025 3310 ac
1046 3251 1167 3329 penden-

664 3356 668 3364 “
718 3344 793 3400 tibus
811 3345 902 3403 animi.
937 3341 1066 3408 30‚15.:
1088 3354 1169 3412 aeger

719 3432 810 3488 animi.
832 3428 867 3507 al.
899 3456 932 3472 κ-
961 3425 1073 3483 Litteris
1103 3424 1184 3481 (leinv

720 3519 787 3574 ihus
805 3514 913 3587 omissis
931 3517 1122 3594 scriptumest
1137 3511 1175 3568 in·

719 3603 782 3661 Plllr
813 3603 1000 3672 ,moculienia
1029 3600 1059 3657 id
1084 3596 1166 3654 morlo

719 3689 795 3767 quod
812 3691 885 3746 domi
897 3697 1069 3767 praeceptum
1078 3687 1166 3744 erat“.

720 3777 755 3835 cl.
774 3779 801 3845 6,
819 3779 878 3836 aaa
908 3776 1016 3835 insidiis
1034 3776 1166 3832 instruen-

721 3862 765 3920 dis
782 3875 952 3940 quaerentem
970 3864 1066 3921 locum.

133 3974 178 4013 res
204 3955 292 4030 legum
318 3957 372 4012 iam
395 3963 521 4010 octauum
545 3963 580 4015 tr.
652 3952 694 4008 15.
722 3970 862 4029 magnam
894 3961 1009 4027 parum
1047 3946 1168 4029 morer

133 4043 172 4121 pl.
189 4043 314 4102 reiectos.
332 4074 366 4086 -
385 4040 421 4098 P:
440 4041 527 4098 fabius
542 4048 579 4118 qq

721 4036 757 4095 Μ.
770 4067 804 4082 -
822 4037 856 4094 P:
874 4054 996 4112 magnam
1011 4041 1114 4108 partem
1126 4035 1167 4090 ‘e'r'n

119 4128 162 4187 'u
172 4129 271 4189 mil.-·
280 4131 361 4190 llecc.
371 4127 580 4208 qoitltrncorltl.=
651 4128 694 4184 17.
706 4130 709 4135 ⁴
721 4117 1167 4196 «tantustantuaqoeatettn.

88 4233 120 4282 ¹1³.
133 4233 187 4282 tivi
200 4249 251 4295 pars
265 4235 296 4279 ll.
310 4219 328 4239 l

945 4209 987 4289 8.
