2618 4590
81 260 85 270 ,
144 192 209 263 198
605 202 714 267 amsa
730 204 790 265 vlt.

143 368 329 439 adiunctum
357 368 443 436 fama
469 367 607 453 ferebat,
639 366 736 459 legati
757 365 860 434 latini
888 365 929 433 ad
950 365 1090 435 Vulscos
1117 387 1249 434 conver·

143 485 212 544 tere
233 474 414 543 nuntiantes
438 473 615 542 exermtrnn
630 471 847 562 conscriptum
861 480 1083 561 onustumque
1104 469 1169 536 iam
1183 470 1250 538 suis

144 577 261 648 finibus
287 578 458 663 inminere,
491 578 567 645 inde
594 576 842 668 populabundos
869 575 902 642 in
930 598 1042 664 agrum
1066 573 1252 642 Romanum

127 664 298 752 ‘venturos
321 706 403 751 esse.
442 681 567 751 censuit
586 681 681 772 igitur
702 691 832 748 senatus
852 691 1001 748 neutram
1015 680 1251 771 neglegendam

14 792 23 817 '
114 798 213 856 trem
240 811 328 872 esse,
355 799 494 879 utroque
520 786 662 878 legiones
684 786 781 854 scribi
808 786 1022 876 consulesque
1049 787 1154 853 sortiri
1177 809 1253 877 pro·

143 891 263 982 yincias
285 892 386 961 iussit.
424 890 587 961 inclinavit
613 890 729 959 deinde
755 914 829 982 pars
855 892 958 959 maior
985 914 1081 959 curae
1102 890 1137 957 in
1157 890 1251 958 Etru·

143 984 237 1064 scum
260 997 398 1082 bellum,
418 1007 593 1089 postquam
620 996 732 1064 litteris
752 995 886 1087 Sulpici
914 995 1068 1079 consilis,
1102 996 1154 1064 cui
1175 995 1253 1062 Tar·

144 1099 234 1191 quini
254 1101 419 1193 provincia
441 1111 601 1184 evenerat,
628 1101 792 1192 cognitum
813 1113 864 1169 est
885 1100 1119 1192 depopulatum
1140 1123 1252 1191 agnam

144 1203 229 1274 circa
250 1205 412 1275 Romanas
434 1205 550 1274 salinas
571 1205 774 1296 praedaeque
795 1217 921 1296 partem
942 1206 975 1272 in
991 1204 1154 1273 Caeritum
1171 1204 1253 1271 fines

97 1319 133 1376 10
144 1320 291 1378 avectam
312 1320 346 1377 et
366 1309 453 1377 haud
475 1307 571 1378 dubie
593 1309 792 1378 iuventutem
819 1310 888 1378 eius
916 1308 1030 1402 populi
1061 1309 1143 1378 inter
1163 1332 1254 1401 prae

144 1412 272 1481 datores
300 1412 410 1483 fuisse.
446 1413 556 1505 itaque
577 1413 742 1483 Valerium
771 1415 939 1482 consulem
966 1413 1096 1482 Vulseis
1125 1414 1254 1504 opposi-

144 1525 216 1587 um
237 1529 406 1610 castraque
429 1519 470 1586 ad
496 1518 595 1588 finem
616 1518 837 1587 'lbrsculanum
863 1519 1038 1586 habentem
1065 1529 1255 1586 revocatum

144 1619 219 1689 inde
240 1635 371 1692 serratus
393 1623 582 1700 dictatorem
603 1622 709 1692 dicere
730 1622 837 1691 iussit:
859 1622 900 1691 T.
921 1622 1078 1691 Manlium
1093 1621 1130 1691 L.
1152 1622 1256 1690 filium

145 1723 234 1797 dixit.
270 1727 299 1797 is
324 1750 402 1797 cum
428 1727 489 1796 sibi
516 1727 704 1820 magistrum
732 1727 879 1823 equitum
900 1725 940 1795 A.
967 1726 1155 1796 Cornelium
1176 1726 1254 1795 Cos-

109 1950 111 1955 ‘
162 1945 190 2006 1.
217 1946 450 2027 neglegendam:
479 1945 503 2003 P
529 1946 607 2006 beid.
629 1950 665 2020 r.]

213 2030 406 2109 negligendam.
417 2064 451 2075 -
464 2030 492 2091 Μ
503 2053 540 2096 m.
552 2034 590 2094 l.=
603 2054 665 2100 nec,-

214 2117 373 2194 legemdam.
401 2141 437 2178 m.
455 2122 496 2180 3.=
522 2119 666 2197 negligem-

150 2240 158 2253 ·
216 2205 288 2267 dam.
305 2240 340 2253 -
358 2207 433 2267 Harl.
450 2225 484 2266 r.:
502 2217 564 2264 utro
582 2207 664 2282 legio·

214 2312 265 2349 nes
282 2294 373 2350 scribi.
529 2356 532 2363 ⁴

163 2379 190 2436 6.
217 2379 372 2437 inclinauit
388 2380 497 2437 deinde
511 2399 586 2455 pars
603 2399 663 2437 ma-

215 2465 419 2525 toreumata
438 2476 587 2525 muscum
604 2468 665 2524 bel·

214 2553 293 2611 lu'mr
310 2551 385 2613 blm.
402 2551 515 2615 u-ll
532 2573 569 2612 m.
587 2553 663 2612 1.Pr

215 2640 246 2695 in
263 2645 376 2698 obunca
392 2639 500 2702 bellam.
519 2671 553 2682 -
573 2639 663 2701 Oxou.

215 2722 263 2785 (lt
276 2726 444 2796 „inclinatur
455 2726 594 2786 deinde⁴‘:
614 2727 663 2784 sed

215 2811 250 2875 ci.
268 2834 310 2875 ex.
327 2833 367 2891 gr.
388 2819 415 2885 3,
432 2817 489 2876 61.=
513 2799 664 2873 si'fortuua

214 2897 280 2957 belli
301 2901 421 2963 inclinet.
444 2933 479 2944 —
502 2900 570 2961 Palt
593 2905 619 2964 1.
635 2905 663 2963 3.

77 3020 85 3039 .
214 2982 295 3046 Voss.
313 3007 341 3048 11.
359 2988 406 3048 al:
429 3009 493 3066 pars
510 2992 597 3047 maior
616 3009 662 3048 cu-

214 3073 281 3129 riae.

162 3158 190 3217 7.
219 3158 379 3235 Tarquinir
391 3158 437 3235 Μ]
449 3159 590 3237 Tarquinii
601 3163 663 3235 (P).

216 3275 251 3288 -
268 3242 333 3302 PM:
352 3243 468 3324 Sulpicii
485 3252 557 3308 cois.
570 3280 605 3291 -
622 3249 663 3308 lla

214 3334 375 3411 prouinciae
403 3343 522 3396 uenerat.
554 3334 630 3396 Harl.
644 3357 663 3400 r.

215 3418 293 3480 Leia
306 3439 341 3481 ιε
358 3422 499 3502 prouincie
516 3428 637 3485 reborat.

160 3506 188 3567 9.
211 3508 406 3586 praedaeque
419 3518 536 3585 partem
547 3511 579 3569 in
591 3512 663 3568 Cae-

215 3594 310 3652 rr’tam
324 3598 410 3672 finer
435 3607 585 3657 auectam.-
614 3598 664 3657 ΡΜ

215 3677 289 3737 llarl.
298 3700 315 3740 r.
332 3680 409 3741 Leia.
420 3703 438 3743 r.
452 3716 486 3729 -
498 3684 578 3745 blulti
592 3707 663 3748 rece.

218 3765 312 3826 codd:
331 3770 485 3840 adnectam.
497 3804 531 3816 ·-
541 3773 584 3832 fd:
596 3815 613 3843 ‚‚
620 3794 663 3832 ce·

216 3856 334 3915 ritum“:
353 3866 380 3913 et
391 3857 442 3915 hac
456 3857 544 3917 littera
562 3882 578 3917 e
595 3860 663 3918 illud

216 3961 315 4003 nomen
333 3945 406 4004 lull
424 3955 482 4005 toto
503 3949 557 4011 boc
575 3951 663 4029 capite

806 1949 938 2025 scriptum
955 1955 1005 2006 est.
1023 1975 1059 1991 -
1076 1944 1118 2004 lla
1137 1956 1165 2002 et
1182 1945 1255 2002 baud

807 2035 920 2094 dubiae.
955 2032 999 2094 Cf.
1018 2033 1255 2103 u,36.1.eid.1.=

805 2130 835 2178 et
851 2120 924 2179 baad
942 2122 1035 2181 dubio.

738 2211 782 2269 11.
809 2211 911 2286 itaque
931 2208 1256 2269 Valeriumcoe..·l>l1.

807 2324 842 2339 -
852 2293 892 2351 ll:
906 2294 1001 2357 uolcis.
1011 2327 1046 2342 ·-·
1057 2296 1093 2354 P:
1106 2284 1256 2366 „b-t'man·

804 2382 879 2440 lium.
897 2382 916 2441 l.
928 2382 948 2442 f.
965 2384 1066 2444 «initu
1082 2383 1123 2441 bl:
1142 2384 1257 2453 „dicere

804 2469 884 2526 iussit
901 2469 1044 2528 manilium
1071 2470 1120 2531 tf.
1136 2474 1141 2543 Ι
1157 2471 1255 2533 dictu
1283 2542 1287 2548 ι

758 2580 761 2587 ·
803 2554 878 2613 Harl.
890 2575 908 2615 1.
926 2555 1003 2616 Leid.
1015 2576 1048 2616 a:
1066 2579 1113 2626 „a
1124 2559 1255 2618 manlium

803 2641 823 2703 l.
840 2642 860 2702 f.
879 2641 986 2703 duxit“.
1017 2643 1096 2705 Voss.
1114 2665 1145 2706 r.=
1164 2667 1255 2715 „eum

805 2739 827 2790 t.
846 2728 974 2788 manliam
990 2728 1010 2789 l.
1029 2730 1048 2791 f.
1072 2732 1173 2792 dirim.
1201 2733 1255 2792 Lo·

803 2816 857 2877 vel.
873 2827 1008 2901 1.2,·„tam
1020 2827 1040 2878 t.
1054 2819 1183 2879 manlium
1200 2822 1219 2881 1
1235 2821 1255 2881 f.

804 2904 953 2965 dixit“.-·
972 2905 1164 2986 Numantiqua
1173 2929 1255 2966 manu
1277 2966 1281 2981 ,

803 2995 936 3071 scriptum
961 2992 1042 3050 luerit
1074 2995 1191 3065 „coasrl
1221 2994 1255 3054 Τ.

802 3078 932 3136 litabam
942 3077 973 3136 L.
989 3079 1129 3141 tdixit‘u
1148 3114 1183 3125 -
1200 3081 1252 3141 Illo
1275 3072 1280 3099 ²

805 3174 927 3244 tempore
944 3168 1025 3225 etiam
1048 3173 1095 3248 qui
1114 3170 1256 3230 consulatu

805 3271 862 3309 non
887 3263 978 3312 essent
1000 3255 1086 3316 suncti
1107 3257 1256 3316 dictatores

805 3338 861 3397 dici
878 3343 1014 3418 potuisse,
1042 3364 1103 3402 cnm
1127 3345 1255 3404 aliatum

801 3428 832 3495 8,
842 3429 886 3488 12.
895 3429 1002 3500 docent,
1012 3433 1060 3489 ubi
1068 3432 1148 3491 brec:
1159 3433 1254 3502 „llam

804 3513 859 3572 lius
875 3517 970 3575 consul
991 3551 1026 3564 -
1045 3519 1205 3580 dictatorem
1221 3521 1255 3584 Ia.

803 3601 942 3681 Papirium
959 3604 1102 3677 Crassum,
1131 3612 1255 3686 quitum

804 3689 876 3748 forte
893 3702 952 3748 erat
962 3704 1081 3769 praetor,
1099 3695 1199 3757 dirim.
1222 3696 1255 3758 Τ.

805 3776 920 3837 Manlius
934 3779 967 3840 1..
986 3780 1005 3841 f.
1023 3784 1119 3840 consul
1135 3787 1255 3860 primum

805 3875 911 3924 creatas
929 3877 971 3924 eat
988 3889 1012 3927 a.
1030 3889 1057 3929 a.
1081 3890 1105 3932 c.
1125 3874 1188 3936 407.
1217 3873 1254 3932 ci.

802 3949 865 4013 Lir.
881 3957 908 4021 7,
926 3956 969 4014 m.
