2618 4590
521 268 630 330 arana
646 210 709 329 κηιι
1030 252 1033 262 ’
1098 256 1164 326 985

62 455 143 500 esse.
182 457 243 502 nec
265 433 352 500 enim
374 455 459 500 nunc
482 432 557 521 quia
572 431 682 499 dolent
695 430 841 497 iniuriam
863 442 1029 520 acceptam
1039 431 1163 505 Samni·

61 547 110 604 tes
132 539 191 604 sed
213 538 288 627 quia
309 537 450 654 gaudent
475 536 616 604 oblatam
638 520 700 603 sibi
727 558 798 602 esse
827 558 974 618 causam,
1003 561 1164 629 oppugna·
1225 542 1256 625 ἐ,

43 651 131 710 ,tum
153 665 214 709 nos
236 641 368 709 veniunt
390 666 449 707 -t
477 664 518 707 an
540 640 568 707 si
589 640 669 709 ultio
691 641 756 707 irae
783 641 865 708 haec
888 651 921 708 et
949 664 1016 708 non
1038 641 1164 715 occasio

60 745 241 836 cupiditatis
264 747 441 836 explendae
463 734 558 830 Usset,
579 769 695 836 pamm
716 745 776 814 luit
798 745 886 836 quod
909 745 1010 812 semel
1032 746 1065 812 in
1086 745 1166 812 Sidi·
1276 775 1279 779 ·

62 850 137 917 cino
167 876 242 941 agro
271 852 387 919 iterum
415 852 448 918 in
470 851 645 942 Campania
671 851 741 941 ipsa
768 851 910 942 legiones
938 862 1063 920 nostras
1085 851 1200 918 ceci-5

64 954 163 1021 dere?
199 981 282 1046 quae
311 969 361 1025 cst
381 957 442 1024 ista
469 968 538 1023 tam
558 956 672 1024 infesta
702 957 748 1022 ira
777 980 876 1047 quam
898 980 956 1046 per
982 957 1061 1023 duas
1083 955 1167 1022 acies

61 1057 154 1125 fusus
175 1061 302 1152 sanguis
325 1062 456 1152 explere
477 1085 544 1128 non
558 1061 718 1152 potuerit?
741 1047 822 1128 adde
845 1061 909 1129 huc
924 1061 1168 1152 populationem

63 1187 213 1252 agrorum
240 1168 375 1256 praedas
402 1166 571 1234 hominum
598 1177 695 1256 atque
723 1167 886 1256 pecudum
912 1177 999 1233 actas
1022 1163 1168 1231 incendio
1204 1221 1208 1233 .

59 1267 207 1335 villarum
230 1295 268 1338 ac
288 1271 397 1369 ruinas
418 1271 526 1339 omnia
552 1271 637 1337 ferro
666 1269 794 1361 ignique
816 1282 956 1339 vastata:
979 1310 1024 1321 -
1046 1267 1168 1335 hiscine

59 1372 108 1440 ira
130 1375 250 1465 expleri
272 1401 339 1445 non
359 1377 484 1468 potuit?
520 1376 578 1442 sed
601 1375 756 1464 cupiditas
779 1376 938 1466 explenda
962 1386 1025 1444 est:
1055 1398 1103 1441 ea
1126 1371 1168 1438 ad
1181 1383 1217 1438 1o

63 1482 311 1570 oppugnandam
339 1481 485 1572 Capuam
512 1479 609 1569 rapit,
639 1491 694 1546 aut
722 1481 829 1547 delere
856 1481 971 1548 urbem
998 1475 1170 1569 pulcherri-

60 1606 158 1659 mam⁴
171 1596 226 1653 aut
247 1587 308 1677 ipsi
330 1587 494 1677 possidere
516 1585 648 1652 volunt:
671 1585 730 1651 scd
752 1609 811 1653 vos
833 1586 940 1676 potius
956 1583 1093 1651 Romani
1115 1582 1169 1648 be-

61 1688 178 1757 neficio
201 1702 309 1758 vestro
334 1702 490 1780 occupate
513 1713 585 1757 eam
608 1713 707 1780 quam
728 1689 801 1756 illos
828 1687 950 1755 hahere
973 1712 1031 1779 per
1052 1685 1171 1753 malefi-

60 1793 149 1862 cium
172 1794 291 1863 sinatis.
328 1819 397 1862 non
418 1795 533 1884 loquor
556 1795 641 1884 apud
669 1805 874 1862 recusantem
903 1793 986 1859 iusta
1008 1791 1094 1858 bella
1115 1814 1171 1880 po-

79 1934 105 1994 l.
135 1955 190 1991 nec
202 1937 278 1992 enim
290 1954 368 1992 nunc
380 1936 451 2010 quio
465 1935 582 1992 dolent.-
724 1937 797 1992 tuit.-
808 1933 844 1994 ll.
856 1966 891 1976 -
904 1932 938 1990 P:
957 1932 1062 1988 hiscine
1072 1933 1113 1988 ira
1128 1949 1173 1986 ex·

100 2030 102 2034 '
135 2021 166 2078 Ρ.
181 2022 269 2079 —lll:
288 2043 340 2078 nec
356 2026 427 2079 enim
446 2029 480 2078 irc
496 2043 517 2099 ς
536 2022 582 2077 do·
724 2023 800 2097 plcre
824 2042 879 2078 non
906 2022 1003 2098 potuit.
1028 2050 1063 2060 -
1093 2016 1173 2074 Recc.

131 2108 197 2167 lent.
726 2109 807 2169 codd.
827 2109 872 2165 alii
884 2109 1032 2176 haeccine,
1050 2105 1096 2160 alii
1114 2103 1174 2160 lic-

81 2197 110 2254 3.
138 2217 179 2252 on
197 2197 227 2252 si
243 2198 316 2254 ultio
335 2195 391 2264 (liz
414 2195 502 2267 ulcio)
520 2197 584 2254 irae
633 2219 641 2237 ¹
725 2198 797 2254 cine.
964 2245 971 2255 i

136 2283 209 2340 daec
233 2293 261 2340 ct
284 2305 344 2340 non
367 2284 483 2338 occasio
505 2284 583 2356 cupi·
656 2285 698 2342 10.
727 2304 763 2340 eo
792 2283 837 2339 od
865 2280 1097 2362 oppugnandam
1118 2280 1174 2336 Ca·

136 2370 239 2427 ditatis
255 2370 424 2447 explendae
436 2379 516 2431 essct
530 2391 583 2444 pa·
650 2380 654 2388 “

47 2527 56 2539 .
139 2477 205 2513 rum
220 2457 287 2530 fuit
305 2466 368 2513 cet:
393 2455 452 2514 ΡΜ.
483 2456 584 2526 „Odor

140 2545 212 2611 aber,
230 2565 310 2601 wenn
323 2545 363 2600 iic
376 2563 428 2600 nur
439 2545 515 2600 ihren
527 2543 584 2600 Un-

53 2642 59 2653 ·
93 2624 229 2687 ''willen
264 2633 331 2687 iiber
367 2631 412 2686 die
448 2633 585 2708 geleistcte

135 2716 217 2774 Hiille
247 2717 384 2773 anslassin
419 2720 475 2777 und
510 2719 586 2774 nicht

136 2804 267 2862 vielmehr
286 2805 329 2861 die
342 2804 516 2880 Gelegenhcit
527 2806 585 2860 ihre

137 2891 271 2953 Raublost
289 2912 323 2947 zu
341 2891 432 2947 stillen
456 2891 587 2966 crgreilen

137 2979 259 3049 wollino,
277 2980 378 3036 lonnte
390 2979 473 3035 ihnen
492 2978 526 3034 da
539 2979 590 3035 dos

50 3100 56 3117 ι
137 3067 587 3144 nichtgentigendalssie“u.s..w.

84 3157 112 3214 6.
142 3173 220 3228 quoe
242 3164 288 3210 cst
311 3157 370 3212 isto
393 3163 456 3212 iam
474 3154 588 3227 infesto

138 3242 186 3296 ira
210 3259 300 3316 quam
321 3262 375 3316 per
400 3243 478 3299 duos
506 3244 587 3299 acics

132 3325 231 3399 susus
249 3332 374 3406 sanguis
387 3332 509 3404 explere
527 3350 588 3386 non

120 3416 285 3492 *potuerim
305 3415 334 3474 P.
347 3447 380 3456 —
399 3415 440 3474 M:
461 3427 588 3494 quaeest
639 3493 646 3507 N

66 3541 70 3545 -
142 3503 194 3559 ista
216 3511 271 3558 iam
295 3502 392 3559 inlcsla
417 3507 457 3560 ira
477 3527 499 3583 p
521 3505 587 3561 duas

141 3591 213 3645 acies
223 3589 299 3646 lusus
314 3592 319 3658 Ι
335 3594 473 3666 sanguinis
483 3592 589 3668 explere

137 3671 198 3732 ‘non
214 3679 343 3754 potuerit.
361 3709 395 3719 -
414 3678 445 3734 ln
463 3677 540 3737 held.
558 3699 590 3738 nr

142 3763 274 3838 „explere
286 3784 341 3819 non
358 3770 518 3838 potuerat“
535 3787 591 3822 non

140 3849 224 3908 latine
232 3855 363 3930 scriptum
375 3862 424 3921 est,
435 3873 494 3909 cum
502 3873 591 3930 quom

140 3942 270 4015 potuerit
293 3941 420 4003 idemsit
442 3939 516 4018 quod
537 3950 592 4008 „ut

145 4046 205 4084 cam
223 4027 331 4101 explere
348 4048 402 4084 non
419 4029 578 4102 potuerit“.

88 4116 116 4172 9.
146 4113 259 4174 hiscine
277 4117 324 4173 im
337 4117 455 4195 expleri
466 4136 525 4173 non
539 4135 591 4193 po·

722 2388 815 2446 puom
833 2361 927 2446 rapit:
945 2369 981 2427 M.
999 2400 1035 2414 -
1062 2365 1098 2424 P:
1116 2365 1175 2435 „ad

726 2459 942 2537 oppugnandum
950 2460 1090 2536 capuam“:
1102 2453 1176 2533 quod

726 2566 783 2602 non
806 2548 895 2602 minus
916 2564 1011 2604 verum
1036 2563 1096 2601 esse
1117 2549 1176 2619 pot·

726 2643 776 2702 cst,
790 2652 850 2689 oum
860 2633 891 2692 h.
904 2633 989 2689 mulio
1002 2633 1111 2710 saepius
1124 2629 1177 2685 hoc
1276 2652 1280 2659 ·

727 2713 861 2795 gerundio'
878 2740 944 2775 usus
967 2721 1017 2787 sit,
1044 2738 1125 2794 quam
1143 2736 1177 2772 ex

728 2825 797 2864 rece.
817 2805 891 2864 editt.
911 2805 997 2863 videri
1014 2807 1111 2881 possit.
1157 2860 1161 2869 ‚

694 2937 701 2951 .
729 2901 782 2949 out
801 2892 902 2948 delere
920 2893 1021 2949 urbem
1040 2889 1197 2965 pulcher-¹

729 2980 836 3034 rimam
862 2988 916 3035 aut
937 2981 998 3055 ipsi
1019 2977 1178 3057 possidere

730 3067 850 3124 uolunt:
869 3065 899 3127 P.
918 3096 953 3110 -
979 3064 1020 3124 M:
1043 3074 1113 3135 „aut
1130 3063 1176 3120 dc·
1262 3085 1264 3088 ⁴

728 3153 784 3211 lere
802 3155 896 3211 urbem
908 3153 1117 3230 pulcherrimam
1132 3160 1178 3208 aut

729 3243 817 3320 ipsam
835 3244 971 3320 possideri
995 3241 1122 3325 uolunti‘.
1152 3241 1178 3294 si

730 3334 826 3405 ipsam
855 3350 949 3386 verum
980 3334 1034 3395 cst,
1069 3325 1178 3382 Livium

729 3429 799 3487 „aut
817 3418 877 3492 ipsi
894 3435 960 3472 eam
976 3412 1118 3491 possidere
1132 3433 1180 3469 vo·
1248 3412 1254 3423 ⁸

731 3504 813 3561 lunt“
832 3507 975 3582 scripsisse
994 3511 1109 3580 oportet.

662 3595 705 3651 12.
731 3593 788 3648 scd
805 3612 860 3647 uos
876 3594 977 3666 potius
999 3590 1117 3647 romani
1130 3588 1180 3644 dc·

733 3679 838 3754 neficio
853 3688 951 3735 uestro
963 3687 1102 3754 occupate
1114 3695 1180 3732 cam

735 3785 826 3842 quom
845 3766 914 3822 illos
927 3764 1037 3823 habere
1053 3785 1107 3840 per
1119 3783 1180 3818 ma·

733 3853 863 3927 leflcium
875 3855 997 3911 maath.-
1016 3851 1072 3908 ΡΜ.
1087 3848 1180 3906 -lla-

732 3961 817 3998 vere:
857 3942 934 4010 „sed
969 3943 1060 4019 polius
1096 3942 1181 3995 uos“.

732 4027 807 4083 ldem
825 4027 896 4086 liber
913 4026 1013 4108 aliique
1030 4047 1114 4087 rece:
1132 4044 1182 4102 poc

733 4114 897 4176 uiolentiam.
