2618 4590
164 245 222 323 98ι
629 256 741 316 amau
756 256 802 318 u

164 435 231 491 tus:
253 394 368 493 Vulsci
381 421 493 506 obiso
507 421 651 488 desertos
672 420 713 486 ab
736 420 782 488 eis
803 421 912 489 ridere
926 444 1065 512 quorum
1085 421 1201 511 fiducia
1213 445 1263 489 re-

1249 376 1255 415 l

163 528 373 612 bellaverunt,
404 525 520 593 relictis
548 526 658 593 castris
684 524 853 593 moenibus
881 527 994 596 Satrici
1020 551 1057 594 se
1085 527 1261 594 includunt.

164 655 248 723 qnos
269 622 371 723 primo
387 631 539 699 Camillus
560 631 647 699 vallo
670 630 864 700 circundare
886 642 921 698 et
939 642 1164 722 aggeremque
1186 654 1262 721 ope·

163 737 251 803 ribus
272 760 454 826 oppugnare
470 748 519 803 est
533 735 676 803 adortus:
700 758 783 824 quae
796 746 968 826 postquam
983 736 1070 802 nulla
1092 737 1260 824 eruptione

134 841 295 931 sinpediri
314 842 410 923 videt,
431 841 537 906 minus
560 863 631 906 esse
653 840 749 908 animi
769 852 855 908 ratus
877 841 911 907 iu
931 840 1024 907 hoste
1047 865 1145 930 quarn
1166 852 1204 907 ut
1225 841 1260 908 iu

163 970 205 1015 eo
224 957 290 1021 tam
311 944 417 1013 lentae
439 944 509 1035 spei
528 943 693 1013 victoriam
715 956 912 1036 expectaret,
934 944 1118 1017 cohortatus
1141 946 1260 1012 milites

160 1073 204 1121 nc
229 1060 395 1139 tamquam
417 1049 515 1117 Veios
543 1061 761 1139 oppugnantes
790 1051 824 1117 in
853 1044 955 1140 'opere
981 1048 1157 1139 longinquo
1186 1074 1258 1117 sese

160 1165 315 1236 tererent,
335 1154 502 1222 victoriam
523 1153 557 1220 in
577 1154 723 1221 manibus
745 1178 830 1239 esso,
853 1154 972 1244 ingenti
991 1154 1128 1220 militum
1151 1153 1257 1220 alacri·

65 1259 67 1263 ’
159 1269 225 1325 tate
246 1258 373 1327 moenia
394 1259 534 1347 undique
555 1258 721 1348 adgressus
735 1259 833 1329 scalis.
844 1259 997 1350 oppidum
1013 1259 1107 1348 cepit.
1146 1259 1258 1330 Vulsci

113 1378 150 1433 1⁰
162 1364 293 1431 abiectis
315 1363 409 1430 arnis
428 1387 503 1430 sese
525 1363 721 1432 dediderunt.

247 1467 304 1536 IX.
349 1468 500 1535 Cetennn
527 1469 651 1535 animus
680 1468 768 1535 ducis
795 1466 842 1534 rei
867 1467 978 1533 maiori
1002 1465 1098 1534 Antio
1125 1467 1255 1535 inmine-

65 1635 67 1645 ,
158 1571 227 1639 bat:
249 1571 281 1637 id
303 1583 400 1661 caput
413 1572 606 1640 Vulscorum
628 1597 699 1640 eam
720 1571 817 1639 luisse
835 1572 988 1660 originem
1008 1571 1146 1660 proximi
1167 1571 1254 1641 belli.

157 1675 215 1742 sed
237 1676 310 1765 quia
331 1676 391 1743 nisi
412 1699 529 1766 magno
551 1688 705 1767 apparatu
726 1713 770 1725 —
791 1675 957 1748 ramentis
978 1674 1195 1765 machinisque
1210 1714 1255 1728 —-

156 1789 224 1847 tum
244 1779 347 1847 valida
368 1781 444 1847 urbs
467 1781 538 1871 capi
559 1805 625 1847 non
646 1792 782 1872 poterat,
803 1782 913 1848 relicto
936 1781 977 1846 ad
994 1780 1168 1846 exercitum
1190 1781 1254 1847 col-

111 1883 227 1974 15lega
248 1883 385 1958 Romam
407 1896 456 1953 est
477 1885 648 1975 profectus,
669 1897 706 1953 ut
727 1897 874 1971 senatum
895 1886 935 1951 ad
958 1886 1170 1959 exhidendum
1190 1884 1253 1950 An-

154 1989 235 2056 tium
256 1989 444 2061 humaretur.
481 1991 563 2057 inter
583 2015 768 2058 sermonem
788 1990 857 2058 eius
879 2027 924 2038 —
946 1991 1041 2058 credo
1064 2014 1133 2059 rem
1147 1989 1252 2059 Antia·

153 2082 220 2162 tom
241 2094 468 2164 diumrniorem
488 2118 618 2163 manere
641 2097 700 2163 diis
723 2097 810 2163 cordi
832 2095 930 2162 luisse
951 2133 996 2152 ψ.-
1017 2095 1112 2185 legati
1134 2095 1174 2160 ab
1189 2094 1252 2162 Ne-

157 2324 198 2387 ,3.
226 2340 302 2399 artos
317 2324 412 2402 primo
426 2323 571 2387 Camillus.
584 2324 667 2382 uallo

77 2474 81 2481 .
223 2411 421 2468 circumdare:
439 2409 495 2472 Plll.
508 2440 543 2453 -
562 2409 636 2468 Harl.
649 2430 666 2471 1.

128 2522 130 2534 ·
222 2492 300 2553 Leid.
313 2516 345 2554 r.:
364 2517 533 2574 quosquam
548 2499 591 2557 od
606 2519 666 2555 mo-

224 2585 296 2640 dum
318 2583 467 2642 Satricum
488 2587 623 2659 capiatur
646 2605 667 2640 a

126 2733 128 2736 y
223 2672 472 2748 Camilloprimum
481 2669 667 2730 Camilluscet.

223 2787 257 2797 -
269 2756 331 2815 Pillt
348 2760 436 2815 minus
449 2778 508 2814 esse
520 2761 604 2813 animi
614 2760 665 2813 ira·

220 2852 265 2901 lus
283 2845 312 2900 in
330 2845 601 2907 hoste.—ll1m.l.:
620 2865 664 2903 cx·

221 2942 368 3009 pectorem.
386 2956 420 2992 m.
433 2937 475 2993 3.:
492 2942 653 3011 expectaret.

167 3020 194 3074 7.
221 3039 259 3073 nc
282 3028 434 3095 tamquam
457 3021 547 3077 Veios
576 3042 664 3095 oppu-

119 3127 124 3145 r
219 3113 348 3189 guantes
375 3107 406 3159 in
437 3125 524 3179 opere
549 3107 664 3180 longin-

148 3230 163 3261 ‚
222 3194 367 3266 quo‘sosa
384 3199 525 3253 tererent:
546 3190 568 3246 P
585 3213 620 3250 m.
638 3195 665 3251 2.

148 3266 151 3271 ¹
219 3278 281 3336 cod.
298 3276 384 3337 Rhea.
408 3309 443 3325 -v
471 3277 494 3334 P
517 3298 556 3344 ur.¹
576 3281 600 3337 1.
622 3277 662 3335 lll:

219 3386 301 3434 „sese
318 3371 480 3429 terrerent“.
506 3366 572 3432 iude
592 3387 662 3426 recc.

219 3453 340 3528 quidam:
358 3474 440 3524 „sese
457 3459 612 3514 tenerent&

155 3541 191 3596 dl.
218 3539 325 3597 Vulsci
340 3543 460 3600 abiectis
483 3543 576 3605 armis
594 3563 661 3598 sese

176 3680 179 3689 ,
221 3625 416 3682 dediderunt:
434 3627 490 3691 Pu.

76 3764 80 3773 .
149 3714 196 3771 11.
221 3720 350 3772 ceterum
370 3716 486 3771 animus
509 3716 592 3773 ducis
617 3718 664 3771 rai

219 3801 329 3856 maiori
344 3803 425 3855 antio
441 3804 611 3861 inminebat:
629 3803 660 3862 P.

216 3914 251 3930 -
269 3885 309 3944 ld:
329 3889 457 3951 animum.

147 3974 191 4034 12.
217 3973 252 4031 id
279 3972 368 4050 caput
397 3965 565 4037 vulscorum
594 3999 662 4037 eam

208 4061 314 4144 fuisse
350 4065 492 4144 originem
511 4077 512 4080 ’
529 4069 663 4142 proximi

809 2325 894 2383 belli:
912 2322 968 2382 ΡΜ.
987 2322 1143 2389 Cl.3,10.:
1161 2321 1190 2376 id
1208 2341 1251 2376 ca·

741 2398 746 2408 ¹
806 2423 857 2486 put
874 2427 918 2467 eas
937 2413 1008 2469 vires
1027 2406 1091 2465 belli
1109 2428 1176 2487 esse.
1196 2407 1229 2466 al

738 2499 780 2557 14.
808 2501 909 2556 relicto
936 2499 981 2554 ad
1005 2499 1167 2554 exercitum
1192 2498 1250 2553 cal-

806 2587 891 2664 tego.-
909 2584 940 2647 P.
957 2616 992 2626 -
1010 2578 1049 2641 tl}
1067 2584 1166 2658 colega.

736 2673 781 2739 17,
807 2674 866 2731 diis
884 2673 970 2729 cordi
979 2671 1099 2744 fuisse:
1117 2669 1175 2730 PM.
1206 2669 1249 2729 Cl.

807 2763 832 2829 1,
845 2763 904 2819 39.:
923 2761 1011 2817 evenit
1023 2757 1100 2814 facile
1112 2758 1185 2833 quod
1197 2758 1250 2815 diis

807 2847 884 2904 cordi
901 2857 980 2906 esset.
1009 2848 1040 2915 6,
1058 2848 1115 2904 uu:
1138 2866 1188 2920 nec
1206 2845 1249 2902 dis

791 2922 886 2991 ¹cordi
918 2933 1002 2991 inisse
1032 2954 1146 3011 poenam
1181 2935 1249 2991 eius.

805 3026 831 3088 9,
843 3025 878 3079 1.=
890 3023 1100 3100 quibuscumque
1109 3020 1161 3076 diis
1171 3019 1248 3078 cordi

805 3107 856 3163 suit
865 3109 951 3182 subigi
962 3127 1011 3164 nos
1020 3110 1091 3166 -iis
1101 3129 1156 3167 nou
1164 3107 1248 3166 luisse

803 3193 880 3250 cordi
899 3204 949 3254 cet.

750 3308 785 3327 ι·-
803 3282 897 3359 legati
912 3283 950 3345 ab
961 3281 1073 3357 Nepete
1090 3303 1126 3345 ac
1143 3282 1247 3341 Sutrio

802 3369 950 3424 auxilium
980 3370 1129 3426 aduersus
1158 3371 1248 3432 Etru·
1286 3421 1289 3437 ,

803 3476 870 3511 ocos
881 3465 1026 3530 petentes:
1044 3455 1101 3521 Pul.
1119 3458 1248 3530 Sigonius

802 3563 836 3598 cx
862 3544 1055 3622 recentioribus
1085 3543 1248 3621 quibusdam

800 3629 878 3685 libris
896 3630 978 3686 scribi
990 3629 1076 3688 voluit
1093 3633 1131 3687 ab
1143 3632 1247 3705 Nepet.

802 3728 830 3777 ct
847 3719 887 3777 sic
904 3716 987 3775 Prisc.
1012 3721 1039 3786 6,
1057 3721 1083 3777 4.
1101 3721 1157 3779 2⁸2st
1177 3717 1247 3787 „Gir

802 3813 830 3860 ot
846 3804 934 3883 Nepet
956 3826 1054 3862 nomen
1078 3805 1173 3887 oppidi
1193 3805 1267 3860 Ita·.

800 3891 847 3948 lici
866 3893 1064 3950 indeclinabilia
1082 3898 1178 3953 sunt“.
1196 3892 1247 3949 sed

802 3980 837 4036 ci.
855 3981 925 4056 apud
934 3979 1040 4039 Livium
1050 3982 1076 4048 6,
1084 3983 1127 4040 21.
1136 3999 1142 4031 :
1152 3983 1245 4036 trium·

768 4056 874 4150 l'viros
891 4069 994 4146 Nepete
1017 4067 1138 4127 coloniae
1160 4068 1244 4126 dedu·
1277 4105 1281 4111 -
