2618 4590
118 264 226 338 „tlt
620 282 833 346 nissam

160 447 246 517 vitae
268 472 327 518 vos
349 448 496 517 comica
516 447 622 517 liabeo
645 448 800 536 Quirites,
826 459 860 517 et
879 447 931 515 laic
953 446 1024 536 ipse
1052 444 1172 512 honos
1196 442 1273 510 dela-

161 564 214 625 tus
235 554 275 622 ad
297 579 350 622 me
373 554 462 622 testis
484 565 533 623 est
553 554 752 623 innocentiae
781 578 887 623 meae:
922 575 1031 642 neque
1060 550 1160 617 enirn
1189 547 1272 641 quod

161 682 259 750 saepe
280 659 372 743 alias,
395 659 469 751 quia
489 659 532 727 ita
554 669 700 751 tempora
721 659 925 751 postulabant
945 655 990 723 rei
1012 655 1194 746 publicae,
1223 651 1271 744 qui

160 762 247 832 bello
269 764 461 833 clarissimus
481 774 567 832 esset
588 764 645 832 sed
668 766 725 856 qui
752 765 891 833 mamma
918 763 1031 854 procul
1062 763 1109 828 ab
1136 761 1191 828 his
1215 758 1269 828 coi-

102 957 109 971 !
132 866 299 937 ttonitus
322 869 419 937 vitam
442 868 572 960 egisset,
594 870 728 938 dictator
750 870 934 962 deligendus
957 867 1157 935 exercendis
1181 887 1269 957 quae

22 994 26 1001 ·
113 1026 116 1031 .
159 971 411 1043 stionibusiuitz
434 972 664 1064 sedquoniam
687 974 816 1066 quidem
833 975 957 1043 nobiles
973 971 1131 1040 homines
1148 1009 1196 1019 —
1212 993 1269 1060 qua

160 1077 202 1145 de
228 1101 341 1163 causa,
376 1102 435 1147 vos
462 1078 642 1146 existimare
670 1104 769 1170 quam
795 1103 848 1146 mo
875 1103 934 1171 pro
961 1076 1161 1167 magistratu
1188 1075 1268 1166 quic-

161 1206 259 1273 quam
280 1183 504 1272 inconpertum
533 1182 637 1251 dicere
659 1185 773 1252 melius
795 1197 848 1252 est
867 1224 910 1236 —
931 1183 1072 1275 primum
1103 1182 1198 1272 ipsas
1221 1204 1268 1246 ex-

159 1310 300 1378 pugnare
322 1287 524 1378 quaestiones
546 1288 634 1354 omni
656 1313 718 1378 ope
741 1288 841 1356 adnisi
861 1300 952 1372 sunt,
973 1287 1063 1371 dein,
1086 1299 1267 1377 postquam

113 1392 201 1459 toad
222 1391 255 1457 id
277 1416 392 1483 parum
412 1402 561 1483 potentes
582 1403 687 1476 crant,
708 1416 751 1460 ne
773 1415 904 1461 eausam
925 1392 1069 1463 dicerent
1088 1390 1129 1458 in
1153 1391 1267 1483 praesi-

159 1494 210 1563 dia
233 1496 484 1566 adversariorum
505 1497 752 1587 appellationem
774 1509 807 1565 et
820 1497 1022 1566 tribunicium
1035 1496 1202 1565 auxilium
1217 1520 1266 1587 pa·

158 1599 239 1685 tricii
260 1602 481 1694 confingemnt,
502 1613 667 1692 postremo
689 1601 809 1692 repulsi
829 1603 903 1671 inde
925 1640 969 1653 -
990 1603 1073 1671 adeo
1089 1603 1207 1670 omnia
1223 1612 1266 1668 tu·

114 1722 118 1734 ·
157 1703 358 1798 h'oraquam
379 1718 416 1775 ut
437 1706 650 1775 innocentiam
676 1731 768 1774 suam
795 1720 967 1799 purgarent
987 1707 1057 1776 visa
1078 1744 1128 1756 -
1151 1708 1186 1774 in
1208 1728 1266 1774 uos

157 1808 320 1879 inruerunt
347 1823 380 1879 et
399 1811 530 1902 privatis
558 1811 745 1880 dictatorem
766 1837 901 1904 poscere
928 1837 1021 1882 reum
1047 1811 1265 1880 verecundiae

17 1950 19 1955 Δ
109 1920 144 1979 tt
155 1936 222 1983 non
244 1915 311 1999 luit,
334 1927 370 1984 ut
392 1939 504 1984 omnes
527 1917 568 1983 dii
583 1917 795 2010 hominesque
809 1919 911 1987 sciant
926 1919 967 1986 ab
982 1916 1045 1984 illis
1060 1917 1164 1984 etiam
1181 1938 1264 2006 qrrae

155 2043 221 2087 non
243 2022 368 2111 possint
390 2023 538 2111 temptari
559 2046 599 2091 ne
621 2023 778 2093 rationem
793 2025 877 2092 vitae
888 2023 1031 2105 reddant,
1052 2045 1108 2087 me
1133 2020 1263 2090 obviam

154 2122 199 2192 ire
219 2125 342 2194 crimini
365 2137 398 2194 ct
419 2127 533 2198 offerre
555 2151 608 2196 me
623 2127 757 2197 inimicis
770 2153 872 2213 reum,
894 2127 1047 2196 dictatura
1063 2149 1118 2193 me
1135 2126 1261 2193 abdico.

177 2344 180 2349 -
218 2309 260 2366 P:
282 2330 332 2367 uos
355 2314 479 2369 conscios
501 2313 568 2369 abeo
586 2316 670 2392 quiri·
759 2319 785 2377 9.
801 2297 882 2375 'delta
901 2304 1061 2392 postquam
1082 2311 1130 2369 od
1153 2311 1189 2369 td
1211 2329 1261 2386 pa-

226 2403 276 2454 tes.
294 2426 330 2440 -·
353 2399 386 2452 l':
405 2403 580 2475 nequeenim
597 2401 670 2479 quod
812 2423 878 2462 rum
887 2412 1022 2479 potentes
1033 2408 1137 2458 nant:
1156 2397 1217 2457 Pul.
1230 2428 1263 2440 -

191 2536 195 2544 ,
224 2499 291 2557 sepe
309 2480 374 2539 alias
392 2501 411 2557 q
428 2487 463 2541 ita
486 2495 605 2564 tempora
622 2509 671 2566 po·
776 2526 779 2531 -
812 2487 892 2550 llrm
911 2493 937 2549 2.
955 2488 990 2546 P:
1008 2508 1043 2544 ne
1061 2506 1172 2544 causam
1190 2484 1263 2542 dice·

226 2567 361 2653 dolebant
379 2593 420 2648 rp.
438 2603 473 2617 -
495 2574 534 2630 ld:
553 2578 614 2654 quia
633 2578 670 2633 ita
814 2587 882 2637 rent.
899 2574 927 2634 Μ
944 2596 979 2636 m.
998 2580 1038 2634 1.=
1056 2574 1159 2632 dicent.
1173 2603 1208 2615 -
1225 2570 1261 2628 P:

159 2710 163 2717 .
219 2660 345 2730 &capara
367 2660 540 2736 postulabant
566 2670 607 2744 τῇ
636 2694 670 2705 -
812 2663 1028 2742 appellationum.
1045 2657 1260 2738 ffisappullatio·

156 2752 159 2767 ¹
225 2737 670 2828 Pm.1.:diotator.deligendoa.
812 2772 882 2810 uem.
901 2781 935 2793 -
957 2750 998 2808 ll:
1020 2758 1048 2805 et
1065 2745 1260 2805 tribunititium

171 2824 211 2884 fis
226 2826 284 2885 ud
299 2837 350 2905 qm
361 2834 482 2906 quidem
493 2839 607 2915 nobiles
620 2839 671 2897 Ito·
810 2838 947 2896 auxilinm.

203 2931 334 3080 ιιι
351 2916 463 3063 ιιι
480 2924 671 3072 reram
810 2972 889 3029 a
1166 2984 1262 3042 e

810 3069 845 3118 ut
865 3056 1062 3116 nascentiam
1082 3073 1170 3113 suam
1189 3072 1262 3129 pur-

808 3153 920 3226 garent
932 3148 1015 3202 uisa.-
1032 3142 1067 3204 ll.
1077 3176 1107 3188 -
1123 3140 1160 3199 1³2
1172 3141 1260 3210 „adeo

714 3270 721 3289 ι
809 3235 900 3291 omnia
918 3230 1016 3290 tutiora
1034 3249 1115 3310 quam
1131 3231 1260 3287 innocen·

809 3322 877 3378 tiam
897 3342 973 3379 snam
995 3326 1139 3398 purgarent
1164 3315 1256 3372 uisa“.

809 3404 918 3465 Excidit
941 3416 973 3463 ut
994 3407 1073 3460 etiam
1096 3396 1126 3458 iu
1142 3398 1223 3461 Laid.
1238 3421 1256 3460 ι.

808 3489 888 3554 Voss.
902 3510 930 3553 ιι.
941 3489 1084 3568 multisque
1102 3487 1164 3546 aliis
1177 3488 1257 3547 codd

110 3116 114 3125 ·
168 3128 171 3133 -
221 3086 318 3145 Noua
337 3092 670 3166 quibusdamhomiuibus
760 3128 763 3133 ·

223 3174 360 3234 nobilibus
376 3180 426 3243 sed
437 3182 472 3238 ab
484 3185 608 3244 universa
620 3207 668 3244 no·

38 3278 40 3287 ’
120 3328 122 3335 Ι
174 3282 177 3287 ·
223 3259 327 3321 bilitate
350 3265 509 3331 dictatorem
531 3275 668 3352 impugna·

222 3354 281 3405 tum
298 3368 358 3406 esse
375 3356 455 3429 paulo
473 3369 535 3417 aute
545 3361 618 3420 huuc
628 3363 668 3419 lo-

223 3452 284 3491 sum
307 3436 428 3512 legimus.
451 3473 486 3486 ·—
508 3445 581 3504 Dein
600 3452 667 3508 scri·

60 3559 62 3563 .
159 3544 165 3577 ;
189 3529 299 3597 :ptum
317 3533 359 3581 cst
375 3528 667 3614 iquatatlresiqua·

161 3662 165 3675 ,
224 3606 286 3666 dam
304 3613 462 3673 verboruma
484 3639 558 3689 „nos
576 3626 667 3680 existi
739 3625 783 3686 15.
809 3635 844 3683 ut
864 3644 968 3682 omnes
993 3624 1040 3680 dit
1059 3621 1258 3698 hominesque

222 3704 296 3753 mara
322 3719 403 3775 quam
428 3723 484 3778 pro
511 3727 558 3765 me
585 3713 666 3786 magi·
808 3714 920 3771 seiont:
938 3711 969 3772 P.
991 3709 1021 3766 ln
1039 3707 1067 3767 ll
1083 3711 1257 3788 praetermis·

220 3792 307 3842 amatu
329 3787 516 3867 inconpertum
541 3795 665 3857 dicere“.
807 3820 869 3858 sum
891 3809 933 3856 est
954 3818 1021 3875 que·
1048 3828 1082 3842 ···
1109 3796 1173 3853 Pll²
1201 3797 1258 3866 „ib

219 3867 290 3928 illac
308 3873 337 3929 in
354 3872 395 3931 lll:
422 3898 494 3946 „uos
511 3885 665 3942 existimem
805 3887 862 3946 illis
884 3888 966 3944 etiam
989 3906 1056 3964 quac
1074 3905 1129 3941 non
1147 3886 1259 3962 possint

220 3976 316 4026 mame
331 3961 337 4031 Ι
355 3981 406 4038 pro
435 3984 480 4023 ma
507 3973 663 4047 magistratu
805 3977 931 4051 temptari
960 3993 994 4030 ue
1020 3973 1152 4029 radone·
1184 3973 1257 4025 uim

220 4037 365 4115 ‘llffllum
397 4051 585 4125 inconpertum
622 4059 663 4116 di·
804 4058 951 4120 adnuet
972 4058 1137 4118 mula-rece.
1155 4052 1255 4113 codd:

220 4127 312 4181 “wi
804 4162 875 4214 quas
891 4161 947 4200 uon
964 4148 1090 4212 possunt.
