2818 4728
235 289 303 363 aaa
700 241 817 362 unna
834 301 870 366 r.

235 463 345 536 Curvo
367 489 410 534 ex
431 463 606 534 multaticia
628 463 706 533 item
726 463 879 555 pecnnia,
906 485 1005 554 quam
1026 473 1203 553 exegerunt
1225 486 1357 553 pecua-

234 569 288 642 riis
303 569 468 655 damnatis,
481 569 549 638 ludi
563 569 639 638 iacti
654 580 849 660 pateraeque
862 590 976 638 aureae
992 567 1033 636 ad
1044 567 1168 636 Cereris
1183 569 1336 658 positae.

323 671 444 748 XXIV.
489 674 531 764 Q.
558 675 632 744 inde
653 673 772 744 Fabius
800 671 948 762 quintum
974 681 1008 739 et
1033 669 1070 740 Ρ.
1098 669 1221 740 Decius
1254 697 1356 764 quar-

233 789 304 848 tum
325 779 531 878 consulatum
549 779 669 864 insum,
689 778 790 848 tribus
813 775 1031 846 consuantur
1045 798 1260 867 ‚censuraque
1288 779 1355 846 eol-

204 876 326 975 tiegae
348 907 409 954 nec
430 883 530 976 gloria
552 884 653 976 magis
673 907 782 952 rerum
809 905 893 974 quae
914 881 1025 972 ingens
1048 879 1116 950 erat
1144 905 1248 971 quarn
1276 906 1354 950 con
1384 859 1385 936 1

234 989 342 1060 cordia
364 989 447 1061 inter
468 1011 504 1060 se
526 988 613 1058 clari.
647 1011 731 1080 quae
751 1009 794 1056 ne
816 998 972 1078 perpetua
988 995 1082 1068 esset,
1104 984 1260 1056 ordinum
1286 1013 1352 1056 mo

233 1092 280 1184 gis
303 1117 401 1189 quam
422 1094 566 1183 ipsorum
587 1092 670 1162 inter
691 1115 727 1160 se
748 1102 912 1161 certamen
939 1089 1146 1160 intervenisse
1167 1113 1265 1176 reor,
1299 1117 1351 1183 pa-

200 1259 207 1274 ,
232 1196 329 1266 ericiis
350 1197 553 1268 tendentibus
569 1207 607 1268 ut
626 1195 744 1264 Fabius
766 1194 799 1266 in
815 1195 975 1266 Etruriam
993 1205 1083 1264 extra
1100 1194 1248 1263 ordinem
1276 1221 1350 1287 pro

231 1301 373 1374 vinciam
395 1301 538 1384 baberet,
559 1300 683 1391 plebeis
706 1299 889 1371 auctoribus
902 1299 1006 1370 Decio
1028 1309 1066 1366 ut
1088 1300 1128 1366 ad
1149 1311 1281 1368 sortem
1305 1326 1350 1369 re-

185 1417 380 1480 tovocaretc
404 1406 572 1476 iuit'certe
594 1403 756 1478 contentio
778 1405 811 1476 in
833 1415 956 1488 senatu,
978 1414 1013 1473 et
1026 1415 1199 1495 postquam
1222 1405 1272 1472 ibi
1290 1407 1348 1473 Fa-

231 1509 303 1578 bius
324 1510 398 1601 plus
424 1521 567 1603 poterat,
594 1522 745 1582 revocata
772 1533 825 1578 res
855 1507 895 1576 ad
923 1509 1082 1599 populum
1110 1520 1169 1578 est.
1206 1509 1242 1577 in
1270 1535 1347 1580 con·
1384 1587 1385 1612 χ

176 1599 180 1616 “
232 1614 319 1684 tione
342 1625 378 1682 ut
404 1615 486 1684 inter
512 1616 665 1685 militares
693 1616 779 1684 viros
807 1625 840 1683 et
872 1613 962 1682 iactis
989 1614 1097 1704 potius
1126 1637 1227 1704 quam
1249 1615 1346 1684 dietis

231 1717 330 1786 fretos
358 1742 461 1812 pauca
489 1719 588 1790 verba
616 1720 734 1790 habita.
770 1710 904 1802 Fabius,
931 1741 1029 1808 quarn
1051 1717 1198 1788 arborem
1229 1744 1346 1790 conse-

230 1822 353 1907 ruisset,
375 1824 435 1892 sub
458 1849 497 1895 ea
519 1825 625 1916 legere
648 1825 747 1894 alium
768 1823 908 1892 fructum
930 1822 1094 1913 indignum
1121 1845 1192 1891 esse
1216 1824 1345 1894 dicere:

184 1945 218 2002 11
230 1949 267 1994 se
290 1929 451 2018 aperuisse
467 1928 636 1998 Ciminiam
652 1929 765 1998 silvam
787 1927 937 2018 viamque
959 1952 1017 2018 per
1032 1927 1143 1996 devios
1159 1928 1262 1996 saltus
1279 1931 1344 2002 Ro·

228 2055 325 2104 mano
348 2031 435 2104 bello
457 2033 588 2106 fecisset
623 2032 700 2124 quid
722 2055 757 2103 se
780 2032 813 2102 id
835 2032 946 2104 aetatis
968 2030 1200 2116 sollicitassent,
1223 2033 1252 2100 si
1275 2035 1340 2104 alio

297 2222 443 2283 ,adtereris
455 2224 622 2306 edilposite.
640 2222 745 2283 Leidr.
818 2225 863 2283 11.
892 2225 923 2280 in
940 2224 1089 2280 contione:
1111 2241 1182 2284 recc.
1201 2225 1284 2285 codd.
1304 2259 1337 2269 —

299 2311 379 2372 Voss.
391 2332 420 2374 ιι.
432 2313 501 2376 Lov.
514 2316 553 2374 d:
567 2314 670 2383 „ianr“
684 2315 745 2390 (pro
888 2309 927 2368 bl:
950 2312 979 2368 in
998 2311 1125 2366 contione
1147 2320 1178 2366 ut
1198 2312 1271 2369 inter
1289 2318 1338 2371 mi-

205 2437 211 2458 .
298 2399 393 2467 dem).
886 2395 980 2456 litares
1000 2399 1074 2454 uiros
1092 2406 1144 2454 eet.
1166 2395 1201 2456 P:
1225 2401 1255 2456 in
1274 2421 1337 2456 con-

244 2483 270 2545 ³.
300 2483 335 2560 Q.
354 2485 548 2544 indeFadr'us
564 2485 745 2544 mnne·
803 2543 808 2552 ,
887 2485 1015 2542 tentione.
1034 2482 1113 2544 Leid.
1125 2503 1143 2542 1.
1161 2484 1231 2556 bor.
1243 2488 1269 2546 1.
1287 2487 1336 2548 ab:

296 2571 360 2628 eius
391 2580 530 2648 quartum
556 2573 745 2632 consulatum

297 2658 415 2718 beant.-
436 2658 467 2721 Ρ.
494 2689 529 2704 -
558 2657 704 2731 Mssaeid.
725 2679 743 2720 1.

225 2729 236 2757 ⁸
296 2742 376 2808 Voss.
390 2764 420 2806 ιι.
439 2745 506 2806 Lov.
521 2748 575 2816 1.)ι
591 2753 619 2825 q.
631 2748 695 2805 inde
707 2745 744 2804 ia·

296 2831 357 2890 biur
372 2845 392 2888 ε
410 2840 437 2912 p.
450 2832 543 2891 decius
556 2843 679 2912 quartum
692 2843 743 2894 cet.

887 2571 916 2628 in
935 2573 1144 2632 contentionem.

817 2659 860 2721 13.
888 2677 979 2735 quam
1005 2660 1142 2718 arborem
1169 2665 1335 2721 conseruis-

886 2755 947 2806 set:
967 2743 1014 2804 ΡΜ
1033 2745 1090 2804 rell:
1110 2777 1143 2790 ·-
1172 2745 1243 2808 cod.
1261 2749 1333 2825 sig.:

885 2835 1023 2894 seruisset.
1051 2832 1200 2915 qlareanm
1218 2837 1333 2894 malebat

296 2948 330 2965 ι·-
358 2919 418 2980 Pb:
445 2921 532 2980 tribus
560 2920 744 2980 consulatibus

296 3025 462 3084 censuraque
495 3006 627 3083 collegaea
657 3009 744 3083 „jetat

294 3112 361 3154 zum
381 3093 492 3152 dritten
506 3095 573 3155 Mol
589 3095 675 3153 dorob
693 3095 742 3152 das

294 3175 428 3238 Consulat
447 3181 582 3242 vereiut“.

240 3267 267 3329 9.
291 3267 404 3342 plebeis
434 3269 605 3326 ausoribus
631 3267 741 3327 Decio.-

292 3351 357 3426 PM]
377 3352 489 3430 plebeiis
508 3357 559 3416 oet.
583 3355 662 3424 „Die
680 3353 741 3411 Ple·

292 3440 367 3498 beier
392 3441 444 3502 den
467 3441 568 3498 Decius
591 3441 740 3500 aufforden·

291 3531 372 3590 teu“.
400 3527 434 3589 cs.
451 3529 485 3598 3,
503 3531 560 3592 ita
583 3519 739 3586 auctoribus

292 3616 340 3696 qui
364 3615 482 3676 aderant.
511 3647 545 3662 -
572 3614 657 3672 Paulo
676 3624 739 3674 anta

290 3699 341 3762 ΡΜ
352 3701 429 3762 [aeid.
438 3723 469 3764 ιε
482 3715 512 3762 ut
524 3703 611 3762 fabius
624 3705 656 3760 in
667 3712 738 3760 etru-

290 3792 357 3849 riam
380 3799 453 3872 extrq
480 3790 602 3850 ordinem
625 3792 737 3868 prouin-

290 3879 359 3938 ciam
373 3875 430 3950 (bb
443 3879 594 3956 prouintii)
613 3877 737 3940 baberetr

292 4005 309 4034 „
317 3964 380 4021 dass
393 3963 453 4022 deur
465 3963 565 4023 Fabius
578 3966 633 4024 der
641 3965 737 4046 Krteg

285 4069 385 4130 gagen
396 4051 537 4108 Etruriae
551 4051 622 4109 obna
640 4052 735 4110 darum

287 4153 321 4192 ru
332 4133 425 4196 looseu
440 4135 597 4214 iibertrageu
608 4137 732 4222 werde‘⁸.

885 2922 968 2978 scribi
1004 2922 1206 2990 consedisset,
1244 2945 1331 3002 neque

886 3009 1032 3088 quidquam
1050 3007 1156 3064 facilius
1169 3008 1228 3068 fieri
1243 3013 1331 3088 potuit
1381 3017 1382 3030 ¹

883 3115 963 3172 quam
982 3104 1013 3151 ut
1031 3115 1082 3152 aaa
1094 3094 1184 3154 littera
1202 3116 1220 3152 r
1238 3099 1271 3154 ab
1284 3099 1329 3154 aii·

884 3201 938 3260 quo
956 3179 1067 3262 llibrario
1081 3181 1230 3239 inconsulte
1249 3187 1329 3242 inter·

882 3277 1038 3346 poneretur.
1057 3299 1090 3310 -
1115 3266 1191 3328 Pm.
1212 3274 1249 3329 1.=
1269 3292 1331 3330 cou-

881 3357 1011 3412 aeruisset
1040 3363 1071 3411 et
1095 3355 1146 3411 sub
1179 3378 1209 3413 ea
1242 3357 1330 3434 legere

882 3441 964 3500 alium
982 3440 1098 3498 fructum
1111 3442 1249 3520 iudignum
1269 3467 1329 3503 esse

882 3529 980 3590 dicere.
1008 3528 1048 3588 nl:
1062 3531 1182 3592 *dicaret
1204 3561 1239 3576 -
1264 3533 1328 3591 Pu:

879 3637 912 3676 ae
941 3618 1081 3695 aperuisse
1111 3619 1247 3679 ciminianu
1281 3621 1327 3678 sil·

879 3723 950 3764 uam.
970 3702 1013 3764 Cf.
1033 3708 1058 3773 9,
1077 3705 1122 3764 36.

810 3793 854 3854 16.
881 3795 911 3850 si
924 3793 986 3850 allo
999 3792 1075 3849 duee
1088 3793 1208 3872 gesturi
1218 3792 1325 3850 bellum
1378 3843 1379 3850 ,

880 3888 995 3938 essent:
1021 3878 1048 3936 nl
1070 3899 1106 3938 m.
1128 3881 1153 3938 3.
1174 3877 1194 3934 P
1212 3876 1289 3942 Leid.
1306 3899 1324 3942 r.
1378 3897 1379 3930 r

877 3965 946 4026 bor.
960 3967 986 4022 1.
1005 3964 1055 4040 ab]
1073 3967 1098 4022 si
1116 3963 1170 4022 alio
1187 3963 1256 4023 duce
1268 3965 1323 4022 bel·

868 4047 931 4112 ium
949 4053 1051 4129 gestari
1068 4061 1168 4110 essent.
1187 4083 1222 4094 -
1242 4051 1269 4109 tl
1286 4071 1321 4110 m.

877 4143 917 4198 1.:
935 4139 1001 4220 quid
1018 4159 1049 4198 se
1066 4139 1094 4200 id
1114 4139 1319 4198 1111111εοῦἰοί-
1377 4185 1378 4236 ἐ
