<?xml version="1.0" encoding="UTF-8"?>
<!DOCTYPE html PUBLIC "-//W3C//DTD XHTML 1.0 Transitional//EN"
    "http://www.w3.org/TR/xhtml1/DTD/xhtml1-transitional.dtd">
<html xmlns="http://www.w3.org/1999/xhtml" xml:lang="en" lang="en">
 <head>
  <title>
</title>
<meta http-equiv="Content-Type" content="text/html;charset=utf-8" />
  <meta name='ocr-system' content='tesseract 3.04.00' />
  <meta name='ocr-capabilities' content='ocr_page ocr_carea ocr_par ocr_line ocrx_word'/>
</head>
<body>
  <div class='ocr_page' id='page_1' title='image "./titilivirerumro01alscgoog_0438.png"; bbox 0 0 2618 4590; ppageno 0'>
   <div class='ocr_carea' id='block_1_1' title="bbox 153 240 798 315">
    <p class='ocr_par' dir='ltr' id='par_1_1' title="bbox 153 240 798 315">
     <span class='ocr_line' id='line_1_1' title="bbox 153 240 798 315; baseline -0.008 -2"><span class='ocrx_word' id='word_1_1' title='bbox 153 243 220 313; x_wconf 62' lang='lat' dir='ltr'><strong>lli</strong></span> <span class='ocrx_word' id='word_1_2' title='bbox 623 240 733 315; x_wconf 74' lang='lat' dir='ltr'><strong>turtur</strong></span> <span class='ocrx_word' id='word_1_3' title='bbox 748 249 798 308; x_wconf 79' lang='lat' dir='ltr'><strong>tx.</strong></span> 
     </span>
    </p>
   </div>
   <div class='ocr_carea' id='block_1_2' title="bbox 75 412 1305 607">
    <p class='ocr_par' dir='ltr' id='par_1_2' title="bbox 75 412 1305 607">
     <span class='ocr_line' id='line_1_2' title="bbox 75 412 1262 506; baseline -0.012 -15"><span class='ocrx_word' id='word_1_4' title='bbox 75 485 79 491; x_wconf 90' lang='grc'><em>,</em></span> <span class='ocrx_word' id='word_1_5' title='bbox 156 433 208 489; x_wconf 81' lang='grc' dir='ltr'><strong>ιιι</strong></span> <span class='ocrx_word' id='word_1_6' title='bbox 230 420 296 487; x_wconf 87' lang='lat' dir='ltr'><strong>duo</strong></span> <span class='ocrx_word' id='word_1_7' title='bbox 323 417 378 485; x_wconf 88' lang='lat' dir='ltr'><strong>alti</strong></span> <span class='ocrx_word' id='word_1_8' title='bbox 405 415 531 506; x_wconf 73' lang='lat' dir='ltr'><strong>augurati</strong></span> <span class='ocrx_word' id='word_1_9' title='bbox 557 413 731 504; x_wconf 80' lang='lat' dir='ltr'><strong>silvosique</strong></span> <span class='ocrx_word' id='word_1_10' title='bbox 751 424 827 482; x_wconf 79' lang='lat' dir='ltr'><strong>erint</strong></span> <span class='ocrx_word' id='word_1_11' title='bbox 854 412 1015 482; x_wconf 82' lang='lat' dir='ltr'><strong>montibus</strong></span> <span class='ocrx_word' id='word_1_12' title='bbox 1041 412 1127 479; x_wconf 86' lang='lat' dir='ltr'><strong>eirea</strong></span> <span class='ocrx_word' id='word_1_13' title='bbox 1151 435 1262 501; x_wconf 86' lang='lat' dir='ltr'><strong>perpe·</strong></span> 
     </span>
     <span class='ocr_line' id='line_1_3' title="bbox 156 517 1305 607; baseline -0.01 -13"><span class='ocrx_word' id='word_1_14' title='bbox 156 525 220 594; x_wconf 79' lang='lat' dir='ltr'><strong>tuit</strong></span> <span class='ocrx_word' id='word_1_15' title='bbox 242 524 382 592; x_wconf 85' lang='lat' dir='ltr'><strong>interae</strong></span> <span class='ocrx_word' id='word_1_16' title='bbox 403 519 516 587; x_wconf 84' lang='lat' dir='ltr'><strong>iuncti=</strong></span> <span class='ocrx_word' id='word_1_17' title='bbox 549 519 633 587; x_wconf 88' lang='lat' dir='ltr'><strong>iacet</strong></span> <span class='ocrx_word' id='word_1_18' title='bbox 653 519 735 586; x_wconf 88' lang='lat' dir='ltr'><strong>inter</strong></span> <span class='ocrx_word' id='word_1_19' title='bbox 757 542 815 586; x_wconf 86' lang='lat' dir='ltr'><strong>eos</strong></span> <span class='ocrx_word' id='word_1_20' title='bbox 840 519 917 586; x_wconf 78' lang='lat' dir='ltr'><strong>ratis</strong></span> <span class='ocrx_word' id='word_1_21' title='bbox 938 527 1051 607; x_wconf 84' lang='lat' dir='ltr'><strong>patena</strong></span> <span class='ocrx_word' id='word_1_22' title='bbox 1077 517 1262 584; x_wconf 85' lang='lat' dir='ltr'><strong>clausuain</strong></span> <span class='ocrx_word' id='word_1_23' title='bbox 1303 558 1305 563; x_wconf 91' lang='lat'><em>-</em></span> 
     </span>
    </p>
   </div>
   <div class='ocr_carea' id='block_1_3' title="bbox 111 616 1261 1137">
    <p class='ocr_par' dir='ltr' id='par_1_3' title="bbox 111 616 1261 1137">
     <span class='ocr_line' id='line_1_4' title="bbox 156 616 1261 716; baseline -0.005 -19"><span class='ocrx_word' id='word_1_24' title='bbox 156 627 263 703; x_wconf 86' lang='lat' dir='ltr'><strong>medio</strong></span> <span class='ocrx_word' id='word_1_25' title='bbox 286 616 420 716; x_wconf 77' lang='lat' dir='ltr'><strong>campus</strong></span> <span class='ocrx_word' id='word_1_26' title='bbox 441 622 593 692; x_wconf 77' lang='lat' dir='ltr'><strong>herbidus</strong></span> <span class='ocrx_word' id='word_1_27' title='bbox 614 648 820 715; x_wconf 77' lang='lat' dir='ltr'><strong>aquosusque</strong></span> <span class='ocrx_word' id='word_1_28' title='bbox 842 648 901 715; x_wconf 88' lang='lat' dir='ltr'><strong>per</strong></span> <span class='ocrx_word' id='word_1_29' title='bbox 922 645 1021 713; x_wconf 85' lang='lat' dir='ltr'><strong>quem</strong></span> <span class='ocrx_word' id='word_1_30' title='bbox 1034 621 1187 689; x_wconf 88' lang='lat' dir='ltr'><strong>medium</strong></span> <span class='ocrx_word' id='word_1_31' title='bbox 1207 621 1261 691; x_wconf 88' lang='lat' dir='ltr'><strong>iter</strong></span> 
     </span>
     <span class='ocr_line' id='line_1_5' title="bbox 155 727 1261 820; baseline -0.007 -19"><span class='ocrx_word' id='word_1_32' title='bbox 155 743 219 801; x_wconf 81' lang='lat' dir='ltr'><strong>eat:</strong></span> <span class='ocrx_word' id='word_1_33' title='bbox 247 731 306 800; x_wconf 80' lang='lat' dir='ltr'><strong>aed</strong></span> <span class='ocrx_word' id='word_1_34' title='bbox 329 742 525 820; x_wconf 86' lang='lat' dir='ltr'><strong>antequam</strong></span> <span class='ocrx_word' id='word_1_35' title='bbox 543 728 653 799; x_wconf 79' lang='lat' dir='ltr'><strong>venias</strong></span> <span class='ocrx_word' id='word_1_36' title='bbox 676 731 717 799; x_wconf 91' lang='lat' dir='ltr'><strong>ad</strong></span> <span class='ocrx_word' id='word_1_37' title='bbox 739 752 814 796; x_wconf 90' lang='lat' dir='ltr'><strong>eum</strong></span> <span class='ocrx_word' id='word_1_38' title='bbox 835 727 998 795; x_wconf 81' lang='lat' dir='ltr'><strong>intrandae</strong></span> <span class='ocrx_word' id='word_1_39' title='bbox 1019 727 1144 817; x_wconf 86' lang='lat' dir='ltr'><strong>primae</strong></span> <span class='ocrx_word' id='word_1_40' title='bbox 1167 751 1261 818; x_wconf 77' lang='lat' dir='ltr'><strong>anga-</strong></span> 
     </span>
     <span class='ocr_line' id='line_1_6' title="bbox 111 831 1260 927; baseline 0.001 -28"><span class='ocrx_word' id='word_1_41' title='bbox 111 837 236 905; x_wconf 79' lang='lat' dir='ltr'><strong>.tatiae</strong></span> <span class='ocrx_word' id='word_1_42' title='bbox 258 846 341 919; x_wconf 70' lang='lat' dir='ltr'><strong>aunt,</strong></span> <span class='ocrx_word' id='word_1_43' title='bbox 363 846 397 902; x_wconf 90' lang='lat' dir='ltr'><strong>et</strong></span> <span class='ocrx_word' id='word_1_44' title='bbox 418 845 474 903; x_wconf 94' lang='lat' dir='ltr'><strong>aut</strong></span> <span class='ocrx_word' id='word_1_45' title='bbox 494 834 609 903; x_wconf 88' lang='lat' dir='ltr'><strong>eadem</strong></span> <span class='ocrx_word' id='word_1_46' title='bbox 630 858 693 927; x_wconf 91' lang='lat' dir='ltr'><strong>qua</strong></span> <span class='ocrx_word' id='word_1_47' title='bbox 715 846 749 902; x_wconf 88' lang='lat' dir='ltr'><strong>te</strong></span> <span class='ocrx_word' id='word_1_48' title='bbox 769 831 977 902; x_wconf 82' lang='lat' dir='ltr'><strong>insinuaveris</strong></span> <span class='ocrx_word' id='word_1_49' title='bbox 996 842 1083 900; x_wconf 89' lang='lat' dir='ltr'><strong>retro</strong></span> <span class='ocrx_word' id='word_1_50' title='bbox 1099 832 1153 900; x_wconf 89' lang='lat' dir='ltr'><strong>via</strong></span> <span class='ocrx_word' id='word_1_51' title='bbox 1176 856 1260 923; x_wconf 75' lang='lat' dir='ltr'><strong>repe</strong></span> 
     </span>
     <span class='ocr_line' id='line_1_7' title="bbox 154 937 1260 1030; baseline -0.004 -21"><span class='ocrx_word' id='word_1_52' title='bbox 154 941 252 1013; x_wconf 83' lang='lat' dir='ltr'><strong>tenda</strong></span> <span class='ocrx_word' id='word_1_53' title='bbox 272 952 342 1024; x_wconf 90' lang='lat' dir='ltr'><strong>aut,</strong></span> <span class='ocrx_word' id='word_1_54' title='bbox 370 939 398 1007; x_wconf 81' lang='lat' dir='ltr'><strong>si</strong></span> <span class='ocrx_word' id='word_1_55' title='bbox 418 939 465 1008; x_wconf 92' lang='lat' dir='ltr'><strong>ire</strong></span> <span class='ocrx_word' id='word_1_56' title='bbox 486 963 584 1030; x_wconf 89' lang='lat' dir='ltr'><strong>porro</strong></span> <span class='ocrx_word' id='word_1_57' title='bbox 606 962 734 1030; x_wconf 77' lang='lat' dir='ltr'><strong>pergae,</strong></span> <span class='ocrx_word' id='word_1_58' title='bbox 761 961 820 1029; x_wconf 84' lang='lat' dir='ltr'><strong>per</strong></span> <span class='ocrx_word' id='word_1_59' title='bbox 848 938 946 1004; x_wconf 88' lang='lat' dir='ltr'><strong>alium</strong></span> <span class='ocrx_word' id='word_1_60' title='bbox 968 937 1085 1005; x_wconf 86' lang='lat' dir='ltr'><strong>saltum</strong></span> <span class='ocrx_word' id='word_1_61' title='bbox 1109 938 1260 1007; x_wconf 86' lang='lat' dir='ltr'><strong>artiorem</strong></span> 
     </span>
     <span class='ocr_line' id='line_1_8' title="bbox 156 1040 1261 1137; baseline -0.006 -22"><span class='ocrx_word' id='word_1_62' title='bbox 156 1045 444 1137; x_wconf 84' lang='lat' dir='ltr'><strong>inpeditioremque</strong></span> <span class='ocrx_word' id='word_1_63' title='bbox 466 1044 676 1113; x_wconf 88' lang='lat' dir='ltr'><strong>evadendum.</strong></span> <span class='ocrx_word' id='word_1_64' title='bbox 713 1043 746 1113; x_wconf 90' lang='lat' dir='ltr'><strong>in</strong></span> <span class='ocrx_word' id='word_1_65' title='bbox 768 1067 844 1113; x_wconf 88' lang='lat' dir='ltr'><strong>eum</strong></span> <span class='ocrx_word' id='word_1_66' title='bbox 873 1064 1025 1132; x_wconf 89' lang='lat' dir='ltr'><strong>campum</strong></span> <span class='ocrx_word' id='word_1_67' title='bbox 1045 1040 1097 1108; x_wconf 86' lang='lat' dir='ltr'><strong>via</strong></span> <span class='ocrx_word' id='word_1_68' title='bbox 1120 1041 1186 1109; x_wconf 83' lang='lat' dir='ltr'><strong>alia</strong></span> <span class='ocrx_word' id='word_1_69' title='bbox 1208 1066 1261 1132; x_wconf 92' lang='lat' dir='ltr'><strong>per</strong></span> 
     </span>
    </p>
   </div>
   <div class='ocr_carea' id='block_1_4' title="bbox 172 1186 1261 1299">
    <p class='ocr_par' dir='ltr' id='par_1_4' title="bbox 172 1186 1261 1299">
     <span class='ocr_line' id='line_1_9' title="bbox 172 1186 1261 1299; baseline -0.003 -23"><span class='ocrx_word' id='word_1_70' title='bbox 172 1220 198 1280; x_wconf 82' lang='grc' dir='ltr'><strong>ι.</strong></span> <span class='ocrx_word' id='word_1_71' title='bbox 226 1198 673 1299; x_wconf 64' lang='lat' dir='ltr'><strong>rmmaaprrmaeanguo&#39;rae</strong></span> <span class='ocrx_word' id='word_1_72' title='bbox 815 1217 854 1276; x_wconf 75' lang='lat' dir='ltr'><strong>ra.</strong></span> <span class='ocrx_word' id='word_1_73' title='bbox 873 1186 1071 1274; x_wconf 63' lang='lat' dir='ltr'><strong>indonatus</strong></span> <span class='ocrx_word' id='word_1_74' title='bbox 1084 1215 1169 1277; x_wconf 70' lang='lat' dir='ltr'><strong>ura.</strong></span> <span class='ocrx_word' id='word_1_75' title='bbox 1188 1214 1261 1274; x_wconf 72' lang='grc' dir='ltr'><strong>ιιι.</strong></span> 
     </span>
    </p>
   </div>
   <div class='ocr_carea' id='block_1_5' title="bbox 225 1304 672 1455">
    <p class='ocr_par' dir='ltr' id='par_1_5' title="bbox 225 1304 672 1455">
     <span class='ocr_line' id='line_1_10' title="bbox 226 1304 671 1369; baseline -0.002 -5"><span class='ocrx_word' id='word_1_76' title='bbox 226 1304 671 1369; x_wconf 72' lang='lat' dir='ltr'><strong>rantellm.l.P.-llm.1.:</strong></span> 
     </span>
     <span class='ocr_line' id='line_1_11' title="bbox 225 1392 672 1455; baseline 0 -5"><span class='ocrx_word' id='word_1_77' title='bbox 225 1392 340 1455; x_wconf 69' lang='lat' dir='ltr'><strong>inuade.</strong></span> <span class='ocrx_word' id='word_1_78' title='bbox 368 1413 406 1454; x_wconf 83' lang='grc' dir='ltr'><strong>ιιι.</strong></span> <span class='ocrx_word' id='word_1_79' title='bbox 429 1397 469 1454; x_wconf 63' lang='lat' dir='ltr'><strong>da</strong></span> <span class='ocrx_word' id='word_1_80' title='bbox 496 1393 610 1453; x_wconf 75' lang='lat' dir='ltr'><strong>intride.</strong></span> <span class='ocrx_word' id='word_1_81' title='bbox 637 1426 672 1437; x_wconf 94' lang='lat'>-</span> 
     </span>
    </p>
   </div>
   <div class='ocr_carea' id='block_1_6' title="bbox 57 1478 672 1647">
    <p class='ocr_par' dir='ltr' id='par_1_6' title="bbox 57 1478 672 1647">
     <span class='ocr_line' id='line_1_12' title="bbox 57 1478 672 1559; baseline -0.002 -20"><span class='ocrx_word' id='word_1_82' title='bbox 57 1501 65 1514; x_wconf 91' lang='lat'><strong>·</strong></span> <span class='ocrx_word' id='word_1_83' title='bbox 167 1512 170 1521; x_wconf 92' lang='lat'>·</span> <span class='ocrx_word' id='word_1_84' title='bbox 223 1478 672 1559; x_wconf 75' lang='lat' dir='ltr'><strong>Pllretautetdemquateinai·</strong></span> 
     </span>
     <span class='ocr_line' id='line_1_13' title="bbox 110 1568 670 1647; baseline 0 -21"><span class='ocrx_word' id='word_1_85' title='bbox 110 1578 115 1597; x_wconf 90' lang='lat'><strong><em>‘</em></strong></span> <span class='ocrx_word' id='word_1_86' title='bbox 222 1571 350 1627; x_wconf 80' lang='lat' dir='ltr'><strong>nurnerir</strong></span> <span class='ocrx_word' id='word_1_87' title='bbox 367 1572 497 1628; x_wconf 84' lang='lat' dir='ltr'><strong>retronia</strong></span> <span class='ocrx_word' id='word_1_88' title='bbox 510 1568 670 1647; x_wconf 81' lang='lat' dir='ltr'><strong>repetenda:</strong></span> 
     </span>
    </p>
   </div>
   <div class='ocr_carea' id='block_1_7' title="bbox 166 1654 675 2781">
    <p class='ocr_par' dir='ltr' id='par_1_7' title="bbox 170 1654 675 2514">
     <span class='ocr_line' id='line_1_14' title="bbox 223 1654 675 1723; baseline -0.004 -7"><span class='ocrx_word' id='word_1_89' title='bbox 223 1654 304 1723; x_wconf 81' lang='lat' dir='ltr'><strong>„und</strong></span> <span class='ocrx_word' id='word_1_90' title='bbox 315 1676 378 1714; x_wconf 81' lang='lat' dir='ltr'><strong>marr</strong></span> <span class='ocrx_word' id='word_1_91' title='bbox 389 1676 465 1714; x_wconf 76' lang='lat' dir='ltr'><strong>mura</strong></span> <span class='ocrx_word' id='word_1_92' title='bbox 476 1656 615 1715; x_wconf 82' lang='lat' dir='ltr'><strong>entweder</strong></span> <span class='ocrx_word' id='word_1_93' title='bbox 627 1655 675 1714; x_wconf 80' lang='lat' dir='ltr'><strong>auf</strong></span> 
     </span>
     <span class='ocr_line' id='line_1_15' title="bbox 224 1741 672 1820; baseline 0.004 -21"><span class='ocrx_word' id='word_1_94' title='bbox 224 1741 600 1820; x_wconf 78' lang='lat' dir='ltr'><strong>demrelbenWegaauldem</strong></span> <span class='ocrx_word' id='word_1_95' title='bbox 609 1765 672 1803; x_wconf 87' lang='lat' dir='ltr'><strong>man</strong></span> 
     </span>
     <span class='ocr_line' id='line_1_16' title="bbox 223 1828 671 1906; baseline 0.007 -19"><span class='ocrx_word' id='word_1_96' title='bbox 223 1828 442 1906; x_wconf 75' lang='lat' dir='ltr'><strong>hinabgeatiegen</strong></span> <span class='ocrx_word' id='word_1_97' title='bbox 480 1833 585 1890; x_wconf 82' lang='lat' dir='ltr'><strong>wieder</strong></span> <span class='ocrx_word' id='word_1_98' title='bbox 626 1852 671 1890; x_wconf 85' lang='lat' dir='ltr'><strong>zu·</strong></span> 
     </span>
     <span class='ocr_line' id='line_1_17' title="bbox 222 1916 671 1998; baseline 0.002 -23"><span class='ocrx_word' id='word_1_99' title='bbox 222 1916 321 1979; x_wconf 83' lang='lat' dir='ltr'><strong>rtiel“.</strong></span> <span class='ocrx_word' id='word_1_100' title='bbox 329 1948 360 1963; x_wconf 87' lang='lat'><strong>-·</strong></span> <span class='ocrx_word' id='word_1_101' title='bbox 367 1917 409 1975; x_wconf 80' lang='lat' dir='ltr'><strong>tl:</strong></span> <span class='ocrx_word' id='word_1_102' title='bbox 420 1920 444 1975; x_wconf 85' lang='lat' dir='ltr'><strong>ri</strong></span> <span class='ocrx_word' id='word_1_103' title='bbox 453 1919 509 1975; x_wconf 83' lang='lat' dir='ltr'><strong>irre</strong></span> <span class='ocrx_word' id='word_1_104' title='bbox 519 1939 601 1993; x_wconf 84' lang='lat' dir='ltr'><strong>porra</strong></span> <span class='ocrx_word' id='word_1_105' title='bbox 610 1940 671 1998; x_wconf 87' lang='lat' dir='ltr'><strong>per·</strong></span> 
     </span>
     <span class='ocr_line' id='line_1_18' title="bbox 222 2004 671 2084; baseline 0.009 -23"><span class='ocrx_word' id='word_1_106' title='bbox 222 2022 278 2079; x_wconf 78' lang='lat' dir='ltr'><strong>gae.</strong></span> <span class='ocrx_word' id='word_1_107' title='bbox 288 2035 321 2049; x_wconf 88' lang='lat'>-</span> <span class='ocrx_word' id='word_1_108' title='bbox 331 2004 393 2062; x_wconf 86' lang='lat' dir='ltr'><strong>Plll:</strong></span> <span class='ocrx_word' id='word_1_109' title='bbox 401 2026 473 2084; x_wconf 87' lang='lat' dir='ltr'><strong>„per</strong></span> <span class='ocrx_word' id='word_1_110' title='bbox 480 2006 563 2063; x_wconf 90' lang='lat' dir='ltr'><strong>aliurn</strong></span> <span class='ocrx_word' id='word_1_111' title='bbox 574 2007 671 2066; x_wconf 80' lang='lat' dir='ltr'><strong>saltum</strong></span> 
     </span>
     <span class='ocr_line' id='line_1_19' title="bbox 223 2094 670 2172; baseline 0.004 -21"><span class='ocrx_word' id='word_1_112' title='bbox 223 2094 366 2151; x_wconf 70' lang='grc' dir='ltr'><strong>αιτίιιιιιι</strong></span> <span class='ocrx_word' id='word_1_113' title='bbox 427 2094 670 2172; x_wconf 85' lang='lat' dir='ltr'><strong>inpeditiorernque</strong></span> 
     </span>
     <span class='ocr_line' id='line_1_20' title="bbox 170 2179 671 2260; baseline 0.008 -25"><span class='ocrx_word' id='word_1_114' title='bbox 170 2220 174 2227; x_wconf 85' lang='lat'><em>.</em></span> <span class='ocrx_word' id='word_1_115' title='bbox 200 2218 203 2223; x_wconf 78' lang='lat'><em>,</em></span> <span class='ocrx_word' id='word_1_116' title='bbox 222 2179 392 2238; x_wconf 84' lang='lat' dir='ltr'><strong>euadendum</strong></span> <span class='ocrx_word' id='word_1_117' title='bbox 398 2185 430 2239; x_wconf 79' lang='lat' dir='ltr'><strong>“r</strong></span> <span class='ocrx_word' id='word_1_118' title='bbox 440 2181 466 2240; x_wconf 87' lang='lat' dir='ltr'><strong>lr.</strong></span> <span class='ocrx_word' id='word_1_119' title='bbox 478 2202 501 2242; x_wconf 88' lang='lat' dir='ltr'><strong>e.</strong></span> <span class='ocrx_word' id='word_1_120' title='bbox 513 2203 563 2260; x_wconf 92' lang='lat' dir='ltr'><strong>per</strong></span> <span class='ocrx_word' id='word_1_121' title='bbox 574 2183 671 2239; x_wconf 81' lang='lat' dir='ltr'><strong>alterae</strong></span> 
     </span>
     <span class='ocr_line' id='line_1_21' title="bbox 223 2268 670 2342; baseline 0.011 -20"><span class='ocrx_word' id='word_1_122' title='bbox 223 2270 367 2342; x_wconf 77' lang='lat' dir='ltr'><strong>angustiae.</strong></span> <span class='ocrx_word' id='word_1_123' title='bbox 376 2268 441 2325; x_wconf 88' lang='lat' dir='ltr'><strong>Pall</strong></span> <span class='ocrx_word' id='word_1_124' title='bbox 453 2269 568 2327; x_wconf 83' lang='lat' dir='ltr'><strong>etDralr.</strong></span> <span class='ocrx_word' id='word_1_125' title='bbox 576 2269 670 2329; x_wconf 75' lang='lat' dir='ltr'><strong>codd:</strong></span> 
     </span>
     <span class='ocr_line' id='line_1_22' title="bbox 221 2352 669 2428; baseline 0.009 -21"><span class='ocrx_word' id='word_1_126' title='bbox 221 2372 273 2428; x_wconf 86' lang='lat' dir='ltr'><strong>per</strong></span> <span class='ocrx_word' id='word_1_127' title='bbox 290 2352 476 2411; x_wconf 83' lang='lat' dir='ltr'><strong>aliumraltum</strong></span> <span class='ocrx_word' id='word_1_128' title='bbox 488 2355 612 2411; x_wconf 81' lang='lat' dir='ltr'><strong>altiorem</strong></span> <span class='ocrx_word' id='word_1_129' title='bbox 630 2357 669 2412; x_wconf 84' lang='lat' dir='ltr'><strong>in·</strong></span> 
     </span>
     <span class='ocr_line' id='line_1_23' title="bbox 222 2437 354 2514; baseline 0.038 -20"><span class='ocrx_word' id='word_1_130' title='bbox 222 2437 285 2514; x_wconf 87' lang='lat' dir='ltr'><strong>ped.</strong></span> <span class='ocrx_word' id='word_1_131' title='bbox 303 2448 354 2498; x_wconf 83' lang='lat' dir='ltr'><strong>eet.</strong></span> 
     </span>
    </p>

    <p class='ocr_par' dir='ltr' id='par_1_8' title="bbox 166 2526 672 2781">
     <span class='ocr_line' id='line_1_24' title="bbox 167 2526 670 2602; baseline 0.004 -18"><span class='ocrx_word' id='word_1_132' title='bbox 167 2526 195 2585; x_wconf 78' lang='lat'><strong>7.</strong></span> <span class='ocrx_word' id='word_1_133' title='bbox 222 2526 254 2581; x_wconf 81' lang='lat' dir='ltr'><strong>r&#39;a</strong></span> <span class='ocrx_word' id='word_1_134' title='bbox 277 2541 344 2582; x_wconf 83' lang='lat' dir='ltr'><strong>eum</strong></span> <span class='ocrx_word' id='word_1_135' title='bbox 369 2545 505 2602; x_wconf 82' lang='lat' dir='ltr'><strong>campum</strong></span> <span class='ocrx_word' id='word_1_136' title='bbox 531 2531 582 2586; x_wconf 79' lang='lat' dir='ltr'><strong>uia</strong></span> <span class='ocrx_word' id='word_1_137' title='bbox 607 2531 670 2586; x_wconf 83' lang='lat' dir='ltr'><strong>alia</strong></span> 
     </span>
     <span class='ocr_line' id='line_1_25' title="bbox 166 2619 672 2690; baseline 0.01 -22"><span class='ocrx_word' id='word_1_138' title='bbox 166 2648 172 2668; x_wconf 83' lang='lat'>.</span> <span class='ocrx_word' id='word_1_139' title='bbox 219 2631 276 2688; x_wconf 77' lang='lat' dir='ltr'><strong>per</strong></span> <span class='ocrx_word' id='word_1_140' title='bbox 297 2631 406 2670; x_wconf 80' lang='lat' dir='ltr'><strong>cauam</strong></span> <span class='ocrx_word' id='word_1_141' title='bbox 428 2633 531 2690; x_wconf 83' lang='lat' dir='ltr'><strong>rupem</strong></span> <span class='ocrx_word' id='word_1_142' title='bbox 553 2619 672 2674; x_wconf 81' lang='lat' dir='ltr'><strong>romani</strong></span> 
     </span>
     <span class='ocr_line' id='line_1_26' title="bbox 187 2701 670 2781; baseline 0.025 -30"><span class='ocrx_word' id='word_1_143' title='bbox 187 2742 191 2751; x_wconf 87' lang='grc'><em>,</em></span> <span class='ocrx_word' id='word_1_144' title='bbox 221 2701 670 2781; x_wconf 66' lang='lat' dir='ltr'><strong>remieroagmr&#39;neqmadaliaa</strong></span> 
     </span>
    </p>
   </div>
   <div class='ocr_carea' id='block_1_8' title="bbox 118 2790 669 2872">
    <p class='ocr_par' dir='ltr' id='par_1_9' title="bbox 118 2790 669 2872">
     <span class='ocr_line' id='line_1_27' title="bbox 118 2790 669 2872; baseline 0.009 -27"><span class='ocrx_word' id='word_1_145' title='bbox 118 2850 122 2859; x_wconf 57' lang='grc'><strong>,</strong></span> <span class='ocrx_word' id='word_1_146' title='bbox 222 2790 381 2868; x_wconf 72' lang='lat' dir='ltr'><strong>angardim</strong></span> <span class='ocrx_word' id='word_1_147' title='bbox 405 2792 544 2866; x_wconf 69' lang='lat' dir='ltr'><strong>protinus</strong></span> <span class='ocrx_word' id='word_1_148' title='bbox 554 2812 669 2872; x_wconf 76' lang='lat' dir='ltr'><strong>perge-</strong></span> 
     </span>
    </p>
   </div>
   <div class='ocr_carea' id='block_1_9' title="bbox 176 2874 669 3125">
    <p class='ocr_par' dir='ltr' id='par_1_10' title="bbox 176 2874 669 3125">
     <span class='ocr_line' id='line_1_28' title="bbox 218 2874 669 2958; baseline 0.011 -25"><span class='ocrx_word' id='word_1_149' title='bbox 218 2884 302 2933; x_wconf 78' lang='lat' dir='ltr'><strong>rent.-</strong></span> <span class='ocrx_word' id='word_1_150' title='bbox 328 2874 368 2950; x_wconf 82' lang='lat' dir='ltr'><strong>P]</strong></span> <span class='ocrx_word' id='word_1_151' title='bbox 395 2879 425 2934; x_wconf 88' lang='lat' dir='ltr'><strong>in</strong></span> <span class='ocrx_word' id='word_1_152' title='bbox 454 2898 516 2937; x_wconf 86' lang='lat' dir='ltr'><strong>earn</strong></span> <span class='ocrx_word' id='word_1_153' title='bbox 545 2898 669 2958; x_wconf 84' lang='lat' dir='ltr'><strong>eampum</strong></span> 
     </span>
     <span class='ocr_line' id='line_1_29' title="bbox 221 2962 668 3044; baseline 0.009 -25"><span class='ocrx_word' id='word_1_154' title='bbox 221 2965 264 3019; x_wconf 84' lang='lat' dir='ltr'><strong>ria</strong></span> <span class='ocrx_word' id='word_1_155' title='bbox 275 2962 328 3019; x_wconf 86' lang='lat' dir='ltr'><strong>alia</strong></span> <span class='ocrx_word' id='word_1_156' title='bbox 342 2983 392 3038; x_wconf 89' lang='lat' dir='ltr'><strong>per</strong></span> <span class='ocrx_word' id='word_1_157' title='bbox 404 2985 497 3021; x_wconf 84' lang='lat' dir='ltr'><strong>earam</strong></span> <span class='ocrx_word' id='word_1_158' title='bbox 509 2986 603 3044; x_wconf 89' lang='lat' dir='ltr'><strong>rupem</strong></span> <span class='ocrx_word' id='word_1_159' title='bbox 614 2968 668 3025; x_wconf 87' lang='lat' dir='ltr'><strong>Ro-</strong></span> 
     </span>
     <span class='ocr_line' id='line_1_30' title="bbox 176 3049 669 3125; baseline 0.026 -26"><span class='ocrx_word' id='word_1_160' title='bbox 176 3086 180 3099; x_wconf 68' lang='grc'><strong><em>,</em></strong></span> <span class='ocrx_word' id='word_1_161' title='bbox 218 3051 291 3106; x_wconf 85' lang='lat' dir='ltr'><strong>mani</strong></span> <span class='ocrx_word' id='word_1_162' title='bbox 311 3049 429 3106; x_wconf 83' lang='lat' dir='ltr'><strong>demisso</strong></span> <span class='ocrx_word' id='word_1_163' title='bbox 442 3053 548 3125; x_wconf 78' lang='lat' dir='ltr'><strong>agmine</strong></span> <span class='ocrx_word' id='word_1_164' title='bbox 560 3072 621 3110; x_wconf 89' lang='lat' dir='ltr'><strong>cnm</strong></span> <span class='ocrx_word' id='word_1_165' title='bbox 633 3054 669 3113; x_wconf 89' lang='lat' dir='ltr'><strong>ad</strong></span> 
     </span>
    </p>
   </div>
   <div class='ocr_carea' id='block_1_10' title="bbox 104 3133 667 3217">
    <p class='ocr_par' dir='ltr' id='par_1_11' title="bbox 104 3133 667 3217">
     <span class='ocr_line' id='line_1_31' title="bbox 104 3133 667 3217; baseline 0.009 -26"><span class='ocrx_word' id='word_1_166' title='bbox 104 3180 111 3191; x_wconf 87' lang='lat'><em>.</em></span> <span class='ocrx_word' id='word_1_167' title='bbox 220 3133 287 3191; x_wconf 80' lang='lat' dir='ltr'><strong>aliar</strong></span> <span class='ocrx_word' id='word_1_168' title='bbox 306 3138 443 3211; x_wconf 81' lang='lat' dir='ltr'><strong>angustiae</strong></span> <span class='ocrx_word' id='word_1_169' title='bbox 464 3140 589 3214; x_wconf 80' lang='lat' dir='ltr'><strong>protinus</strong></span> <span class='ocrx_word' id='word_1_170' title='bbox 607 3160 667 3217; x_wconf 87' lang='lat' dir='ltr'><strong>per·</strong></span> 
     </span>
    </p>
   </div>
   <div class='ocr_carea' id='block_1_11' title="bbox 164 3221 666 4175">
    <p class='ocr_par' dir='ltr' id='par_1_12' title="bbox 164 3221 666 4175">
     <span class='ocr_line' id='line_1_32' title="bbox 217 3221 666 3300; baseline 0.009 -22"><span class='ocrx_word' id='word_1_171' title='bbox 217 3231 312 3300; x_wconf 81' lang='lat' dir='ltr'><strong>gerent</strong></span> <span class='ocrx_word' id='word_1_172' title='bbox 329 3221 392 3294; x_wconf 85' lang='lat' dir='ltr'><strong>(ed.</strong></span> <span class='ocrx_word' id='word_1_173' title='bbox 410 3221 491 3282; x_wconf 82' lang='lat' dir='ltr'><strong>Frob.</strong></span> <span class='ocrx_word' id='word_1_174' title='bbox 512 3227 615 3295; x_wconf 71' lang='lat' dir='ltr'><strong>tuat).</strong></span> <span class='ocrx_word' id='word_1_175' title='bbox 633 3257 666 3271; x_wconf 82' lang='lat'><strong>-·</strong></span> 
     </span>
     <span class='ocr_line' id='line_1_33' title="bbox 221 3309 665 3394; baseline 0.005 -27"><span class='ocrx_word' id='word_1_176' title='bbox 221 3309 265 3367; x_wconf 85' lang='lat' dir='ltr'><strong>lle</strong></span> <span class='ocrx_word' id='word_1_177' title='bbox 292 3311 483 3369; x_wconf 77' lang='lat' dir='ltr'><strong>coniunctione</strong></span> <span class='ocrx_word' id='word_1_178' title='bbox 510 3319 562 3394; x_wconf 71' lang='lat' dir='ltr'><strong>qm</strong></span> <span class='ocrx_word' id='word_1_179' title='bbox 587 3312 615 3369; x_wconf 87' lang='lat' dir='ltr'><strong>lr.</strong></span> <span class='ocrx_word' id='word_1_180' title='bbox 641 3333 665 3370; x_wconf 93' lang='lat' dir='ltr'><strong>e.</strong></span> 
     </span>
     <span class='ocr_line' id='line_1_34' title="bbox 220 3397 666 3478; baseline 0.009 -24"><span class='ocrx_word' id='word_1_181' title='bbox 220 3401 361 3473; x_wconf 72' lang='lat' dir='ltr'><strong>quoniam</strong></span> <span class='ocrx_word' id='word_1_182' title='bbox 387 3397 423 3458; x_wconf 81' lang='lat' dir='ltr'><strong>ef,</strong></span> <span class='ocrx_word' id='word_1_183' title='bbox 448 3401 476 3469; x_wconf 89' lang='grc'><strong>7,</strong></span> <span class='ocrx_word' id='word_1_184' title='bbox 502 3401 566 3461; x_wconf 66' lang='lat' dir='ltr'><strong>aaz</strong></span> <span class='ocrx_word' id='word_1_185' title='bbox 595 3409 666 3478; x_wconf 82' lang='lat' dir='ltr'><strong>„qrir</strong></span> 
     </span>
     <span class='ocr_line' id='line_1_35' title="bbox 218 3484 666 3564; baseline 0.016 -26"><span class='ocrx_word' id='word_1_186' title='bbox 218 3487 292 3544; x_wconf 84' lang='lat' dir='ltr'><strong>ereei</strong></span> <span class='ocrx_word' id='word_1_187' title='bbox 309 3484 442 3564; x_wconf 62' lang='lat' dir='ltr'><strong>reliquae</strong></span> <span class='ocrx_word' id='word_1_188' title='bbox 453 3489 616 3548; x_wconf 71' lang='lat' dir='ltr'><strong>samnitea‘t</strong></span> <span class='ocrx_word' id='word_1_189' title='bbox 633 3487 666 3545; x_wconf 88' lang='lat' dir='ltr'><strong>lu</strong></span> 
     </span>
     <span class='ocr_line' id='line_1_36' title="bbox 164 3567 666 3653; baseline 0.012 -26"><span class='ocrx_word' id='word_1_190' title='bbox 164 3620 165 3627; x_wconf 72' lang='grc'>,</span> <span class='ocrx_word' id='word_1_191' title='bbox 217 3567 388 3653; x_wconf 85' lang='lat' dir='ltr'><strong>llaeriptam</strong></span> <span class='ocrx_word' id='word_1_192' title='bbox 400 3583 442 3631; x_wconf 88' lang='lat' dir='ltr'><strong>eat</strong></span> <span class='ocrx_word' id='word_1_193' title='bbox 458 3576 666 3644; x_wconf 73' lang='lat' dir='ltr'><strong>„inermem-</strong></span> 
     </span>
     <span class='ocr_line' id='line_1_37' title="bbox 218 3659 665 3740; baseline 0.016 -26"><span class='ocrx_word' id='word_1_194' title='bbox 218 3674 283 3732; x_wconf 84' lang='lat' dir='ltr'><strong>pnm</strong></span> <span class='ocrx_word' id='word_1_195' title='bbox 300 3663 344 3716; x_wconf 91' lang='lat' dir='ltr'><strong>uia</strong></span> <span class='ocrx_word' id='word_1_196' title='bbox 366 3659 418 3717; x_wconf 87' lang='lat' dir='ltr'><strong>alia</strong></span> <span class='ocrx_word' id='word_1_197' title='bbox 439 3681 490 3740; x_wconf 90' lang='lat' dir='ltr'><strong>per</strong></span> <span class='ocrx_word' id='word_1_198' title='bbox 511 3683 605 3723; x_wconf 84' lang='lat' dir='ltr'><strong>cauam</strong></span> <span class='ocrx_word' id='word_1_199' title='bbox 621 3683 665 3721; x_wconf 85' lang='lat' dir='ltr'><strong>ru·</strong></span> 
     </span>
     <span class='ocr_line' id='line_1_38' title="bbox 211 3742 666 3826; baseline 0.018 -27"><span class='ocrx_word' id='word_1_200' title='bbox 211 3742 281 3823; x_wconf 73' lang='lat' dir='ltr'><strong>pem</strong></span> <span class='ocrx_word' id='word_1_201' title='bbox 299 3750 404 3803; x_wconf 91' lang='lat' dir='ltr'><strong>romani</strong></span> <span class='ocrx_word' id='word_1_202' title='bbox 413 3753 536 3808; x_wconf 79' lang='lat' dir='ltr'><strong>remisso</strong></span> <span class='ocrx_word' id='word_1_203' title='bbox 548 3749 666 3826; x_wconf 68' lang='lat' dir='ltr'><strong>agmine!</strong></span> 
     </span>
     <span class='ocr_line' id='line_1_39' title="bbox 220 3832 666 3914; baseline 0.007 -25"><span class='ocrx_word' id='word_1_204' title='bbox 220 3833 306 3909; x_wconf 75' lang='lat' dir='ltr'><strong>quael</strong></span> <span class='ocrx_word' id='word_1_205' title='bbox 316 3832 382 3890; x_wconf 81' lang='lat' dir='ltr'><strong>aliar</strong></span> <span class='ocrx_word' id='word_1_206' title='bbox 394 3839 530 3910; x_wconf 79' lang='lat' dir='ltr'><strong>angustiae</strong></span> <span class='ocrx_word' id='word_1_207' title='bbox 543 3839 666 3914; x_wconf 80' lang='lat' dir='ltr'><strong>protinus</strong></span> 
     </span>
     <span class='ocr_line' id='line_1_40' title="bbox 219 3922 664 3995; baseline 0.004 -19"><span class='ocrx_word' id='word_1_208' title='bbox 219 3926 393 3995; x_wconf 75' lang='lat' dir='ltr'><strong>pergerent“‚</strong></span> <span class='ocrx_word' id='word_1_209' title='bbox 404 3924 488 3982; x_wconf 76' lang='lat' dir='ltr'><strong>simili</strong></span> <span class='ocrx_word' id='word_1_210' title='bbox 500 3926 558 3981; x_wconf 80' lang='lat' dir='ltr'><strong>eiua</strong></span> <span class='ocrx_word' id='word_1_211' title='bbox 567 3922 664 3980; x_wconf 89' lang='lat' dir='ltr'><strong>mendo</strong></span> 
     </span>
     <span class='ocr_line' id='line_1_41' title="bbox 180 4007 665 4082; baseline 0.014 -20"><span class='ocrx_word' id='word_1_212' title='bbox 180 4007 182 4011; x_wconf 77' lang='grc'><strong>’</strong></span> <span class='ocrx_word' id='word_1_213' title='bbox 219 4025 274 4082; x_wconf 85' lang='lat' dir='ltr'><strong>quo</strong></span> <span class='ocrx_word' id='word_1_214' title='bbox 294 4012 321 4076; x_wconf 85' lang='grc'><strong>8,</strong></span> <span class='ocrx_word' id='word_1_215' title='bbox 333 4011 377 4068; x_wconf 83' lang='grc'><strong>33.</strong></span> <span class='ocrx_word' id='word_1_216' title='bbox 396 4010 424 4066; x_wconf 88' lang='lat' dir='ltr'><strong>in</strong></span> <span class='ocrx_word' id='word_1_217' title='bbox 435 4009 512 4070; x_wconf 85' lang='lat' dir='ltr'><strong>Harl.</strong></span> <span class='ocrx_word' id='word_1_218' title='bbox 523 4031 541 4072; x_wconf 88' lang='grc' dir='ltr'><strong>ι.</strong></span> <span class='ocrx_word' id='word_1_219' title='bbox 559 4009 637 4069; x_wconf 82' lang='lat' dir='ltr'><strong>Laid.</strong></span> <span class='ocrx_word' id='word_1_220' title='bbox 647 4029 665 4068; x_wconf 92' lang='lat' dir='ltr'><strong>r.</strong></span> 
     </span>
     <span class='ocr_line' id='line_1_42' title="bbox 219 4093 664 4175; baseline 0.007 -24"><span class='ocrx_word' id='word_1_221' title='bbox 219 4093 295 4165; x_wconf 76' lang='lat' dir='ltr'><strong>quid</strong></span> <span class='ocrx_word' id='word_1_222' title='bbox 313 4097 445 4174; x_wconf 74' lang='lat' dir='ltr'><strong>seriptum</strong></span> <span class='ocrx_word' id='word_1_223' title='bbox 466 4107 509 4156; x_wconf 86' lang='lat' dir='ltr'><strong>eat</strong></span> <span class='ocrx_word' id='word_1_224' title='bbox 524 4117 581 4175; x_wconf 87' lang='lat' dir='ltr'><strong>pro</strong></span> <span class='ocrx_word' id='word_1_225' title='bbox 605 4116 664 4173; x_wconf 83' lang='lat' dir='ltr'><strong>quo</strong></span> 
     </span>
    </p>
   </div>
   <div class='ocr_carea' id='block_1_12' title="bbox 807 1303 1262 2339">
    <p class='ocr_par' dir='ltr' id='par_1_13' title="bbox 807 1303 1262 2339">
     <span class='ocr_line' id='line_1_43' title="bbox 815 1303 1260 1382; baseline -0.002 -21"><span class='ocrx_word' id='word_1_226' title='bbox 815 1314 864 1382; x_wconf 71' lang='lat' dir='ltr'><strong>qm</strong></span> <span class='ocrx_word' id='word_1_227' title='bbox 882 1303 991 1364; x_wconf 81' lang='lat' dir='ltr'><strong>excidit.</strong></span> <span class='ocrx_word' id='word_1_228' title='bbox 1009 1303 1040 1359; x_wconf 89' lang='lat' dir='ltr'><strong>ln</strong></span> <span class='ocrx_word' id='word_1_229' title='bbox 1058 1305 1188 1361; x_wconf 74' lang='lat' dir='ltr'><strong>omnibus</strong></span> <span class='ocrx_word' id='word_1_230' title='bbox 1200 1325 1260 1362; x_wconf 84' lang='lat' dir='ltr'><strong>vero</strong></span> 
     </span>
     <span class='ocr_line' id='line_1_44' title="bbox 815 1389 1259 1452; baseline 0.002 -3"><span class='ocrx_word' id='word_1_231' title='bbox 815 1402 843 1449; x_wconf 87' lang='lat' dir='ltr'><strong>et</strong></span> <span class='ocrx_word' id='word_1_232' title='bbox 868 1392 934 1452; x_wconf 83' lang='lat' dir='ltr'><strong>Pall.</strong></span> <span class='ocrx_word' id='word_1_233' title='bbox 962 1401 990 1448; x_wconf 86' lang='lat' dir='ltr'><strong>et</strong></span> <span class='ocrx_word' id='word_1_234' title='bbox 1017 1389 1155 1448; x_wconf 83' lang='lat' dir='ltr'><strong>Dralrenb.</strong></span> <span class='ocrx_word' id='word_1_235' title='bbox 1184 1392 1259 1450; x_wconf 76' lang='lat' dir='ltr'><strong>codd.</strong></span> 
     </span>
     <span class='ocr_line' id='line_1_45' title="bbox 813 1482 1259 1555; baseline 0 -17"><span class='ocrx_word' id='word_1_236' title='bbox 813 1490 886 1538; x_wconf 87' lang='lat' dir='ltr'><strong>recte</strong></span> <span class='ocrx_word' id='word_1_237' title='bbox 907 1482 1039 1555; x_wconf 74' lang='lat' dir='ltr'><strong>seriptum</strong></span> <span class='ocrx_word' id='word_1_238' title='bbox 1066 1488 1108 1535; x_wconf 87' lang='lat' dir='ltr'><strong>eat</strong></span> <span class='ocrx_word' id='word_1_239' title='bbox 1136 1483 1259 1538; x_wconf 73' lang='grc' dir='ltr'><strong>ιιιιιιίιιι</strong></span> 
     </span>
     <span class='ocr_line' id='line_1_46' title="bbox 813 1565 1259 1648; baseline 0 -24"><span class='ocrx_word' id='word_1_240' title='bbox 813 1570 941 1648; x_wconf 76' lang='lat' dir='ltr'><strong>agmirre.</strong></span> <span class='ocrx_word' id='word_1_241' title='bbox 959 1566 1009 1624; x_wconf 83' lang='lat' dir='ltr'><strong>red</strong></span> <span class='ocrx_word' id='word_1_242' title='bbox 1027 1574 1057 1622; x_wconf 84' lang='lat' dir='ltr'><strong>at</strong></span> <span class='ocrx_word' id='word_1_243' title='bbox 1074 1565 1143 1622; x_wconf 88' lang='lat' dir='ltr'><strong>lraee</strong></span> <span class='ocrx_word' id='word_1_244' title='bbox 1160 1570 1259 1643; x_wconf 74' lang='lat' dir='ltr'><strong>integra</strong></span> 
     </span>
     <span class='ocr_line' id='line_1_47' title="bbox 813 1655 1259 1732; baseline 0 -20"><span class='ocrx_word' id='word_1_245' title='bbox 813 1659 947 1732; x_wconf 80' lang='lat' dir='ltr'><strong>scriptura</strong></span> <span class='ocrx_word' id='word_1_246' title='bbox 990 1655 1259 1731; x_wconf 65' lang='lat' dir='ltr'><strong>praemitteretur,</strong></span> 
     </span>
     <span class='ocr_line' id='line_1_48' title="bbox 812 1740 1261 1819; baseline -0.002 -19"><span class='ocrx_word' id='word_1_247' title='bbox 812 1741 912 1800; x_wconf 82' lang='lat' dir='ltr'><strong>laetum</strong></span> <span class='ocrx_word' id='word_1_248' title='bbox 933 1750 976 1798; x_wconf 89' lang='lat' dir='ltr'><strong>eat</strong></span> <span class='ocrx_word' id='word_1_249' title='bbox 1001 1740 1076 1818; x_wconf 82' lang='lat' dir='ltr'><strong>qaod</strong></span> <span class='ocrx_word' id='word_1_250' title='bbox 1103 1742 1261 1819; x_wconf 70' lang='lat' dir='ltr'><strong>interpretes</strong></span> 
     </span>
     <span class='ocr_line' id='line_1_49' title="bbox 813 1828 1260 1906; baseline 0.002 -20"><span class='ocrx_word' id='word_1_251' title='bbox 813 1828 852 1897; x_wconf 83' lang='lat' dir='ltr'><strong>ld,</strong></span> <span class='ocrx_word' id='word_1_252' title='bbox 866 1828 940 1906; x_wconf 83' lang='lat' dir='ltr'><strong>qnod</strong></span> <span class='ocrx_word' id='word_1_253' title='bbox 954 1828 980 1887; x_wconf 87' lang='lat' dir='ltr'><strong>lr.</strong></span> <span class='ocrx_word' id='word_1_254' title='bbox 990 1828 1170 1889; x_wconf 64' lang='lat' dir='ltr'><strong>tramittere</strong></span> <span class='ocrx_word' id='word_1_255' title='bbox 1180 1832 1260 1906; x_wconf 75' lang='lat' dir='ltr'><strong>signi·</strong></span> 
     </span>
     <span class='ocr_line' id='line_1_50' title="bbox 814 1913 1260 1992; baseline -0.002 -19"><span class='ocrx_word' id='word_1_256' title='bbox 814 1915 920 1984; x_wconf 71' lang='lat' dir='ltr'><strong>litaret,</strong></span> <span class='ocrx_word' id='word_1_257' title='bbox 942 1933 1055 1992; x_wconf 82' lang='lat' dir='ltr'><strong>prorrua</strong></span> <span class='ocrx_word' id='word_1_258' title='bbox 1073 1913 1178 1990; x_wconf 80' lang='lat' dir='ltr'><strong>lugiaae</strong></span> <span class='ocrx_word' id='word_1_259' title='bbox 1189 1917 1260 1972; x_wconf 84' lang='lat' dir='ltr'><strong>ride·</strong></span> 
     </span>
     <span class='ocr_line' id='line_1_51' title="bbox 813 2001 1262 2063; baseline 0 -3"><span class='ocrx_word' id='word_1_260' title='bbox 813 2013 866 2063; x_wconf 88' lang='lat' dir='ltr'><strong>tur.</strong></span> <span class='ocrx_word' id='word_1_261' title='bbox 895 2005 925 2060; x_wconf 91' lang='lat' dir='ltr'><strong>in</strong></span> <span class='ocrx_word' id='word_1_262' title='bbox 943 2001 996 2058; x_wconf 88' lang='lat' dir='ltr'><strong>hoc</strong></span> <span class='ocrx_word' id='word_1_263' title='bbox 1014 2004 1086 2058; x_wconf 91' lang='lat' dir='ltr'><strong>enim</strong></span> <span class='ocrx_word' id='word_1_264' title='bbox 1106 2003 1190 2061; x_wconf 59' lang='lat' dir='ltr'><strong>zerbo</strong></span> <span class='ocrx_word' id='word_1_265' title='bbox 1209 2025 1262 2060; x_wconf 88' lang='lat' dir='ltr'><strong>non</strong></span> 
     </span>
     <span class='ocr_line' id='line_1_52' title="bbox 811 2089 1261 2170; baseline 0.002 -22"><span class='ocrx_word' id='word_1_266' title='bbox 811 2089 894 2149; x_wconf 83' lang='lat' dir='ltr'><strong>modo</strong></span> <span class='ocrx_word' id='word_1_267' title='bbox 912 2089 942 2147; x_wconf 91' lang='lat' dir='ltr'><strong>id</strong></span> <span class='ocrx_word' id='word_1_268' title='bbox 959 2091 1031 2147; x_wconf 79' lang='lat' dir='ltr'><strong>ineat</strong></span> <span class='ocrx_word' id='word_1_269' title='bbox 1043 2090 1117 2170; x_wconf 85' lang='lat' dir='ltr'><strong>qaod</strong></span> <span class='ocrx_word' id='word_1_270' title='bbox 1130 2091 1261 2149; x_wconf 74' lang='lat' dir='ltr'><strong>demisso</strong></span> 
     </span>
     <span class='ocr_line' id='line_1_53' title="bbox 807 2177 1261 2257; baseline 0.004 -25"><span class='ocrx_word' id='word_1_271' title='bbox 807 2178 932 2257; x_wconf 77' lang='lat' dir='ltr'><strong>,agmine</strong></span> <span class='ocrx_word' id='word_1_272' title='bbox 951 2179 1101 2254; x_wconf 87' lang='lat' dir='ltr'><strong>exprimere</strong></span> <span class='ocrx_word' id='word_1_273' title='bbox 1110 2177 1261 2246; x_wconf 83' lang='lat' dir='ltr'><strong>voluerunt,</strong></span> 
     </span>
     <span class='ocr_line' id='line_1_54' title="bbox 812 2265 1261 2339; baseline 0 -17"><span class='ocrx_word' id='word_1_274' title='bbox 812 2265 862 2322; x_wconf 80' lang='lat' dir='ltr'><strong>aed</strong></span> <span class='ocrx_word' id='word_1_275' title='bbox 874 2266 947 2321; x_wconf 91' lang='lat' dir='ltr'><strong>idem</strong></span> <span class='ocrx_word' id='word_1_276' title='bbox 958 2265 1094 2339; x_wconf 77' lang='lat' dir='ltr'><strong>signifieat</strong></span> <span class='ocrx_word' id='word_1_277' title='bbox 1105 2269 1187 2324; x_wconf 88' lang='lat' dir='ltr'><strong>etiarn</strong></span> <span class='ocrx_word' id='word_1_278' title='bbox 1199 2267 1225 2322; x_wconf 91' lang='lat' dir='ltr'><strong>h.</strong></span> <span class='ocrx_word' id='word_1_279' title='bbox 1235 2266 1261 2333; x_wconf 84' lang='grc'><strong>1.,</strong></span> 
     </span>
    </p>
   </div>
   <div class='ocr_carea' id='block_1_13' title="bbox 779 2348 1261 2431">
    <p class='ocr_par' dir='ltr' id='par_1_14' title="bbox 779 2348 1261 2431">
     <span class='ocr_line' id='line_1_55' title="bbox 779 2348 1261 2431; baseline 0 -21"><span class='ocrx_word' id='word_1_280' title='bbox 779 2348 782 2353; x_wconf 69' lang='grc'><strong>’</strong></span> <span class='ocrx_word' id='word_1_281' title='bbox 812 2355 926 2410; x_wconf 86' lang='lat' dir='ltr'><strong>maxima</strong></span> <span class='ocrx_word' id='word_1_282' title='bbox 951 2355 1098 2410; x_wconf 76' lang='lat' dir='ltr'><strong>securitate</strong></span> <span class='ocrx_word' id='word_1_283' title='bbox 1120 2363 1201 2431; x_wconf 85' lang='lat' dir='ltr'><strong>atque</strong></span> <span class='ocrx_word' id='word_1_284' title='bbox 1223 2366 1261 2410; x_wconf 89' lang='lat' dir='ltr'><strong>te·</strong></span> 
     </span>
    </p>
   </div>
   <div class='ocr_carea' id='block_1_14' title="bbox 810 2440 1261 2588">
    <p class='ocr_par' dir='ltr' id='par_1_15' title="bbox 810 2440 1261 2588">
     <span class='ocr_line' id='line_1_56' title="bbox 811 2440 1261 2515; baseline -0.004 -17"><span class='ocrx_word' id='word_1_285' title='bbox 811 2442 934 2498; x_wconf 85' lang='lat' dir='ltr'><strong>maritata</strong></span> <span class='ocrx_word' id='word_1_286' title='bbox 944 2460 1038 2515; x_wconf 81' lang='lat' dir='ltr'><strong>agmen</strong></span> <span class='ocrx_word' id='word_1_287' title='bbox 1046 2442 1193 2498; x_wconf 86' lang='lat' dir='ltr'><strong>immittere</strong></span> <span class='ocrx_word' id='word_1_288' title='bbox 1204 2440 1261 2498; x_wconf 83' lang='lat' dir='ltr'><strong>nul-</strong></span> 
     </span>
     <span class='ocr_line' id='line_1_57' title="bbox 810 2527 1261 2588; baseline 0.009 -4"><span class='ocrx_word' id='word_1_289' title='bbox 810 2527 844 2584; x_wconf 87' lang='lat' dir='ltr'><strong>lis</strong></span> <span class='ocrx_word' id='word_1_290' title='bbox 864 2528 992 2584; x_wconf 80' lang='lat' dir='ltr'><strong>adhibitis</strong></span> <span class='ocrx_word' id='word_1_291' title='bbox 1011 2528 1126 2585; x_wconf 79' lang='lat' dir='ltr'><strong>ducibus</strong></span> <span class='ocrx_word' id='word_1_292' title='bbox 1138 2527 1261 2588; x_wconf 79' lang='lat' dir='ltr'><strong>locorum</strong></span> 
     </span>
    </p>
   </div>
   <div class='ocr_carea' id='block_1_15' title="bbox 804 2613 1261 2692">
    <p class='ocr_par' dir='ltr' id='par_1_16' title="bbox 804 2613 1261 2692">
     <span class='ocr_line' id='line_1_58' title="bbox 804 2613 1261 2692; baseline 0.007 -24"><span class='ocrx_word' id='word_1_293' title='bbox 804 2616 920 2692; x_wconf 80' lang='lat' dir='ltr'><strong>&#39;peritia,</strong></span> <span class='ocrx_word' id='word_1_294' title='bbox 945 2613 1027 2672; x_wconf 83' lang='lat' dir='ltr'><strong>nullia</strong></span> <span class='ocrx_word' id='word_1_295' title='bbox 1045 2614 1261 2692; x_wconf 76' lang='lat' dir='ltr'><strong>exploratoribus</strong></span> 
     </span>
    </p>
   </div>
   <div class='ocr_carea' id='block_1_16' title="bbox 810 2701 1261 3129">
    <p class='ocr_par' dir='ltr' id='par_1_17' title="bbox 810 2701 1261 3129">
     <span class='ocr_line' id='line_1_59' title="bbox 810 2701 1261 2770; baseline 0 -11"><span class='ocrx_word' id='word_1_296' title='bbox 810 2705 910 2770; x_wconf 79' lang='lat' dir='ltr'><strong>missis,</strong></span> <span class='ocrx_word' id='word_1_297' title='bbox 929 2702 1001 2759; x_wconf 85' lang='lat' dir='ltr'><strong>nulla</strong></span> <span class='ocrx_word' id='word_1_298' title='bbox 1014 2704 1126 2762; x_wconf 88' lang='lat' dir='ltr'><strong>omnino</strong></span> <span class='ocrx_word' id='word_1_299' title='bbox 1142 2701 1261 2759; x_wconf 86' lang='lat' dir='ltr'><strong>hostium</strong></span> 
     </span>
     <span class='ocr_line' id='line_1_60' title="bbox 810 2789 1260 2869; baseline -0.002 -22"><span class='ocrx_word' id='word_1_300' title='bbox 810 2793 911 2869; x_wconf 86' lang='lat' dir='ltr'><strong>quippe</strong></span> <span class='ocrx_word' id='word_1_301' title='bbox 929 2792 976 2866; x_wconf 90' lang='lat' dir='ltr'><strong>qui</strong></span> <span class='ocrx_word' id='word_1_302' title='bbox 994 2790 1090 2866; x_wconf 86' lang='lat' dir='ltr'><strong>proeul</strong></span> <span class='ocrx_word' id='word_1_303' title='bbox 1107 2789 1203 2846; x_wconf 75' lang='lat' dir='ltr'><strong>abesae</strong></span> <span class='ocrx_word' id='word_1_304' title='bbox 1220 2792 1260 2846; x_wconf 86' lang='lat' dir='ltr'><strong>vi·</strong></span> 
     </span>
     <span class='ocr_line' id='line_1_61' title="bbox 811 2877 1259 2936; baseline 0 -4"><span class='ocrx_word' id='word_1_305' title='bbox 811 2877 940 2934; x_wconf 82' lang='lat' dir='ltr'><strong>darentur</strong></span> <span class='ocrx_word' id='word_1_306' title='bbox 957 2881 1062 2936; x_wconf 87' lang='lat' dir='ltr'><strong>ratione</strong></span> <span class='ocrx_word' id='word_1_307' title='bbox 1079 2877 1177 2935; x_wconf 85' lang='lat' dir='ltr'><strong>hahita.</strong></span> <span class='ocrx_word' id='word_1_308' title='bbox 1201 2888 1259 2933; x_wconf 89' lang='lat' dir='ltr'><strong>tum</strong></span> 
     </span>
     <span class='ocr_line' id='line_1_62' title="bbox 811 2964 1258 3039; baseline -0.011 -18"><span class='ocrx_word' id='word_1_309' title='bbox 811 2964 927 3033; x_wconf 88' lang='lat' dir='ltr'><strong>demum,</strong></span> <span class='ocrx_word' id='word_1_310' title='bbox 946 2985 1008 3022; x_wconf 88' lang='lat' dir='ltr'><strong>cum</strong></span> <span class='ocrx_word' id='word_1_311' title='bbox 1026 2965 1090 3022; x_wconf 84' lang='lat' dir='ltr'><strong>haec</strong></span> <span class='ocrx_word' id='word_1_312' title='bbox 1103 2973 1178 3018; x_wconf 89' lang='lat' dir='ltr'><strong>recto</strong></span> <span class='ocrx_word' id='word_1_313' title='bbox 1195 2982 1258 3039; x_wconf 79' lang='lat' dir='ltr'><strong>per-</strong></span> 
     </span>
     <span class='ocr_line' id='line_1_63' title="bbox 810 3046 1260 3129; baseline -0.004 -21"><span class='ocrx_word' id='word_1_314' title='bbox 810 3061 889 3129; x_wconf 84' lang='lat' dir='ltr'><strong>cepta</strong></span> <span class='ocrx_word' id='word_1_315' title='bbox 908 3060 994 3120; x_wconf 89' lang='lat' dir='ltr'><strong>arunt,</strong></span> <span class='ocrx_word' id='word_1_316' title='bbox 1012 3046 1123 3126; x_wconf 79' lang='lat' dir='ltr'><strong>intelligi</strong></span> <span class='ocrx_word' id='word_1_317' title='bbox 1139 3059 1260 3127; x_wconf 79' lang='lat' dir='ltr'><strong>poseant</strong></span> 
     </span>
    </p>
   </div>
   <div class='ocr_carea' id='block_1_17' title="bbox 776 3132 1259 3216">
    <p class='ocr_par' dir='ltr' id='par_1_18' title="bbox 776 3132 1259 3216">
     <span class='ocr_line' id='line_1_64' title="bbox 776 3132 1259 3216; baseline -0.004 -22"><span class='ocrx_word' id='word_1_318' title='bbox 776 3134 779 3151; x_wconf 76' lang='lat'>⁵</span> <span class='ocrx_word' id='word_1_319' title='bbox 809 3159 840 3194; x_wconf 90' lang='lat' dir='ltr'><strong>ea</strong></span> <span class='ocrx_word' id='word_1_320' title='bbox 868 3159 936 3216; x_wconf 90' lang='lat' dir='ltr'><strong>quae</strong></span> <span class='ocrx_word' id='word_1_321' title='bbox 966 3132 1129 3216; x_wconf 77' lang='lat' dir='ltr'><strong>sequuntur,</strong></span> <span class='ocrx_word' id='word_1_322' title='bbox 1158 3137 1259 3213; x_wconf 77' lang='lat' dir='ltr'><strong>quibus</strong></span> 
     </span>
    </p>
   </div>
   <div class='ocr_carea' id='block_1_18' title="bbox 805 3226 1258 4178">
    <p class='ocr_par' dir='ltr' id='par_1_19' title="bbox 805 3226 1258 4178">
     <span class='ocr_line' id='line_1_65' title="bbox 810 3226 1257 3298; baseline -0.004 -16"><span class='ocrx_word' id='word_1_323' title='bbox 810 3245 889 3282; x_wconf 86' lang='lat' dir='ltr'><strong>causa</strong></span> <span class='ocrx_word' id='word_1_324' title='bbox 907 3228 965 3285; x_wconf 83' lang='lat' dir='ltr'><strong>eiua</strong></span> <span class='ocrx_word' id='word_1_325' title='bbox 991 3235 1081 3298; x_wconf 81' lang='lat' dir='ltr'><strong>tantae</strong></span> <span class='ocrx_word' id='word_1_326' title='bbox 1097 3226 1257 3282; x_wconf 77' lang='lat' dir='ltr'><strong>temeritatis</strong></span> 
     </span>
     <span class='ocr_line' id='line_1_66' title="bbox 808 3310 1258 3389; baseline -0.004 -19"><span class='ocrx_word' id='word_1_327' title='bbox 808 3315 997 3389; x_wconf 72' lang='lat' dir='ltr'><strong>expresserit.</strong></span> <span class='ocrx_word' id='word_1_328' title='bbox 1029 3311 1103 3383; x_wconf 74' lang='lat' dir='ltr'><strong>„Ala</strong></span> <span class='ocrx_word' id='word_1_329' title='bbox 1121 3311 1166 3371; x_wconf 85' lang='lat' dir='ltr'><strong>die</strong></span> <span class='ocrx_word' id='word_1_330' title='bbox 1185 3310 1258 3369; x_wconf 87' lang='lat' dir='ltr'><strong>Con·</strong></span> 
     </span>
     <span class='ocr_line' id='line_1_67' title="bbox 806 3399 1258 3458; baseline -0.004 0"><span class='ocrx_word' id='word_1_331' title='bbox 806 3399 868 3458; x_wconf 82' lang='lat' dir='ltr'><strong>euln</strong></span> <span class='ocrx_word' id='word_1_332' title='bbox 886 3401 935 3457; x_wconf 82' lang='lat' dir='ltr'><strong>das</strong></span> <span class='ocrx_word' id='word_1_333' title='bbox 951 3400 1023 3457; x_wconf 87' lang='lat' dir='ltr'><strong>Heer</strong></span> <span class='ocrx_word' id='word_1_334' title='bbox 1041 3404 1070 3458; x_wconf 84' lang='lat' dir='ltr'><strong>in</strong></span> <span class='ocrx_word' id='word_1_335' title='bbox 1089 3399 1179 3458; x_wconf 76' lang='lat' dir='ltr'><strong>(lieret</strong></span> <span class='ocrx_word' id='word_1_336' title='bbox 1191 3399 1258 3457; x_wconf 83' lang='lat' dir='ltr'><strong>Thal</strong></span> 
     </span>
     <span class='ocr_line' id='line_1_68' title="bbox 809 3486 1257 3546; baseline -0.004 -1"><span class='ocrx_word' id='word_1_337' title='bbox 809 3488 858 3546; x_wconf 83' lang='lat' dir='ltr'><strong>auf</strong></span> <span class='ocrx_word' id='word_1_338' title='bbox 873 3489 934 3545; x_wconf 89' lang='lat' dir='ltr'><strong>dem</strong></span> <span class='ocrx_word' id='word_1_339' title='bbox 956 3497 1047 3544; x_wconf 86' lang='lat' dir='ltr'><strong>ersten</strong></span> <span class='ocrx_word' id='word_1_340' title='bbox 1064 3486 1150 3544; x_wconf 78' lang='lat' dir='ltr'><strong>Parae</strong></span> <span class='ocrx_word' id='word_1_341' title='bbox 1174 3487 1257 3544; x_wconf 76' lang='lat' dir='ltr'><strong>durch</strong></span> 
     </span>
     <span class='ocr_line' id='line_1_69' title="bbox 808 3574 1257 3634; baseline -0.007 -1"><span class='ocrx_word' id='word_1_342' title='bbox 808 3574 1257 3634; x_wconf 84' lang='lat' dir='ltr'><strong>dieFelaschluelrtlrattenriiclren</strong></span> 
     </span>
     <span class='ocr_line' id='line_1_70' title="bbox 807 3660 1255 3738; baseline 0 -20"><span class='ocrx_word' id='word_1_343' title='bbox 807 3662 896 3719; x_wconf 83' lang='lat' dir='ltr'><strong>larsen</strong></span> <span class='ocrx_word' id='word_1_344' title='bbox 924 3663 980 3720; x_wconf 88' lang='lat' dir='ltr'><strong>und</strong></span> <span class='ocrx_word' id='word_1_345' title='bbox 1006 3684 1080 3720; x_wconf 84' lang='lat' dir='ltr'><strong>zwar</strong></span> <span class='ocrx_word' id='word_1_346' title='bbox 1102 3665 1131 3720; x_wconf 91' lang='lat' dir='ltr'><strong>in</strong></span> <span class='ocrx_word' id='word_1_347' title='bbox 1159 3660 1255 3738; x_wconf 68' lang='lat' dir='ltr'><strong>ginali·</strong></span> 
     </span>
     <span class='ocr_line' id='line_1_71' title="bbox 809 3748 1256 3828; baseline -0.004 -22"><span class='ocrx_word' id='word_1_348' title='bbox 809 3749 874 3807; x_wconf 82' lang='lat' dir='ltr'><strong>aher</strong></span> <span class='ocrx_word' id='word_1_349' title='bbox 886 3750 1087 3828; x_wconf 76' lang='lat' dir='ltr'><strong>Sorgloaiglreit,</strong></span> <span class='ocrx_word' id='word_1_350' title='bbox 1101 3748 1167 3811; x_wconf 80' lang='lat' dir='ltr'><strong>weil</strong></span> <span class='ocrx_word' id='word_1_351' title='bbox 1179 3753 1220 3808; x_wconf 82' lang='lat' dir='ltr'><strong>aie</strong></span> <span class='ocrx_word' id='word_1_352' title='bbox 1231 3751 1256 3823; x_wconf 85' lang='lat' dir='ltr'><strong>ja</strong></span> 
     </span>
     <span class='ocr_line' id='line_1_72' title="bbox 807 3828 1257 3912; baseline 0 -20"><span class='ocrx_word' id='word_1_353' title='bbox 807 3833 927 3912; x_wconf 81' lang='lat' dir='ltr'><strong>augleielr</strong></span> <span class='ocrx_word' id='word_1_354' title='bbox 955 3828 1023 3896; x_wconf 83' lang='lat' dir='ltr'><strong>naclr</strong></span> <span class='ocrx_word' id='word_1_355' title='bbox 1051 3839 1113 3896; x_wconf 85' lang='lat' dir='ltr'><strong>dem</strong></span> <span class='ocrx_word' id='word_1_356' title='bbox 1139 3839 1257 3894; x_wconf 85' lang='lat' dir='ltr'><strong>anderen</strong></span> 
     </span>
     <span class='ocr_line' id='line_1_73' title="bbox 805 3920 1257 3983; baseline 0 -3"><span class='ocrx_word' id='word_1_357' title='bbox 805 3920 889 3981; x_wconf 78' lang='lat' dir='ltr'><strong>Parae</strong></span> <span class='ocrx_word' id='word_1_358' title='bbox 900 3924 1033 3983; x_wconf 87' lang='lat' dir='ltr'><strong>hindureh</strong></span> <span class='ocrx_word' id='word_1_359' title='bbox 1045 3948 1077 3983; x_wconf 89' lang='lat' dir='ltr'><strong>zu</strong></span> <span class='ocrx_word' id='word_1_360' title='bbox 1089 3925 1257 3983; x_wconf 81' lang='lat' dir='ltr'><strong>maraelriren</strong></span> 
     </span>
     <span class='ocr_line' id='line_1_74' title="bbox 806 4011 1256 4086; baseline -0.002 -19"><span class='ocrx_word' id='word_1_361' title='bbox 806 4011 962 4086; x_wconf 65' lang='lat' dir='ltr'><strong>gedtehten</strong></span> <span class='ocrx_word' id='word_1_362' title='bbox 981 4015 1014 4069; x_wconf 90' lang='lat' dir='ltr'><strong>da</strong></span> <span class='ocrx_word' id='word_1_363' title='bbox 1027 4013 1126 4072; x_wconf 85' lang='lat' dir='ltr'><strong>landen</strong></span> <span class='ocrx_word' id='word_1_364' title='bbox 1137 4015 1179 4070; x_wconf 80' lang='lat' dir='ltr'><strong>rie</strong></span> <span class='ocrx_word' id='word_1_365' title='bbox 1191 4012 1256 4068; x_wconf 87' lang='lat' dir='ltr'><strong>dan·</strong></span> 
     </span>
     <span class='ocr_line' id='line_1_75' title="bbox 806 4098 1257 4178; baseline -0.004 -22"><span class='ocrx_word' id='word_1_366' title='bbox 806 4098 899 4159; x_wconf 84' lang='lat' dir='ltr'><strong>aelhen</strong></span> <span class='ocrx_word' id='word_1_367' title='bbox 940 4100 1024 4160; x_wconf 83' lang='lat' dir='ltr'><strong>durch</strong></span> <span class='ocrx_word' id='word_1_368' title='bbox 1071 4119 1257 4178; x_wconf 74' lang='lat' dir='ltr'><strong>vorgeaogene</strong></span> 
     </span>
    </p>
   </div>
   <div class='ocr_carea' id='block_1_19' title="bbox 0 0 1314 4590">
    <p class='ocr_par' dir='ltr' id='par_1_20' title="bbox 0 0 1314 4590">
     <span class='ocr_line' id='line_1_76' title="bbox 0 0 1314 4590; baseline 0 3"><span class='ocrx_word' id='word_1_369' title='bbox 0 0 1314 4590; x_wconf 95' lang='lat' dir='ltr'><strong> </strong></span> 
     </span>
    </p>
   </div>
  </div>
 </body>
</html>
