2618 4590
530 257 639 318 LIBER
655 255 703 318 ut

10 434 24 476 ι
69 418 150 485 libus
172 419 281 487 ferire:
315 419 342 485 si
366 419 442 510 qnid
465 398 577 487 eorrrm
600 405 791 509 displiceat,
801 421 924 511 legatos
945 392 1047 490 redire
1069 422 1110 491 od
1131 438 1173 491 se*

68 525 176 592 vetuit.
225 524 307 591 haee
339 547 413 590 eum
450 523 565 613 legatio
602 525 848 607 renuntiaretur,
890 537 995 593 tentus
1032 527 1168 617 gemitis

67 630 211 695 omnium
232 629 338 695 subito
361 639 491 695 exortus
522 638 571 695 est
599 638 752 719 tantaque
779 630 935 698 maestitia
956 630 1099 714 incessit,
1130 642 1168 700 ut

65 757 131 800 non
153 733 278 822 grevim
300 732 460 822 accepturi
476 732 664 800 'viderentur
683 733 711 799 si
738 734 934 802 nuntiaretur
956 735 1111 803 omnibus·
1125 757 1176 810 eo,-
1277 724 1280 739 ¹

66 840 141 904 loco
163 849 302 905 mortem
330 837 545 927 oppetendam
571 859 655 904 esse.
694 861 768 905 eum
790 838 844 905 diu
871 837 1033 906 silentium
1053 837 1201 905 fuissett

65 967 126 1008 nee
150 942 298 1009 eonsules
321 953 375 1009 ant
396 965 455 1032 pro
483 941 613 1039 loedere
639 951 706 1008 torn
728 943 813 1032 turpi
841 955 898 1011 eut
919 954 1029 1011 eontra
1052 942 1174 1019 foedus,

68 1059 132 1112 tam
152 1046 368 1127 necessarium
388 1044 511 1113 hiscere
532 1056 674 1137 possent,
694 1057 765 1113 tum
780 1045 817 1114 L.
832 1046 996 1132 Lentulus,
1018 1047 1075 1139 qui
1096 1059 1166 1115 tum

64 1152 212 1242 princeps
234 1152 411 1241 legatorum
432 1150 549 1218 virtute
578 1163 675 1242 atque
703 1151 880 1220 honoribus
907 1162 989 1235 erat,
1019 1163 1166 1243 „petrem

64 1261 198 1323 meum“
219 1255 339 1346 inquit,
360 1255 550 1339 „consules‚
571 1279 669 1345 saepe
691 1256 798 1325 audivi
819 1267 1053 1341 memorantem
1074 1279 1111 1324 se
1132 1255 1166 1323 iu

65 1360 223 1450 Capitolio
255 1382 357 1426 unrun
389 1384 455 1426 non
484 1360 582 1428 fuisse
610 1372 775 1429 auctorem
807 1361 930 1428 senatui
961 1344 1165 1431 redimendae
1177 1370 1213 1426 to

64 1489 140 1532 auro
164 1490 182 1532 a
205 1463 303 1531 Gallis
327 1464 476 1548 civitatis,
501 1467 631 1555 quando
652 1489 713 1534 noe
735 1467 823 1533 fosse
845 1466 996 1556 valloque
1018 1464 1058 1531 ab
1080 1465 1165 1554 igne·

721 1677 782 1716 men
805 1667 862 1726 est,
887 1657 1046 1733 saepissime
1064 1655 1109 1712 od
1126 1650 1165 1713 ab

721 1747 758 1801 ob
780 1746 851 1801 inter
874 1763 904 1800 se
926 1763 941 1798 e
964 1741 1081 1801 librariis
1103 1760 1163 1818 per·

721 1840 820 1898 mutate
840 1850 907 1889 esse.
1029 1828 1032 1835 ’
1069 1822 1085 1907 ,’
1146 1842 1149 1847 ’
1171 1822 1175 1827 ’

667 1919 694 1976 6.
721 1939 774 1975 nec
791 1918 930 1974 cousules
950 1924 1004 1994 oui
1021 1933 1077 1993 pro
1092 1914 1164 1997 soe·
1187 1932 1190 1937 ’

721 2005 872 2062 deretani
890 2007 1039 2078 turpioni
1060 2013 1164 2079 contro

134 1677 168 1712 se
185 1675 252 1711 esse
262 1655 381 1727 foedus
398 1676 463 1714 cum
475 1675 578 1716 consu·

136 1743 223 1799 libus·
226 1742 342 1814 serires
360 1742 425 1815 ΡΜ]
444 1743 487 1800 his
499 1745 579 1803 cond.

135 1838 185 1887 eet.
204 1862 237 1870 —
256 1828 319 1886 PM:
338 1832 386 1899 „si
398 1831 464 1908 quid
476 1844 579 1889 eorum

134 1914 311 1992 displiceat“:
337 1919 396 1976 scil.
419 1939 486 1995 quse
509 1940 523 1976 a
548 1938 578 1975 se

131 2005 271 2080 proposita
290 2016 387 2077 essent.
416 2005 451 2068 cl.
469 2010 501 2074 8,
518 2009 578 2064 35.:

134 2092 218 2166 quod
233 2122 267 2132 -
286 2102 421 2167 negasset,
444 2096 510 2151 eius
533 2095 579 2150 rei

133 2180 238 2234 veniam
248 2178 374 2238 dedisset.
385 2212 419 2221 -
431 2181 496 2238 Duo
506 2200 576 2240 rece.

132 2265 225 2324 codd:
244 2265 352 2340 siquid
371 2287 463 2324 eorum
481 2268 575 2346 displi-

132 2363 211 2408 ceret.
226 2385 258 2396 -·
272 2348 352 2413 Voss.
368 2375 409 2415 rt:
429 2355 531 2431 legatos
541 2357 575 2412 sd

131 2460 162 2495 se
179 2440 267 2496 redire
284 2445 377 2501 uetuit.

56 2576 61 2580 .
77 2531 105 2586 2.
130 2537 231 2585 tantus
246 2531 375 2604 gemitus
387 2533 516 2587 omnium
528 2551 576 2589 su-

131 2616 190 2670 bito
208 2625 333 2672 exortus
351 2626 413 2673 est.-
431 2618 460 2676 P.
478 2649 514 2662 -·
536 2617 576 2674 li:

133 2703 200 2757 tanti
218 2703 332 2774 gemitus
349 2712 400 2762 cet.
418 2701 449 2760 ln
467 2703 544 2762 Leid.
558 2724 576 2759 r.

132 2788 211 2846 Voss.
228 2807 254 2846 u.
277 2785 345 2847 Lov.
365 2792 393 2845 ⁴l.
415 2790 450 2845 sl.
476 2781 577 2847 excidit

130 2885 242 2934 tantus.
259 2904 295 2919 «-
321 2876 428 2933 Deinde
446 2877 575 2953 seriptum

132 2971 175 3019 est
191 2972 219 3019 et
236 2963 268 3018 in*
282 2961 331 3019 PM
349 2972 376 3018 et
393 2965 421 3020 in
439 2963 574 3022 Drelenb.

36 3066 39 3071 '
130 3050 208 3106 libris
229 3050 576 3129 „mortemmdpeteudom

131 3136 575 3214 esse“vel„eppetendemosse“:

132 3223 205 3299 quod
224 3225 355 3297 integrum
373 3244 498 3282 essenon
515 3236 575 3305 pot·

131 3320 181 3369 est.
210 3320 323 3367 mortem
349 3315 419 3369 eninr
447 3322 577 3390 appetunt

132 3407 178 3453 aut
194 3399 279 3453 fortes
296 3397 395 3454 milites
407 3400 440 3455 alr
452 3401 576 3458 hostibus

132 3485 320 3552 circumventi,
343 3495 389 3542 sut
411 3489 482 3545 vitae
508 3508 574 3564 quo·

131 3573 193 3628 dum
204 3571 294 3627 taedio
304 3574 395 3628 tristes
403 3594 489 3632 senes.
501 3573 574 3651 quod

131 3663 156 3716 si
178 3657 242 3718 h.l.
264 3656 358 3717 Livius
379 3671 503 3718 mortem
523 3682 574 3736 op-

20 3818 23 3822 ·
128 3746 288 3822 petendam
317 3766 385 3804 esse
413 3749 575 3822 scripsisset,

130 3843 216 3889 totum
235 3837 379 3892 exereitum
391 3837 575 3910 ignavissimo·

130 3940 191 3977 rum
209 3920 346 3979 hominum
364 3922 575 3992 iudicasset'ut-
646 3922 690 3981 11.
715 3920 836 3998 quando
853 3919 1007 3992 neefossa
1020 3920 1161 3998 ualloque
1228 3914 1231 3921 ’

715 4009 754 4063 ab
762 4008 957 4085 ignauissimo
967 4008 1011 4062 od
1024 4026 1115 4082 opero
1123 4027 1160 4064 oc
1253 4082 1256 4086 .

132 4023 197 4091 pote
215 4013 312 4088 quihus
330 4011 397 4066 nihil
415 4020 501 4066 morte
517 4031 575 4086 grs-

131 4105 192 4158 vius
209 4099 297 4157 videri
312 4107 412 4173 posset
431 4108 523 4155 notum
537 4108 575 4155 tr-

711 2092 830 2164 socdus
842 2101 903 2147 tam
912 2092 1112 2147 necessarium
1121 2089 1163 2144 lsi·

717 2198 801 2235 scere
816 2187 954 2253 possenti
972 2178 1002 2236 P.
1025 2177 1057 2233 ln
1074 2177 1101 2232 lll
1119 2196 1163 2232 ex·

717 2266 784 2322 cidit
798 2286 865 2340 pro.
884 2270 926 2307 -'
944 2265 979 2321 Pe
997 2274 1054 2320 turn
1071 2262 1090 2327 l,
1101 2263 1163 2341 'len-

665 2424 668 2428 ,
717 2355 790 2410 tulus
807 2356 854 2430 qui
872 2362 929 2408 tom
949 2354 1077 2430 princeps
1093 2348 1162 2423 legr-

719 2451 808 2497 torum
831 2443 930 2497 uirtute
952 2449 1032 2516 etque
1053 2437 1162 2495 honori·

719 2527 771 2585 hus
789 2539 854 2588 eret.
875 2527 916 2585 tt:
934 2537 991 2584 tum
1008 2525 1027 2587 l.
1044 2524 1178 2583 lecturus.

697 2648 701 2657 «
718 2619 832 2692 quitum
845 2619 970 2692 prinecps
983 2623 1034 2673 eet.
1044 2644 1078 2655 -
1091 2611 1162 2669 Cot.

718 2703 923 2758 Gttrtnerianus:
949 2703 1018 2776 „qui
1035 2702 1162 2777 princeps

717 2787 887 2861 legatorum“
910 2795 960 2844 eet.
990 2786 1064 2862 quod
1091 2785 1162 2841 haud

718 2873 872 2950 displiceat:
901 2873 950 2928 sed
976 2871 1082 2928 videtur
1111 2871 1163 2928 hoe

717 2959 829 3017 alterum
847 2970 909 3018 tum
925 2960 996 3016 idem
1010 2958 1084 3037 quod
1100 2968 1162 3015 tum

717 3050 848 3105 maxime
871 3048 1022 3125 significare
1043 3056 1072 3103 et
1096 3049 1162 3104 scri·

673 3206 676 3211 ¹
716 3145 793 3213 ptum
812 3142 881 3203 esse,
898 3157 951 3214 quo
970 3137 1031 3214 plus
1047 3135 1161 3209 anetopi·

718 3224 782 3278 tetis
798 3221 906 3280 Lentuli
924 3224 1015 3280 verbis
1033 3225 1165 3280 tribuere'

718 3318 775 3364 tur:
804 3311 861 3379 „du
884 3310 981 3388 spreeh
1006 3308 1038 3369 L.
1061 3307 1160 3366 Lentu·

718 3394 773 3465 lus,
797 3396 846 3453 der
868 3408 946 3454 unter
968 3397 1021 3455 den
1042 3395 1160 3472 Legsten

716 3483 1162 3557 gerartederbedeutendstewss‘.
1206 3494 1209 3501 '

721 3604 755 3613 -
777 3570 804 3628 lli
826 3591 861 3630 m.
886 3573 923 3630 1.:
945 3581 1050 3651 patrem
1064 3590 1160 3631 meam.

715 3658 744 3716 tl
769 3679 814 3735 m.⁸
831 3661 856 3717 2.
881 3658 915 3714 Pr
942 3668 1046 3735 petrem
1072 3669 1161 3717 meum

716 3749 804 3822 inquit
822 3749 893 3804 cois.
911 3765 991 3823 saepe
1003 3746 1094 3805 audiui
1106 3766 1161 3803 me·

715 3842 863 3903 morantem
882 3841 931 3892 eet.
1057 3840 1060 3844 ’

715 4094 905 4152 muniendum
918 4095 1003 4164 hosts
1011 4096 1161 4155 clausiss-

1215 217 1228 244 Q

1102 244 1169 313 its
