2798 4722
508 319 690 386 nnenvu
818 372 821 380 ff
1072 312 1152 396 ,rso

61 484 111 569 ,Μ
133 483 269 554 Corneli
291 509 446 556 eaenmen
467 485 547 554 illud
568 510 663 578 supra
685 485 834 559 hostem?
862 511 919 556 arx
940 487 993 556 illa
1015 499 1065 556 est
1084 487 1153 580 spei

61 591 225 681 salutisque
248 603 386 675 nostrae,
408 591 435 658 si
459 617 546 676 earn,
568 592 721 682 quoniam
743 593 830 660 eaeei
851 593 1008 684 reliquere
1031 593 1177 660 Samni-'

63 707 108 778 tes,
128 697 253 786 inpigre
276 697 428 785 capimus.
465 721 506 764 ne
528 709 565 764 tu
585 697 663 764 mihi
685 698 758 788 plus
780 722 878 788 quom
903 699 997 766 unius
1018 697 1161 788 legionis

64 803 209 892 principes
231 801 439 892 hastatosque
462 802 603 878 dederis:
637 803 722 884 eum'
738 803 853 894 quibus
880 803 937 870 ubi
964 825 1096 871 evasero
1118 802 1152 868 in

64 929 231 990 senonum,
258 931 355 996 perge
377 907 452 974 hine
475 879 562 976 orlrni
583 906 665 974 liber
685 919 774 975 metu
795 920 893 998 teque
916 921 950 976 et
977 908 1151 979 exereitum
1180 919 1198 974 5

25 1089 26 1100 χ
63 1033 156 1077 serva:
179 1011 287 1102 neque
309 1011 395 1078 eninr
416 1012 538 1080 moveri
558 1011 660 1080 hostis
675 1013 837 1080 subiectus
860 1015 952 1082 nobis
976 1015 1017 1082 ad
1039 1036 1152 1082 omnes

64 1115 130 1184 ictus
152 1116 221 1184 sine
244 1140 303 1182 sua
325 1117 463 1206 pernicie
486 1117 611 1208 poterit.
649 1141 709 1185 nos
732 1118 845 1186 deinde
869 1130 924 1186 aut
948 1119 1074 1186 fortuna
1096 1141 1153 1208 po·

63 1221 117 1308 puli
136 1221 276 1288 Romani
303 1233 358 1290 aut
385 1216 494 1290 nostra
524 1223 624 1292 virus
653 1224 836 1320 expediet“.
876 1223 1083 1295 conlaudatus
1111 1223 1151 1290 ab

64 1325 181 1392 eonsrrle
210 1337 343 1418 accepto
372 1327 529 1418 praesidio
558 1328 645 1397 vadit
673 1329 818 1396 occultus
839 1353 898 1418 per
926 1329 1058 1412 saltum,
1091 1351 1152 1394 nee

64 1430 137 1517 prius
160 1424 199 1496 ab
227 1431 321 1500 hoste
349 1444 399 1500 est
420 1433 506 1499 visus
536 1457 634 1524 quam
660 1435 734 1504 loeo
764 1457 862 1524 quern
888 1433 1018 1523 petebat
1040 1433 1151 1522 adpro·
1164 1442 1223 1498 10‘

64 1535 229 1626 pinquavit:
253 1537 326 1604 inde
348 1536 555 1606 admiratione
570 1539 759 1629 paventibus
780 1538 901 1606 eunetis
917 1562 992 1606 eum
1009 1537 1151 1605 omnium

709 1733 858 1811 quoniam,
873 1725 1065 1798 29‚1.tnPut.
1080 1745 1151 1802 quo-

708 1822 797 1886 niam,
814 1821 843 1875 in
855 1815 933 1876 Colb.
948 1827 1004 1894 qm,
1024 1813 1057 1873 ol.
1074 1833 1151 1888 repe·

707 1909 802 1967 rimus.
825 1939 859 1948 —
888 1906 952 1974 „Da
971 1905 1007 1960 ist
1024 1902 1073 1958 der
1089 1899 1152 1956 Fels

706 2011 818 2050 unserer
836 1992 972 2067 Hoffntrng
995 1990 1052 2047 und
1074 2007 1152 2054 unse-

707 2101 752 2136 rer
768 2079 898 2156 Rettung‚
921 2100 1003 2136 wenn
1025 2080 1079 2134 wir
1101 2095 1153 2132 nus

707 2167 871 2244 sehleunigst
897 2170 987 2224 seiner
1007 2164 1153 2222 bemdehti·

125 1730 247 1786 uidesne
264 1739 297 1787 tu
315 1731 425 1808 inquit:
446 1729 503 1790 ΡΜ.
531 1763 565 1772 -

125 1816 198 1874 llulti
217 1837 287 1876 rece.
311 1817 405 1876 codd:
428 1816 566 1877 deterrito.

123 1936 155 1950 -
181 1905 255 1964 Harl.
279 1923 311 1966 n:
342 1907 446 1964 animis.
484 1905 565 1964 Reec.

123 1981 564 2071 qne.00au·.=anm0.cr.e.1o.:

124 2101 273 2158 suspensos
286 2083 377 2138 animi.
394 2083 492 2150 7,1o.:
509 2081 565 2136 eni-

125 2171 173 2226 mis
191 2201 226 2212 -
244 2168 432 2246 pendentibus.
457 2199 494 2212 -
521 2166 565 2228 Cf.

125 2255 211 2319 1‚³a.=
228 2256 317 2312 viden’
326 2266 354 2312 tu
362 2276 475 2332 puerum
484 2255 564 2314 hune.

79 2339 101 2398 1.
125 2360 182 2404 arga
208 2341 263 2397 illa
284 2351 331 2397 est
355 2346 420 2416 spei
444 2346 565 2400 salotis·

124 2449 179 2506 que
195 2437 332 2485 nostrae:
350 2427 379 2488 P.
402 2460 437 2479 ι-
464 2429 501 2486 Μι
523 2449 564 2486 ar·

122 2515 193 2572 milla
213 2526 255 2572 est
273 2518 331 2594 spei
346 2526 396 2576 eet.
415 2517 446 2573 ln
464 2517 564 2578 Harlr.

121 2601 195 2662 Laid.
211 2623 229 2662 1.
247 2603 393 2678 multisque
405 2605 465 2661 aliis
484 2605 563 2665 eodd.

120 2691 218 2747 excidit
234 2711 304 2752 arx.
340 2691 383 2748 Cf.
401 2695 428 2773 l,
446 2693 506 2752 ld:
524 2693 563 2748 lu·

121 2779 195 2854 eique
222 2809 258 2822 -
282 2779 355 2856 qnod
385 2779 564 2838 editissimum

120 2867 190 2921 inter
207 2866 329 2942 aequales
341 2865 459 2924 tumulos
472 2887 564 2923 oeeur-

121 2953 194 3010 rebat
209 2953 293 3010 oeulis
306 2945 404 3012 arcam
415 2954 564 3011 Albanam

120 3049 221 3115 petunt.

76 3127 98 3184 l.
123 3129 565 3208 quoniameuenirelr'quereSa·

122 3218 239 3274 moires:
248 3214 340 3275 Lovel.
350 3219 392 3289 3.]
403 3239 483 3294 quam
493 3219 565 3275 caeci

124 3313 171 3363 eet.
199 3335 230 3346 -
260 3303 291 3360 ln
310 3303 383 3362 Harl.
401 3325 418 3365 1.
435 3309 565 3384 seriptum

99 3400 160 3448 ’est
176 3395 242 3468 quo,
261 3395 289 3449 in
301 3389 349 3448 ΡΜ
363 3401 420 3470 qm,
439 3393 511 3470 quod
523 3394 564 3450 ni·

24 3457 26 3552 ζ
122 3475 158 3532 lril
176 3478 250 3536 aliud
262 3499 340 3557 quarn
353 3484 493 3558 quoniam
505 3501 564 3538 esse

122 3583 210 3622 omnes
238 3566 340 3624 similes
363 3567 416 3626 looi
440 3561 569 3625 codicum¹
607 3589 615 3612 ι

24 3647 25 3658 ’
121 3651 168 3710 ΡΜ
187 3653 293 3714 docent.
315 3674 376 3712 roro
395 3658 467 3712 enim
486 3658 565 3712 iustis

123 3735 214 3798 litteris
232 3744 260 3798 in
273 3743 469 3818 antiquioribus
486 3743 564 3800 libris
604 3779 613 3796 ι

123 3823 185 3882 haee
202 3819 255 3884 ror
278 3831 378 3905 scripta
398 3829 506 3904 legitur,
533 3830 563 3886 id

123 3911 193 3989 quod
210 3913 291 3969 etiam
308 3919 338 3980 Μ,
357 3919 401 3974 to.
428 3927 478 3984 „et
497 3937 562 3994 quo·

122 4001 190 4056 niem
204 4002 285 4064 ermis
297 4003 349 4059 viri
362 4001 505 4058 defendere
519 4024 562 4060 ur·

122 4087 179 4144 bem
201 4107 256 4142 nen
280 4095 414 4164 possent“
437 4089 562 4148 vidimus.

98 4176 160 4246 ¹sie
179 4177 211 4244 7,
235 4178 276 4234 10.
299 4177 328 4232 in
352 4174 374 4232 P
397 4187 459 4252 qm,
490 4176 562 4234 insu

632 2262 642 2276 ⁸
707 2275 772 2330 gen,
791 2257 824 2312 da
843 2255 889 2312 ilrn
906 2258 933 2329 ja
952 2254 996 2311 die
1014 2253 1153 2310 Samniten

706 2344 736 2400 in
754 2343 828 2401 ihrer
839 2341 978 2400 Blindheit
994 2339 1154 2398 unbeaehtet

706 2431 828 2506 gelassen
846 2431 964 2490 haben“.
979 2461 1013 2472 ·-
1031 2427 1067 2484 P:
1085 2429 1110 2510 si
1122 2431 1153 2481 ea

707 2522 826 2596 qrireeei
844 2519 996 2596 relinquere
1015 2517 1153 2575 samnites·

705 2605 747 2662 lll:
765 2609 790 2663 si
803 2628 860 2664 eom
873 2609 938 2685 qrir'l
955 2607 1011 2663 oeci
1020 2603 1153 2680 reliquere

706 2697 843 2754 samnites.
866 2725 901 2738 -
928 2694 967 2750 lll:
986 2714 1020 2750 ne
1038 2701 1068 2749 tu
1085 2689 1153 2746 milri

706 2780 768 2857 plus
780 2803 860 2859 quam
872 2801 942 2838 unus
955 2787 1008 2846 (m.
1020 2781 1046 2836 3.
1058 2779 1152 2846 unius)

705 2866 819 2942 legionis
860 2869 998 2944 principes
1033 2863 1152 2920 hastatos

705 2975 760 3031 quo
775 2966 781 3026 Ι
797 2955 914 3014 dederis.

653 3043 679 3102 6.
706 3045 902 3119 nequeenim
924 3041 1037 3098 moueri
1057 3037 1153 3096 hostis

707 3140 773 3190 eet:
792 3130 840 3188 ΡΜ
855 3129 913 3190 rell.
930 3129 994 3188 Non
1006 3135 1153 3206 potestne·

709 3240 766 3296 que
778 3222 855 3276 enim
867 3238 987 3298 pronon
999 3217 1077 3272 enim
1088 3213 1153 3269 aeri·

649 3304 651 3318 '
706 3314 783 3383 ptum
795 3307 891 3372 videri,
911 3325 970 3361 euru
988 3303 1015 3362 h.
1028 3301 1047 3360 l'.
1065 3303 1094 3356 in
1107 3297 1152 3355 illa

706 3393 838 3470 particula
865 3413 903 3448 ne
926 3391 1046 3468 quidem
1071 3387 1152 3442 insit:

706 3500 792 3549 „nam
809 3500 845 3536 ne
863 3479 965 3536 moveri
978 3474 1086 3552 quidem
1103 3472 1152 3547 hp·

706 3569 756 3624 stis
774 3567 906 3644 poterit“.
930 3564 965 3624 cl.
983 3567 1010 3631 5,
1027 3563 1084 3620 33.:
1102 3579 1152 3616 nee

706 3675 767 3712 eum
785 3657 980 3730 incorruptum.
992 3682 1026 3692 -
1039 3649 1064 3708 Μ
1078 3669 1114 3730 m,
1127 3651 1152 3706 1.

706 3741 741 3798 P:
759 3742 918 3820 perniciem.
936 3739 962 3798 Μ
980 3759 1015 3798 m.
1035 3739 1073 3794 ΜΛ
1091 3753 1150 3809 per·

705 3831 785 3889 eicie.
804 3861 839 3872 -
857 3827 921 3886 PM:
939 3827 1044 3884 fortuna
1063 3830 1105 3900 pt.

635 3915 678 3974 11.
705 3935 771 3972 cum
794 3917 923 3974 omnium
945 3914 975 3970 in
993 3931 1027 3968 se
1048 3909 1153 3986 uentis

704 4009 751 4058 set
769 4002 886 4058 oculos:
904 3999 939 4058 Μ.
966 4029 1000 4040 -
1027 3997 1063 4054 P:
1090 4016 1157 4068 uer·¹

705 4090 809 4144 tineent.
840 4117 872 4129 -
900 4085 980 4145 Voss.
999 4103 1027 4143 ιι.
1047 4081 1093 4144 al:
1116 4083 1151 4140 ed

704 4175 886 4234 seducendum
905 4194 1006 4250 agmen.
1019 4204 1053 4214 -
1073 4169 1150 4229 llulti
