2618 4590
522 267 630 328 turen
647 269 691 329 Vl.
1111 261 1154 329 97

56 431 210 522 quidquid
232 429 388 520 superfuit
410 429 555 496 fortunae
570 430 682 521 populi
696 429 841 515 Romani,
862 434 896 500 id
909 435 1044 503 militum
1059 436 1155 504 etiarn

54 537 124 604 sine
145 546 270 602 rectore
292 531 412 599 stabilis
427 533 525 601 virtus
539 545 640 602 terlata
663 547 722 604 est.
761 558 844 626 quae
862 537 916 602 ubi
928 539 1067 607 Romam
1080 552 1156 609 sunt

54 641 170 722 relata,
191 637 331 728 primum
353 635 539 705 dictatorem
560 637 622 705 dici
642 640 806 730 placebatz
846 639 959 708 deiude
983 656 1153 734 postquam

54 745 184 833 quietae
205 765 257 809 res
279 766 319 809 ex
341 740 467 808 Vulscis
491 741 714 812 adferebantur
735 755 769 813 et
791 745 938 836 apparuit
959 747 1081 814 nescire
1098 771 1154 816 eos

55 831 187 913 victoria
215 857 248 914 et
274 857 417 936 ternpore
446 846 507 929 nti,
538 848 681 917 revocati
706 849 802 918 etiarn
829 849 904 917 inde
930 848 1090 917 exereitus
1116 863 1189 920 aet

56 951 170 1018 duces:
203 951 366 1042 otiumque
392 949 536 1018 inde¹-—
565 964 722 1044 quantrun
748 978 767 1022 a
795 952 924 1023 Volscis
952 989 997 1002 -
1031 952 1156 1021 fuissetr

70 1135 96 1192 1.
109 1188 111 1196 ,
125 1133 274 1211 quidquid
294 1134 446 1212 superfuit
465 1133 568 1209 fortu-

123 1241 188 1280 nae.
202 1224 260 1308 ῥίξ.
279 1222 314 1278 id
331 1223 457 1279 militum
479 1225 570 1281 etiam

121 1310 187 1365 sine
204 1317 317 1365 rectore
334 1310 452 1367 stabilis
471 1310 568 1368 uirtus

120 1404 217 1452 tutata
227 1405 287 1452 est.-
295 1395 344 1452 Plll
351 1395 407 1454 rell
419 1398 484 1465 (nisi
493 1397 568 1474 quod

121 1481 185 1540 iuP
202 1477 334 1558 seriptum
352 1491 393 1540 est
407 1490 447 1559 ῥῑ*
463 1494 491 1541 et
502 1493 568 1542 tuto

709 1130 775 1197 rum'
788 1168 822 1181 —
840 1157 1024 1218 quaecumque
1053 1137 1156 1217 reliqua

709 1235 781 1283 esset
798 1225 936 1286 fortuna“.
1040 1238 1043 1243 '
1145 1299 1150 1307 Ι

655 1313 684 1370 3.
709 1313 819 1370 deinde
844 1323 1007 1390 postquam
1036 1315 1155 1392 quietae

709 1419 760 1456 res
782 1419 823 1459 ex
840 1400 952 1457 volscis
974 1392 1154 1475 adsereban-
1189 1390 1192 1401 ¹

709 1495 760 1544 tur
776 1496 807 1544 et
817 1487 957 1561 apparuit
967 1496 1034 1547 cett
1051 1486 1108 1547 ΡΜ.
1119 1518 1151 1531 -·

120 1571 199 1641 est)]
219 1570 348 1647 quicquid
360 1569 501 1647 superfuit,
513 1572 567 1628 for·

119 1667 186 1715 turra
203 1656 298 1735 populi
315 1655 431 1713 Romani
449 1679 481 1714 ar
498 1659 567 1716 mili·

120 1753 179 1802 tum
197 1746 278 1800 etiarn
292 1751 346 1803 eet.
365 1745 418 1816 [ae
434 1744 516 1804 Bell.
534 1765 568 1804 ex

119 1832 227 1890 duobus
249 1832 443 1887 recentissimis
464 1828 569 1892 Lovell.

118 1920 231 1999 scripsit
244 1926 294 1997 pro
304 1917 477 1976 Gronoviauo
491 1921 566 1992 et:]:
580 1930 583 1936 '

119 2027 154 2065 ex
172 2007 243 2065 coni.
261 2005 282 2064 l.
299 2005 344 2065 Fr.
357 2004 499 2065 Gronovii.
518 2006 567 2063 Sie

67 2102 72 2121 ¹
118 2096 179 2152 viro
206 2094 424 2168 ingeniosissimo
446 2093 566 2150 scriben-
630 2139 633 2146 .

118 2181 184 2239 dum
204 2179 358 2248 ridebatur,
386 2180 461 2258 quod
484 2198 565 2259 saepe

118 2271 157 2327 ita
181 2288 224 2324 res
241 2266 364 2345 perditae
386 2267 493 2324 fortuna
515 2288 564 2344 po·

116 2355 175 2435 puli
188 2354 221 2413 R.
240 2356 378 2411 restitutae
396 2353 503 2411 eLivio
523 2355 564 2412 di·

118 2451 251 2501 cerentur.
284 2449 365 2518 atque
387 2443 423 2499 ite
450 2441 564 2516 legimus

116 2550 178 2588 eum
195 2529 255 2586 aliis
272 2528 341 2585 loris
358 2538 415 2585 tum
433 2532 459 2597 3,
473 2530 500 2588 7.
518 2531 563 2597 35,

116 2621 144 2677 5.
162 2618 281 2676 relatum.
311 2636 417 2695 semper
428 2635 493 2672 vero
512 2616 563 2672 lrac

115 2724 169 2762 una
178 2705 282 2760 ratione
290 2704 391 2761 similes
403 2723 447 2760 res
460 2699 563 2760 aLirio

117 2799 261 2868 conceptas
283 2809 343 2846 esse
364 2792 411 2848 vix
436 2788 564 2846 contendi

114 2881 225 2957 poterit.
254 2897 308 2939 uec*
327 2878 387 2933 siue
409 2894 489 2932 causa
510 2874 564 2932 hoe

114 2967 177 3025 loeo
194 2968 327 3040 scriptum
345 2960 466 3031 videtur,
484 2962 563 3040 quid·

115 3054 183 3134 quid
200 3053 323 3112 fortunae
338 3048 435 3130 populi
452 3047 486 3108 li.
507 3050 561 3106 illo

113 3146 179 3202 loco
197 3138 372 3216 superfuerit,
395 3136 425 3193 id
442 3157 495 3194 une
512 3137 562 3192 mi·

112 3229 192 3286 litum
221 3227 429 3283 fortissimorum
463 3226 562 3282 virtute

115 3323 293 3373 sustentatum
310 3332 377 3380 esse,
400 3331 454 3389 quo
474 3313 561 3368 maior

115 3401 232 3465 militum
249 3399 332 3475 ‘gloria
342 3399 403 3455 lieri
414 3398 560 3465 videretur,

114 3495 141 3549 si
159 3487 231 3546 nulla
244 3486 340 3543 ducum
351 3485 493 3563 prudentia
513 3485 559 3541 ad·

115 3579 167 3638 iuti
184 3577 331 3650 iniqueque
347 3570 409 3627 loeo
432 3591 487 3627 uon
505 3571 559 3628 for·

60 3690 63 3701 ·
113 3676 179 3723 tuna
197 3659 312 3739 quadam
330 3658 421 3714 divina
439 3678 472 3714 ex
494 3658 560 3715 insi·

113 3755 168 3811 diis
187 3751 305 3826 erasisse
321 3747 370 3803 sed
386 3753 490 3802 suamet
505 3746 560 3822 ipsi

112 3842 212 3900 virtute
235 3839 316 3894 etiam
341 3833 476 3890 fortunam
493 3851 558 3909 quo·

115 3929 177 3986 dam
190 3924 271 3982 modo
284 3920 379 4001 populi
391 3919 506 3994 Romani
518 3929 558 3976 tu·

114 4017 163 4072 tati
173 4033 232 4070 esse
241 4013 401 4069 dicerentur.
413 4006 456 4067 Cf.
466 4007 495 4076 5,
503 4006 559 4064 ln:

113 4099 353 4173 ‚,oorumeadantes
386 4095 480 4154 uirtuti
515 4112 560 4146 eo·

68 4204 97 4251 ¹1⁸.
110 4205 163 4251 Livi
177 4219 228 4262 pars
241 4202 272 4246 11.

709 1570 741 1629 lu
758 1569 832 1631 Harl.
850 1592 867 1631 r.
885 1593 953 1650 quae
975 1576 1046 1632 iuter
1065 1575 1153 1646 adfe-

709 1659 851 1716 rebantur
862 1668 889 1714 et
898 1670 1041 1734 quantum
1053 1680 1073 1716 o
1081 1661 1153 1720 Vol·

709 1746 770 1804 σεῖε
799 1754 877 1816 sunt,
911 1747 1015 1804 incuria
1050 1745 1154 1804 librarii

709 1833 798 1889 omnia
815 1835 1004 1911 praetermissa
1021 1842 1093 1904 suut.

656 1917 683 1976 6.
711 1920 861 1993 otiumque
883 1919 954 1977 inde
974 1929 1117 1998 quantum
1134 1938 1154 1974 o

708 2005 820 2063 uolucris
844 2005 976 2078 fuisset:
1012 2005 1061 2064 ΡΜ
1096 2004 1153 2064 rell.

707 2092 779 2162 (nisi
800 2091 874 2168 quod
895 2094 925 2149 iu
946 2091 975 2149 tl
996 2095 1153 2169 „ociumq.“
1259 2114 1262 2119 ’

707 2180 780 2250 est)]
800 2180 937 2256 otiumque
949 2180 1013 2237 iude
1024 2189 1152 2258 quantum

707 2262 841 2322 rVolscis
850 2264 914 2322 fuitr
933 2265 1152 2327 autrannus.

708 2382 743 2394 —-
764 2350 854 2411 Simili
876 2353 958 2409 modo
976 2342 1111 2411 interddm
1135 2376 1151 2411 a

705 2432 786 2495 Livio
813 2441 946 2517 seriptum
973 2441 1096 2499 videmus
1122 2451 1152 2497 ut

707 2527 794 2582 oratio
819 2528 1007 2604 hypothetica,
1036 2550 1088 2606 qua
1111 2530 1151 2586 uti

704 2614 793 2689 primo
816 2614 982 2684 instituerat,
1012 2616 1046 2672 ad
1069 2616 1151 2672 finem

702 2699 835 2775 perducta
852 2721 908 2758 uon
925 2704 969 2761 sit.
991 2722 1054 2760 nam
1071 2704 1151 2760 etiam

705 2784 837 2841 hocloco
855 2787 923 2842 nilril
947 2787 1151 2856 desideraretur,

704 2871 730 2926 si
756 2880 909 2945 perrectum
935 2883 1007 2929 esset
1030 2874 1108 2942 „nisi
1135 2894 1150 2928 a

703 2956 886 3016 Praenestinis
920 2958 1080 3027 rebellatum
1108 2980 1168 3018 esv

704 3049 779 3106 set“.
809 3064 903 3103 verum
920 3047 951 3104 lri
967 3047 1022 3119 loci
1043 3045 1150 3126 semper

704 3131 761 3190 fere
787 3133 821 3190 ab
849 3131 967 3192 fibrariis
989 3134 1049 3193 aliis
1071 3135 1150 3193 aliter

703 3222 847 3296 permutati
863 3231 935 3278 sunt.
970 3222 1012 3278 sic
1033 3225 1083 3288 30,
1104 3225 1148 3281 25.

703 3326 738 3364 ex
767 3315 835 3382 optt.
864 3303 944 3366 codd.
975 3307 1148 3365 scribendum

703 3401 761 3450 erat
779 3395 853 3463 „iam
871 3391 944 3448 nulla
962 3390 1015 3455 alie
1031 3414 1076 3451 res
1089 3415 1148 3452 eam

702 3479 777 3550 (scil.
795 3482 908 3545 navem)
933 3498 1014 3554 quom
1036 3483 1146 3558 propin·

702 3569 791 3644 quites
808 3576 942 3626 terrae-
956 3569 1026 3625 tueri
1042 3573 1146 3648 potuis·

701 3657 779 3710 set“:
796 3652 846 3708 sed
862 3651 980 3711 librariis
992 3658 1146 3716 recentiori·

701 3740 753 3797 hus
774 3759 841 3796 cum
863 3738 1016 3800 addendum
1037 3745 1145 3805 rideba-

701 3835 752 3884 tur.
782 3829 823 3884 sie
840 3829 866 3896 3,
883 3829 929 3901 45,
945 3829 981 3885 ad
997 3835 1146 3891 ascendie-

703 3923 750 3970 set
766 3908 808 3970 rel
826 3915 855 3970 in
872 3913 946 3989 Harl.
960 3937 977 3976 r.
995 3940 1060 3975 cum
1073 3921 1144 3977 adie-

702 4010 773 4057 ctum
792 3997 921 4077 videmus,
947 4024 1016 4080 quae
1034 4010 1143 4081 coniurq

703 4090 756 4145 ctio
779 4108 829 4144 nee
853 4108 921 4164 opus
944 4101 987 4147 est
1007 4112 1056 4150 nec
1074 4115 1144 4152 eom·

924 4179 945 4246 7
