2780 4720
332 277 363 386 ,'
563 297 670 356 nam
690 301 724 360 x.

94 467 168 530 dum
190 485 351 553 regressos
380 453 583 552 opprimeret.
620 461 709 530 velut
731 485 772 529 ex
800 463 967 551 conposito
995 462 1038 528 ibi
1060 460 1191 528 obvium
1321 527 1330 538 ,

983 344 986 354 .
1072 253 1219 373 ,ιιιι

1216 539 1224 569 Ι

93 569 231 634 habuere
247 565 384 647 hostem,
407 566 462 632 ubi
484 577 517 632 et
531 566 646 632 intrare
661 579 784 658 vastare
802 567 860 656 ipsi
876 564 1065 644 Samnitium
1080 589 1191 655 agrum

94 671 346 762 prohiberentur,
369 682 402 738 et
422 670 546 766 regredi
568 670 641 736 inde
662 670 695 736 in
710 681 821 760 pacato
839 669 1064 758 sociorumque
1079 668 1190 763 populi

89 775 224 842 Romani
245 774 325 841 fines
340 775 517 842 Samnitem
540 773 753 864 prohiberent.
783 798 858 841 cum
873 785 975 840 castra
991 773 1101 840 eastris
1116 796 1210 838 oon·

90 879 162 946 iata.
175 889 298 962 essent,
321 879 409 968 quod
431 878 485 947 vix
507 879 670 947 Romanus
692 879 808 948 totiens
831 878 933 946 vietor
954 878 1098 960 auderet,
1122 875 1223 946 ausit

104 1091 129 1148 6.
157 1090 239 1146 uelut
255 1107 297 1144 ex
316 1091 469 1162 coraposito
493 1087 536 1145 ibi
552 1089 601 1146 ob·

154 1177 238 1232 nium
259 1173 390 1232 habuere
413 1175 529 1234 hostem
552 1177 602 1232 ubi

156 1268 185 1319 et
203 1264 316 1318 intrare
334 1269 457 1320 uastare
474 1265 532 1337 ipsi
543 1261 598 1320 So·

123 1421 126 1432 ¹
154 1349 286 1404 mnitium
295 1349 599 1428 ugrumprohiberen·

154 1445 204 1492 tur
221 1443 250 1492 et
272 1436 395 1514 regredi
411 1437 481 1493 inde
499 1439 530 1492 in
545 1455 598 1511 po·

97 1580 100 1590 ,
153 1530 221 1578 coto
239 1523 446 1596 sociorumque
456 1527 503 1598 pir.
514 1523 599 1598 fines

151 1608 316 1667 Samnitem
341 1608 546 1682 prohiberent:
571 1608 599 1666 tt

151 1693 229 1753 Laid.
246 1695 280 1766 ι.]
300 1692 373 1751 velut
391 1715 424 1752 ex
447 1697 599 1772 composito

153 1783 193 1838 ibi
216 1781 325 1844 obvium
347 1781 464 1838 habuere
481 1781 599 1850 hostem,

152 1871 199 1947 ubi
218 1877 244 1923 et
262 1870 362 1924 intrare
380 1869 478 1925 nedum
493 1878 599 1926 vastare
623 1917 628 1926 .

150 1957 204 2034 ipsi
217 1955 378 2011 Samnitium
396 1975 486 2029 agrum
504 1955 596 2034 prohi-

152 2045 292 2111 berentur,
311 2053 339 2098 et
356 2043 446 2117 egredi
464 2043 528 2100 indo
545 2053 596 2104 eet.

150 2163 185 2176 -
202 2129 276 2186 Idem
295 2130 368 2206 quod
386 2131 414 2186 in
433 2127 459 2186 hi
477 2131 596 2207 repperi·

150 2237 211 2292 mus
229 2235 336 2296 qnoque
354 2219 383 2274 in
402 2217 432 2286 P,
450 2219 503 2272 nisi
522 2215 596 2294 quod

150 2325 186 2367 ur.
215 2307 239 2365 1.
266 2306 337 2374 „ubi
360 2313 387 2360 et
410 2313 514 2361 uastare
537 2305 596 2380 ipsa

118 2405 123 2420 ‘
148 2395 275 2452 ιιιιιιίιίῑι
288 2395 412 2468 agrum‘t
430 2409 466 2450 m.
477 2393 516 2450 ἧι
529 2389 596 2459 „ubi

151 2491 179 2538 et
189 2489 293 2537 uastare
302 2481 378 2556 ipei“
390 2481 520 2556 seriptum
530 2485 595 2536 erat.

149 2567 181 2624 ln
199 2567 258 2624 eod.
272 2567 328 2642 sip
347 2566 460 2644 aliisque
478 2585 546 2622 reue.
563 2563 595 2621 li·

148 2653 207 2708 hris
226 2673 280 2709 non
298 2653 429 2712 habuere
446 2651 524 2721 (seii.
541 2649 595 2706 Ro-

151 2741 222 2796 mant
246 2749 273 2793 et
295 2737 446 2804 Smnnites)
473 2736 523 2792 eed
544 2737 597 2792 Ιιιι·

150 2827 214 2882 tuit
230 2827 367 2880 inventum
387 2831 436 2890 est,
454 2824 530 2898 quasi
543 2822 595 2880 boc

149 2913 261 2971 verbum
280 2912 314 2969 ad
329 2931 410 2970 unu·
424 2907 534 2970 Atilium
554 2913 594 2964 re·
629 2909 632 2918 “

151 2999 291 3058 serendum
305 3009 383 3058 esset.
402 2998 483 3072 Quod
497 2997 595 3054 deinde

150 3091 287 3165 sequitur,
309 3087 343 3143 ad
361 3085 496 3142 Samnites
515 3084 593 3141 etad

149 3177 287 3232 Romanos
300 3176 336 3232 ita
348 3178 465 3252 pertinet
477 3183 514 3241 ut,
532 3194 594 3236 cum

68 3263 71 3270 ’
148 3267 177 3322 iu
191 3263 319 3320 Samnitis
338 3266 394 3334 agri
411 3262 511 3318 finibus
529 3281 593 3316 con·

148 3347 594 3427 gressiessent‚alteri.nlterospro-v

147 3437 269 3496 hibuisse
281 3437 412 3504 dieantur,
430 3455 465 3490 ne
477 3433 507 3491 id
520 3434 593 3512 quod

148 3525 289 3584 voluerant
317 3523 447 3600 perfluere
474 3531 593 3599 possopt.

147 3609 311 3670 Partieohm
325 3611 435 3668 nedum
447 3620 534 3669 tamen
553 3612 594 3666 in-

91 3693 94 3704 ’
149 3699 283 3769 duximus,
302 3708 328 3756 et
345 3699 418 3774 quod
431 3717 461 3754 ea
479 3699 507 3753 iu
520 3697 593 3754 nulio

147 3807 198 3844 neo
220 3789 330 3864 antiquo
354 3805 404 3844 nee
426 3787 595 3842 recentior.

149 3875 211 3932 dice
227 3877 332 3949 scripto
350 3876 457 3931 inventa
476 3872 592 3939 videtur,

149 3972 177 4018 et
200 3963 272 4038 quod
294 3959 383 4018 nulius
405 3961 525 4038 scriptor
538 3977 593 4014 ma-

125 4050 191 4128 ¹gis
224 4069 304 4126 quam
332 4047 428 4106 Livius
457 4045 593 4122 asyndetis

150 4136 241 4198 verbis
257 4156 321 4206 usus
339 4145 389 4197 est.
407 4134 544 4194 Postremo
554 4153 594 4206 re,-

741 1092 876 1151 stituimus
895 1087 1023 1168 regredi,
1041 1086 1114 1163 quod
1133 1087 1158 1144 b.
1169 1086 1185 1142 1.

742 1181 771 1234 in
798 1176 923 1244 omnibus
950 1175 1030 1234 codd.
1057 1175 1188 1249 scriptum

741 1273 792 1332 est,
810 1264 910 1328 eisdem
923 1263 1021 1339 quibus
1033 1259 1112 1338 paolo
1126 1270 1187 1319 ante

741 1353 829 1406 causis
861 1349 973 1408 inducti.
1008 1347 1039 1403 In
1058 1347 1136 1403 Voss.
1157 1367 1184 1404 11.

740 1437 808 1497 Lov.
825 1441 850 1498 d.
869 1438 1013 1512 multisque
1031 1434 1090 1490 aliis
1109 1431 1186 1490 libris

697 1524 701 1534 '
740 1527 871 1601 scriptum
890 1533 931 1580 est
954 1521 1023 1592 „ubi
1042 1531 1068 1576 et
1086 1523 1185 1592 intrare

723 1607 846 1666 ¹uastare
865 1611 902 1666 ibi
921 1610 1076 1668 samnitium
1094 1627 1186 1682 agrum

738 1691 978 1776 prohiberentur“‚
991 1697 1019 1752 in
1030 1695 1134 1751 duobus
1145 1713 1184 1752 rea

742 1787 903 1848 certissimis
915 1785 992 1840 libris
1005 1783 1072 1850 „ubi
1085 1784 1185 1836 intrare

741 1871 769 1929 et
786 1875 876 1940 uast,“
895 1872 965 1939 „ubi
982 1872 1081 1936 intrare
1095 1887 1184 1922 acua-

739 1965 842 2018 stare“.
860 1957 953 2026 „Dort
971 1979 1004 2014 an
1019 1956 1067 2012 der
1080 1943 1185 2010 Grenzo
1255 2009 1262 2016 ,

738 2043 1043 2110 stiessenbeideTheiie,
1053 2041 1138 2115 gleieh
1145 2039 1183 2096 ais

738 2135 773 2191 ob
790 2134 831 2189 sie
839 2153 891 2190 von
907 2133 992 2187 ihrem
1005 2127 1184 2186 Ausmarsche

737 2220 899 2298 gegenseitig
911 2229 1038 2295 gewusst,
1047 2217 1182 2274 auieinan-

738 2308 795 2377 der,
813 2329 859 2366 um
877 2309 950 2363 einer
968 2306 1040 2362 Seite
1059 2303 1111 2358 don
1129 2302 1182 2358 lto-
1243 2365 1250 2376 θ

737 2415 796 2458 mer
818 2415 851 2452 zu
873 2393 1035 2454 verbindern
1063 2392 1111 2448 das
1134 2389 1182 2446 Sa·

705 2547 708 2554 Δ
738 2483 881 2541 mnitische
896 2481 993 2538 Gebiet
1010 2501 1045 2536 uu
1061 2479 1181 2542 betreten

738 2570 793 2628 uod
807 2591 839 2626 zu
849 2567 990 2645 piiindern,
1002 2566 1100 2622 andrer
1109 2565 1182 2620 Seits

668 2694 671 2704 ·
737 2677 781 2714 um
801 2657 852 2716 deu
865 2655 1000 2710 Samniter
1013 2675 1045 2708 zu
1059 2653 1181 2719 hiudern,

735 2742 805 2798 nach
825 2741 876 2796 deu
900 2741 999 2795 bereits
1024 2737 1181 2812 beruhigteu

736 2829 861 2885 Ltndern
883 2827 1039 2894 (Etrurieu)
1062 2825 1128 2882 oder
1152 2827 1180 2880 iu

737 2917 785 2973 dus
815 2913 913 2970 Gebiet
948 2912 997 2968 der
1028 2911 1180 2968 rbmischen

736 3001 978 3077 Bondesgenossen
991 2997 1180 3076 (Carupauien)

729 3087 997 3172 -ruriichzuhehren‘-‘.
1012 3086 1055 3146 Cf.
1069 3090 1112 3154 10,
1123 3089 1179 3144 ta:

736 3178 853 3234 dominis
872 3208 906 3218 -
924 3177 1065 3232 reuocatis.

681 3270 707 3326 5.
737 3266 820 3342 qood
836 3265 891 3320 nise
914 3283 1055 3320 romanus
1072 3262 1180 3318 totiens

736 3355 830 3408 uictor
852 3339 997 3406 audereie.
1015 3347 1072 3408 Pil.
1107 3346 1180 3406 Haec

735 3437 922 3496 verbanden
943 3456 1011 3512 quae
1033 3445 1181 3512 sequuntur

734 3527 869 3599 pertinere
887 3521 1018 3579 neminem
1037 3524 1178 3600 praeterie-

735 3614 780 3670 rit.
792 3643 827 3656 -·
839 3609 898 3668 Phi:
909 3652 925 3680 „
934 3621 1036 3667 teritum
1054 3611 1178 3685 despera·

735 3701 780 3754 tio
793 3698 885 3756 ultima
904 3680 1061 3760 temeritatis
1081 3698 1178 3754 iacit“:

734 3789 754 3847 i.
773 3807 796 3846 e.
815 3797 917 3844 tautum
939 3787 1097 3842 temeritatis
1116 3784 1179 3838 iacit

686 3881 690 3890 '
735 3872 827 3934 ultima
841 3875 1000 3951 desperatio.
1018 3905 1052 3914 -
1071 3871 1179 3932 Vossr.
1249 3890 1254 3900 ’

734 3961 864 4037 multique
882 3960 927 4016 alii
940 3959 1033 4016 codd:
1052 3968 1081 4014 et
1090 3979 1181 4036 quarn·

664 4041 668 4058 '
736 4069 817 4124 quam
839 4066 894 4104 uon
917 4049 991 4104 uenit
1013 4055 1080 4104 tarn‘
1092 4045 1179 4105 audax

735 4136 872 4212 irreptum
887 4133 924 4192 ed
941 4134 1031 4200 tinem,
