2618 4590
162 263 206 333 66
627 278 733 339 [lum
749 278 796 339 Vl.

165 440 239 525 sris,
263 439 472 532 {mugientibus
494 460 529 507 se
551 439 663 507 Vulsci
690 441 820 507 atiniae
841 440 919 507 balli
940 440 1150 529 eaptivosque
1170 448 1260 526 resse*

164 545 305 617 tentibus
326 560 363 615 ut
388 546 454 613 suis
475 543 597 633 legibus
618 543 651 610 in
680 569 736 611 eos
765 543 1064 611 animadverterant.
1092 542 1189 608 tristia
1211 565 1260 607 re-

166 673 284 740 sponsa
306 651 435 732 reddita,
455 648 591 718 tristiora
613 648 745 731 colonis,
766 650 854 738 quod
876 650 961 717 cives
983 647 1118 715 Romani
1139 645 1262 735 patriae

168 757 398 846 oppugnandae
420 753 556 821 nefanda
571 753 708 819 sensilia
729 754 869 822 inissent.
902 776 967 820 non
988 762 1139 841 negatum
1152 751 1262 839 itaque

136 868 288 926 stantum
301 860 351 927 ade
368 859 519 950 eaptivin
547 858 604 924 sed
626 892 670 905 -
692 857 724 922 in
745 882 811 948 quo
834 860 874 925 ab
895 857 990 925 sociis
1012 867 1120 922 manen
1139 866 1261 944 tempe·

164 976 309 1032 saverant
322 999 367 1017 -ι-
381 962 601 1031 denuntiatum
622 972 750 1028 senatus
772 963 886 1044 verbis,
908 963 1103 1029 facesserent
1120 982 1263 1049 propere

164 1090 206 1135 ex
226 1068 305 1135 urbe
328 1068 369 1135 ab
392 1092 448 1136 ore
465 1078 567 1158 'atque
594 1066 694 1133 oculis
713 1066 833 1157 ‚populi
852 1067 1003 1147 Romani,
1025 1090 1071 1132 ne
1100 1064 1178 1131 nihil
1200 1087 1260 1129 eos

162 1170 328 1262 legationis
350 1173 401 1238 ius
421 1183 554 1239 externo
572 1194 641 1237 nun
663 1170 723 1238 civi
746 1183 952 1260 conparatum
974 1180 1105 1259 tegeret.

250 1273 366 1343 XVlll.
409 1275 663 1344 Recrudescente
677 1282 682 1343 .’
693 1275 852 1342 lllanliana
889 1277 1044 1343 seditione
1078 1274 1138 1341 sub
1172 1273 1263 1339 exitu

235 1401 267 1452 ἡ
282 1415 313 1451 w
340 1395 471 1454 uelitriu·
496 1394 547 1453 PH
563 1395 637 1456 Harl.
660 1416 678 1455 s.

233 1479 352 1542 'Iasidss'n
369 1481 402 1540 al.
421 1480 465 1540 cl.
481 1486 508 1552 6,
528 1485 571 1543 12.
589 1487 632 1542 13.
643 1514 677 1524 —

817 1398 875 1452 aius
893 1394 1032 1465 Camillus,
1050 1395 1109 1453 Sar.
1124 1386 1263 1469 Sulpicius

812 1483 905 1541 itanu
938 1487 1035 1541 iterum
1069 1480 1103 1540 C.
1137 1480 1265 1557 Papirius

235 1567 264 1625 Μ
280 1590 315 1628 m.
329 1571 367 1627 1.:
384 1571 557 1672 gurgantibus
573 1591 603 1627 se
621 1559 678 1628 uol-

226 1656 293 1714 seis
307 1659 314 1727 Ι
329 1653 440 1712 erimine
451 1648 529 1718 'built
548 1690 582 1700 -
599 1648 624 1715 Ρ
642 1679 678 1717 sn.

186 1756 189 1761 '
236 1743 262 1800 1.
278 1739 317 1798 llls
340 1743 450 1799 tristitia
470 1760 599 1819 responsa
618 1739 678 1802 reil-

235 1827 300 1887 dita.
312 1828 378 1889 Pm.
388 1833 426 1887 λε
436 1833 542 1891 tristia.
558 1832 591 1891 el.
600 1835 625 1900 ¹2,
636 1836 676 1892 l.:

235 1912 341 1975 laetion
359 1947 394 1961 -
411 1916 434 1974 P
451 1936 487 1978 m.
506 1922 549 1977 1.:
567 1910 680 1979 iuisant.¹

234 2000 310 2075 Pau.
327 2005 353 2062 2.
369 2004 411 2061 lls
429 2007 564 2064 inissent.
603 2050 607 2057 .

182 2135 210 2192 7.
236 2153 274 2193 ns
289 2134 366 2195 attii
381 2157 433 2195 sos
451 2139 611 2216 legationis
628 2138 677 2193 ius

237 2230 360 2279 externo
378 2245 437 2279 riou
460 2226 519 2279 ciui
539 2244 678 2298 conpono-

230 2316 298 2363 ›tum
306 2318 433 2385 tegeret:
446 2308 506 2365 Pto:
526 2311 544 2367 i.
557 2331 580 2368 a.
592 2331 679 2386 „quos

186 2422 189 2427 ·
235 2391 376 2469 'legationis
394 2397 438 2451 ius
455 2416 622 2472 nequaquam
639 2407 678 2452 te·

189 2498 203 2511 ··
218 2502 221 2507 ·
239 2484 336 2553 geret“
353 2479 396 2537 vel
417 2484 508 2558 potius
532 2502 588 2550 „ne
604 2482 678 2538 vide·

201 2637 204 2643 Ι
238 2575 299 2621 rent
322 2576 352 2620 se
374 2566 442 2624 nihil
463 2570 521 2623 iure
538 2568 679 2643 legationis

237 2654 325 2725 ugn‘.
344 2650 387 2712 Ol.
406 2657 432 2720 l,
446 2656 504 2713 na:
521 2674 559 2710 ne
575 2655 680 2731 praedi-

173 2760 180 2773 ·
239 2747 310 2794 etum
327 2743 456 2818 negetis.-
474 2740 508 2796 al.
526 2772 559 2783 -
578 2740 679 2800 llsrls.

236 2821 314 2884 Leia.
332 2844 362 2885 n:
379 2835 509 2901 tegerent.

186 2958 212 3014 9.
238 2943 461 3016 recrudescente
471 2961 623 3017 manliana
635 2981 680 3017 se·

192 3091 195 3099 ,
239 3043 352 3099 onim
369 3047 425 3100 sub
442 3045 495 3111 (Pa
511 3043 576 3112 sed)
599 3048 680 3102 exitu

239 3130 314 3183 unni
326 3131 445 3185 comitio
460 3129 563 3185 habita
579 3133 681 3187 crusti-

241 3234 299 3293 que
315 3222 352 3273 ts.
363 3217 425 3273 mil.
434 3216 590 3274 consulari
602 3227 682 3291 pote·

241 3304 319 3358 state
330 3307 449 3382 sergius
459 3305 610 3361 corisclius
621 3324 681 3360 mu·

239 3389 414 3467 lugiuensis.
437 3405 479 3449 11.
500 3398 531 3466 p.
549 3393 682 3449 valerius

237 3477 350 3545 potitus
375 3480 489 3536 uerunt
515 3485 553 3535 ῆῑ.
572 3475 682 3549 furius

177 3628 179 3633 Α
238 3564 383 3623 camillus.
404 3569 433 3642 ᾷ.
455 3566 574 3623 seruius
590 3566 680 3640 sulpi-

239 3648 304 3703 cius
320 3649 411 3720 rusus
426 3654 541 3709 iterum.
555 3657 583 3710 ῐ.
598 3654 682 3726 papi-

240 3733 304 3789 rius
332 3755 462 3794 crassus.
498 3748 518 3796 t.
550 3741 681 3813 quintius

239 3820 430 3883 cincinnatus.
437 3839 496 3883 11..·
509 3823 567 3896 ΡΜ]
579 3825 680 3883 Recru-

237 3906 363 3986 aleseoute
389 3938 423 3950 -
447 3909 507 3971 Ser.
536 3909 680 3970 Cornelius

238 3991 426 4070 Maluginensis
442 4000 559 4067 tertium,
579 3999 610 4059 P.
628 3999 678 4056 Va·

237 4076 319 4137 letius
336 4081 441 4147 Potitus
458 4084 563 4155 iterum,
578 4083 614 4147 Μ.
625 4085 648 4144 F
649 4108 678 4144 u·
771 4086 774 4095 “

819 1571 934 1627 Crassus
951 1570 983 1629 Τ,
1006 1571 1134 1644 Quintius
1152 1567 1263 1625 Cincin-

818 1668 897 1714 natus
918 1657 1072 1715 seeundum.
1095 1688 1129 1698 -
1153 1659 1193 1712 lix
1215 1652 1266 1713 ΡΜ

810 1745 1011 1801 ''restituendum
1024 1744 1111 1820 primo
1124 1754 1180 1799 arat
1193 1740 1263 1801 Ser·

816 1834 885 1889 ‘uiue
903 1833 1059 1887 Cornelius
1078 1832 1263 1908 Maluginen-

818 1922 863 1976 sis
893 1921 1014 1985 ἰίινιιιη,
1045 1936 1105 1973 cum
1133 1917 1265 1992 Sigonius

818 2006 901 2065 soribi
911 2006 1176 2064 volnissettsntium.
1189 2003 1266 2063 luleus

813 2096 890 2150 enim
903 2095 1059 2150 Cornelius
1077 2103 1118 2150 est
1134 2094 1182 2168 qui
1194 2096 1222 2157 6,
1237 2096 1264 2148 6.

819 2183 890 2236 inter
911 2182 1035 2236 tribunos
1057 2201 1080 2238 a.
1102 2182 1163 2238 368.
1187 2200 1265 2258 nape-

758 2322 761 2327 .
819 2268 888 2337 situs
909 2278 937 2322 et
953 2270 1001 2343 qui
1019 2269 1049 2333 6,
1067 2269 1111 2326 ni.
1128 2269 1157 2323 in
1174 2265 1264 2323 Livia·

757 2410 761 2417 ,
819 2355 862 2409 nis
880 2354 1020 2410 annalibus
1036 2354 1147 2411 Servius
1160 2350 1266 2415 Corne-

820 2439 873 2497 lius
882 2440 1069 2516 Maluginensis
1080 2444 1201 2503 uatium
1209 2463 1264 2498 non

820 2538 966 2600 quartum,
979 2529 1052 2604 quod
1061 2528 1189 2603 Sigonius
1200 2549 1264 2585 eon·

822 2614 915 2682 tandit,
932 2618 1067 2676 scribitur.
1086 2616 1149 2691 Quo
1165 2618 1264 2689 mendo

819 2721 885 2757 uaso
905 2705 937 2757 in
959 2703 1039 2761 codd.
1060 2725 1115 2759 non
1137 2703 1264 2763 Servius

820 2788 870 2843 sed
896 2787 1023 2869 Sangius
1050 2794 1184 2868 seriptum
1213 2803 1263 2853 est,

724 2871 728 2882 '
820 2875 914 2933 eodem
927 2878 1047 2933 videmus
1059 2880 1086 2945 5,
1098 2880 1141 2937 29.
1154 2880 1182 2935 in
1194 2890 1263 2955 optt.

818 2955 896 3018 libris
915 2983 969 3018 non
987 2965 1111 3023 Seruius
1126 2966 1176 3023 sod
1192 2967 1264 3025 Scr-

820 3050 890 3126 gius
913 3050 1077 3126 Sulpicius,
1103 3055 1135 3120 6,
1157 3056 1183 3112 l.
1206 3074 1263 3110 non

820 3134 946 3193 Seruius
962 3137 1011 3195 sed
1028 3138 1177 3197 Seruilius
1193 3141 1265 3198 Sul-

816 3223 915 3295 picius
926 3226 1061 3302 scriptum.
1079 3225 1187 3283 Deinde
1196 3230 1264 3283 seri·

818 3310 924 3384 psimus
950 3313 989 3367 M.
1013 3313 1124 3370 Furius
1154 3314 1264 3371 Camil-

819 3394 870 3451 lus
887 3406 1014 3466 sentum,
1032 3408 1058 3454 et
1068 3403 1096 3466 6,
1112 3401 1156 3455 nu.
1174 3404 1263 3473 sepii-

819 3499 909 3549 mum,
927 3502 1083 3559 quamquam
1095 3488 1186 3564 priora
1201 3485 1264 3544 loco

821 3573 841 3644 ᾷ
860 3569 895 3638 (i.
908 3589 931 3627 e.
944 3574 1087 3647 quinium)
1099 3583 1171 3629 reste
1183 3594 1214 3630 se
1223 3577 1263 3632 vi·

822 3654 1264 3719 daturhabereetnlterolooossx·

819 3750 890 3801 tum.
920 3745 1024 3802 videtur
1041 3749 1112 3802 euim
1129 3757 1204 3804 totus
1221 3769 1264 3806 es·

819 3849 866 3886 nor
887 3829 969 3887 lutere
993 3835 1081 3902 5,1.‚
1103 3835 1150 3891 nbi
1167 3834 1264 3892 Livius

820 3926 882 3972 oeta
905 3918 988 3975 luisse
1007 3919 1161 3977 consulares
1178 3923 1264 3978 tribn-

820 4023 870 4059 uos
888 4004 963 4073 dicit,
982 4026 1041 4063 cum
1053 4029 1101 4064 aex
1113 4007 1213 4064 luerint
1229 4030 1264 4065 ex

819 4087 887 4167 (lap.
903 4090 1003 4166 naga„
1020 4094 1143 4170 interque
1161 4115 1208 4152 eos
1225 4095 1263 4156 lll.
