2618 4590
528 270 638 387 malm
653 270 725 333 thl.
1110 261 1174 333 301

73 424 195 516 estut,
230 433 258 499 si
286 431 413 525 quando
442 453 597 523 umquam
624 455 737 501 severo
765 435 868 502 ullum
896 437 1029 526 imperio
1052 437 1175 509 bellum

71 535 324 603 administratum
347 547 446 620 esset,
472 547 550 605 tunc
571 535 618 604 uti
640 537 803 627 disciplina
824 540 965 608 militaris
989 543 1028 607 ad
1050 542 1172 632 priscos

69 640 263 731 redigeretur
290 666 407 709 mores,
445 664 556 708 curam
583 639 719 708 acuebat
745 643 835 732 quod
861 644 1015 711 adversus
1041 643 1172 714 Latinos

68 742 256 810 bellandum
283 758 365 829 erat,
393 745 500 836 lingua
521 744 663 813 moribus
693 769 855 812 armorum
882 772 998 837 genere
1022 748 1171 816 uastitatis

69 860 144 915 ante
168 849 273 916 omnia
295 850 481 916 militaribus
503 862 743 940 congruentesr'
766 850 883 918 milites
905 852 1074 935 militibus,
1099 872 1201 927 cen-s

68 952 246 1020 lusionibus
268 954 478 1037 centuriones,
499 954 616 1045 tribuni
636 953 769 1021 tribunis
791 947 947 1045 conpares
963 958 1172 1047 collegaeque

67 1058 172 1125 isdem
204 1058 368 1151 praesidiis
398 1082 495 1148 saepe
527 1044 631 1125 isdem
656 1059 826 1148 manipulis
858 1062 1008 1149 permixti
1035 1062 1171 1129 fuerant.

64 1187 124 1253 per
142 1163 226 1231 baec
247 1187 289 1230 ne
311 1187 377 1253 quo
399 1186 506 1230 errore
528 1161 645 1229 milites
674 1175 876 1253 caperentur,
904 1165 1033 1234 edicunt
1058 1189 1170 1234 consu-

63 1268 113 1335 les
134 1290 176 1335 ue
199 1269 270 1358 quis
293 1278 382 1335 extra
405 1267 551 1335 ordinem
572 1266 606 1331 in
627 1265 756 1335 hostem
777 1280 942 1359 pugnaret

163 1373 243 1442 ¹Vll.
287 1373 384 1440 Forte
410 1372 493 1440 inter
523 1383 647 1438 ceteros
675 1383 852 1440 turmarum
878 1375 1077 1464 praefectos,
1111 1376 1216 1468 quito

66 1479 271 1569 exploratum
291 1478 324 1543 in
347 1501 459 1545 omnes
479 1487 587 1566 partes
610 1474 729 1543 dimissi
752 1489 850 1560 erant,
872 1479 911 1547 Τ.
934 1479 1072 1547 Manlius
1094 1504 1169 1565 con7

63 1583 141 1650 aulis
162 1581 246 1648 silius
268 1604 366 1672 super
387 1592 490 1647 castra
511 1579 654 1646 hostium
677 1603 751 1646 omn
773 1580 838 1647 suis
856 1584 1044 1651 turmalibus
1067 1585 1169 1653 evasit

62 1688 107 1754 ita
129 1698 166 1754 ut
192 1686 248 1753 vix
269 1684 326 1752 teli
352 1685 437 1752 iactu
465 1684 504 1750 ab
533 1683 668 1751 statione
696 1683 843 1772 proxima
866 1686 1000 1755 abesset
1039 1689 1083 1755 ibi
1104 1690 1168 1756 Tu-

60 1789 187 1859 sculani
214 1800 304 1857 erant
332 1791 473 1880 equites:
511 1800 657 1880 praeerat
679 1787 832 1855 Geminus
854 1788 997 1859 Maecius
1019 1791 1068 1860 vir
1093 1817 1168 1861 curn

82 1926 108 1983 1.
138 1932 172 1979 ut
189 1924 218 1979 si
233 1921 355 1999 quaudo
374 1939 515 1995 umquem
533 1941 579 1978 sc·
720 1934 782 2001 dem
806 1937 950 2013 praesidiis
973 1958 1037 2016 sepe
1060 1939 1166 1999 bisdem

103 2036 106 2041 ·
133 2030 207 2066 uero
226 2010 454 2084 ullumimperl'v
468 2010 579 2066 billum
718 2023 863 2098 manipulis
894 2028 1020 2102 permixti
1052 2026 1167 2089 inerant.

132 2097 374 2153 administratum
405 2106 484 2154 ΗΜ
508 2107 579 2153 tunc
719 2108 762 2167 Mg
781 2130 912 2188 conpares
930 2112 1100 2191 collegaeque
1111 2114 1167 2170 hig-

132 2186 177 2241 uti
199 2192 266 2243 cet:
290 2182 321 2242 Ρ.
348 2212 384 2226 ·-·
413 2182 453 2241 ΜΞ
480 2205 577 2242 seuero
720 2197 782 2254 dem
811 2199 954 2277 praesidiis
983 2220 1064 2278 saepe
1086 2203 1093 2274 Ι
1112 2200 1167 2258 bis-

131 2271 180 2328 illu
198 2272 321 2349 imperio.
339 2288 374 2330 m.
392 2273 431 2330 3.=
449 2270 525 2331 illud.
542 2302 578 2315 ··
720 2281 783 2340 dem
813 2286 957 2360 manipulis
987 2297 1039 2346 eet.
1068 2317 1102 2329 -
1135 2288 1167 2344 ln

131 2357 175 2418 Gi.
188 2360 231 2426 Ἡ,
245 2359 301 2416 11.:
320 2357 462 2434 edictoque
476 2377 576 2435 propo·
718 2368 796 2431 Laid,
814 2391 832 2429 ι,
855 2372 932 2433 vm,
951 2392 980 2433 u.
1003 2374 1038 2433 21,
1060 2374 1166 2432 excide.

130 2448 184 2502 sito
204 2455 237 2502 ut
254 2446 352 2522 quibus
364 2447 465 2523 oppida
482 2444 577 2502 olmiel-
719 2468 784 2515 runt
801 2459 881 2516 verba
896 2461 1061 2538 praesidiis
1076 2482 1168 2539 scope

129 2533 210 2611 laque
238 2534 370 2590 inmunita
399 2544 504 2603 essent,
534 2535 578 2590 uti
720 2546 826 2607 isdem,

132 2623 337 2694 commigrarent
365 2623 394 2677 iu
421 2619 482 2677 loca
510 2628 576 2681 tuta.

130 2709 165 2766 al.
180 2738 214 2750 -
231 2706 294 2763 Pit:
313 2709 354 2763 nti
373 2706 515 2784 disciplina
528 2709 577 2764 mi·

129 2795 218 2850 lituris
236 2792 271 2847 ad
288 2795 394 2868 priscos
413 2793 578 2866 redigeretur

131 2898 230 2938 mores.
247 2878 329 2938 liceo.
342 2877 417 2955 quid.
432 2877 523 2936 codd:
534 2898 576 2934 re·

128 2967 279 3026 duceretur.

73 3062 103 3120 5.
131 3057 239 3114 milites
266 3054 408 3111 militibus
433 3054 577 3110 centurio·
1134 3098 1137 3103 .

130 3143 216 3199 nitas
246 3144 434 3198 centuriones
465 3140 579 3197 tribuni
648 3111 692 3170 ¹⁰·
717 3120 884 3171 ‘mmmm
892 3112 1080 3188 praesim*
1092 3114 1115 3173 P
1129 3135 1166 3175 ¹¹¹·

130 3230 274 3286 tribunis:
292 3225 577 3288 Ptttlarl.1.Leid.1.
718 3200 745 3258 2·
762 3197 798 3259 m·
826 3231 861 3241 ··
887 3198 963 3260 pm·
988 3202 1164 3304 {Adummi-

88 3350 91 3355 .
131 3316 166 3374 al,
196 3347 230 3358 ..
265 3315 348 3375 Rege,
378 3316 452 3393 quid·
483 3314 577 3374 codd·²
719 3285 912 3346 rum-Pm.
926 3287 1166 3346 1.:d1m1srcraut.

129 3403 324 3472 „centuriones
334 3404 578 3461 centurionibns“:
649 3397 692 3455 14.
719 3396 861 3452 Geminus
872 3397 1024 3454 Maccius:
1037 3397 1096 3470 PM]
1113 3397 1166 3455 Ge·

131 3507 213 3566 quem
232 3489 395 3546 admodum
415 3493 578 3568 optimorum
679 3538 683 3543 .
720 3483 809 3540 minus
818 3481 1167 3563 Mettiu⁵·-Cf.interprr.

130 3576 262 3633 librorum
279 3575 334 3631 fide
346 3576 518 3632 scribendum
537 3584 579 3632 est
719 3568 755 3626 ad
775 3568 900 3627 Festum:
933 3574 1055 3639 „maccio
1077 3574 1167 3631 uitus

131 3666 178 3731 ut,
190 3665 247 3722 lo:
265 3672 366 3719 tessera
384 3683 433 3740 per
447 3670 532 3719 castra
545 3662 578 3719 ab
722 3676 737 3711 δ
765 3656 882 3732 quodam
899 3668 988 3716 castro
1010 3661 1051 3717 sic
1074 3660 1166 3740 appel·

131 3748 212 3808 Livio
240 3750 351 3808 consule
378 3750 439 3806 data
466 3759 523 3805 erat
549 3758 580 3805 ut
720 3740 822 3803 laiur“.
1153 3754 1158 3760 '

130 3838 257 3894 tribunus
285 3838 423 3894 tribunum
458 3837 579 3893 centurio
668 3875 703 3888 -
720 3866 786 3902 eum
801 3866 928 3925 genere.-
945 3847 968 3906 P
984 3847 1052 3910 Lor.
1070 3851 1096 3910 4.
1114 3849 1166 3924 ab]

72 3976 97 3991 .,
134 3927 320 3982 centurionem
348 3943 431 4002 eques
461 3926 579 4002 equitem
719 3942 777 3990 tum
795 3953 900 4009 genere.
922 3967 957 3979 -
985 3936 1025 3993 ll:
1044 3957 1105 3994 cum
1122 3957 1167 4014 ge·

46 4064 48 4071 .
132 4010 219 4089 pedes
240 4011 360 4089 peditem
383 4011 524 4089 acciperet.
543 4041 578 4053 -
719 4021 800 4079 mine.
818 4023 904 4080 mue
922 4026 1167 4099 commemine-

133 4099 170 4156 1²:
198 4118 329 4176 conpares
351 4098 521 4176 collegaeque
541 4101 578 4158 is·
719 4104 791 4169 Pm.
804 4110 846 4169 1.:
863 4110 888 4166 is
900 4109 940 4168 ibi
951 4130 1080 4171 romaum
1091 4112 1167 4193 equi.

663 2655 691 2714 8.
715 2676 771 2730 per
802 2656 876 2714 haec
901 2676 939 2714 ne
973 2679 1033 2734 quo
1063 2679 1166 2716 errore

718 2743 830 2799 milites
853 2756 1028 2818 cuperentur
1048 2747 1167 2802 edr'eunt

717 2834 811 2885 cosi„-
828 2827 859 2887 P.
872 2859 907 2871 ·-
924 2827 964 2884 ll:
980 2851 1002 2907 p
1019 2830 1086 2885 baec
1104 2851 1167 2908 neq.

718 2932 810 2968 errore
828 2923 879 2973 eet.
905 2945 940 2957 ·-
966 2914 1041 2975 Pm.
1062 2919 1099 2975 1.:
1117 2938 1166 2996 pu·

718 3011 839 3076 guarent.
