2818 4728
526 289 715 416 *tonsu
878 381 881 386 -
1028 357 1032 364 ·
1117 337 1187 408 623·

63 515 164 583 viam
187 513 278 582 missi
305 511 346 583 ab
368 513 566 584 Samnitibus
586 514 647 606 qui
676 515 913 600 denuntiarent,
939 515 968 584 si
994 515 1082 608 quod
1103 513 1183 584 edis·

62 631 148 688 sent
177 619 364 688 insomnio
393 621 579 704 concilium,
606 619 693 687 haud
722 621 892 690 inviolatos
913 620 1064 690 abituros.
1100 621 1182 688 lutee
1240 657 1243 664 ,

63 729 250 814 'postquam
274 725 379 792 audita
401 737 476 794 sunt
496 725 637 810 Romae,
657 726 780 794 bellum
801 727 998 797 Samnitibus
1018 735 1053 794 et
1072 736 1180 816 potres

64 839 272 896 censuerunt
294 839 327 896 et
352 829 493 920 populus
521 830 623 898 iussit.
660 825 810 900 consules
836 832 918 900 inter
943 854 979 900 se
1000 828 1179 921 provincias
1205 885 1210 896 .
1241 829 1248 840 ’

64 933 184 1024 pertiti
212 943 302 1000 suntr
328 932 471 1024 Scipioni
491 933 617 1004 Etruria
643 936 758 1004 Fulvio
784 936 946 1006 Samnites
973 935 1215 1016 obveneruntn

65 1037 257 1127 diversique
280 1037 321 1104 ad
343 1029 439 1106 suirm
460 1039 597 1132 qpisque
618 1040 741 1108 bellum
756 1035 1009 1131 proficiscuntur.
1037 1038 1180 1130 Scipioni

66 1165 175 1233 segne
198 1140 322 1210 bellum
343 1152 377 1210 et
397 1141 501 1211 simile
522 1145 636 1236 prioris
665 1145 738 1214 unni
759 1146 889 1214 militine
917 1144 1100 1236 expectanti
1122 1143 1180 1212 ho·

67 1257 139 1313 stes
164 1237 204 1313 ad
228 1243 410 1314 Volaterras
431 1246 586 1317 instmcto
608 1251 734 1342 agmine
757 1261 976 1319 occurrerunt:
1003 1259 1181 1340 pugnatum

67 1349 196 1417 maiore
217 1361 308 1439 purte
331 1349 393 1418 diei
414 1375 529 1443 magna
551 1353 712 1446 utrimque
735 1356 849 1424 caede:
878 1379 944 1423 nox
964 1353 1092 1423 incertis
1114 1376 1179 1443 qua

70 1455 149 1522 dete
164 1453 296 1522 victoria
313 1466 400 1524 esset
413 1455 597 1525 intervenit:
621 1459 677 1525 lux
693 1457 866 1551 insequens
879 1459 1035 1527 victorem
1045 1457 1177 1526 victum-
1191 1467 1227 1524 to
1284 1529 1287 1548 Ι

71 1581 140 1649 que
164 1559 313 1642 ostendit,
334 1583 410 1626 nem
427 1559 554 1628 Etrusci
575 1561 703 1631 silentio
724 1564 828 1632 noctis
849 1575 952 1632 castre
972 1563 1200 1654 reliqueruntf

71 1663 241 1757 Romanus
270 1686 417 1754 egressus
444 1663 477 1730 in
505 1665 608 1734 aciem
636 1667 692 1734 nbi
718 1669 916 1759 professione
944 1667 1088 1736 hostium
1106 1689 1188 1734 con

71 1791 201 1836 cessam
228 1767 395 1836 victorium
421 1768 523 1855 videt,
556 1759 743 1862 progressus
771 1774 812 1841 ad
839 1785 943 1842 cestra
968 1771 1079 1840 vacuis
1105 1793 1181 1838 eum

70 1873 211 1964 plurima
221 1872 340 1965 praeda
355 1895 399 1922 ⁴·-
415 1895 491 1940 nam
503 1886 537 1942 et
545 1876 659 1945 stativa
670 1889 704 1947 et
714 1878 838 1970 trepide
856 1878 981 1946 deserta
995 1877 1122 1944 irrorent
1135 1911 1180 1924 -

71 1977 205 2068 potitur.
242 1977 316 2046 inde
343 1976 377 2045 in
398 1977 559 2046 Faliscum
581 2003 693 2072 ugrum
715 1983 816 2076 copiis
837 1982 977 2061 reductis
999 2005 1074 2050 cum
1095 1980 1181 2070 inpe·
1196 1989 1228 2046 ts
1335 2031 1339 2040 »
1371 2043 1374 2051 .

93 2199 119 2256 1.
146 2197 177 2253 si
187 2196 271 2272 quod
280 2195 418 2254 odissent
428 2198 458 2254 in
468 2196 593 2257 Somnio

145 2285 301 2340 concillum
319 2283 408 2344 davd
430 2286 593 2344 inuiolatos

144 2371 292 2429 obituros:
322 2369 379 2428 Plll.
411 2401 445 2414 --
479 2371 557 2433 [aeid.
575 2391 592 2434 1.

146 2453 337 2518 Voss.11.al.:
359 2461 384 2514 ei
407 2459 479 2535 qnod
502 2458 592 2518 rudis·

144 2543 206 2640 sent
222 2576 257 2587 -
275 2546 422 2606 habituros.

734 2201 904 2280 proiectione
930 2200 1050 2258 hostium
1072 2208 1123 2257 cet.
1145 2229 1180 2240 -

733 2291 807 2366 Fuge
825 2290 918 2347 hostes
939 2288 1136 2369 profitebantur
1151 2305 1181 2341 se

734 2381 792 2435 acie
810 2381 897 2436 victos
915 2396 982 2434 esre.
1001 2375 1082 2433 -‘P
1101 2395 1137 2435 ro.
1154 2376 1180 2432 2.

734 2465 775 2523 ll:
798 2477 957 2544 progressus
978 2465 1012 2520 nd
1031 2473 1117 2520 eastre
1137 2482 1181 2518 ue·

733 2556 791 2611 cuis
810 2573 870 2611 cum
889 2552 1004 2627 plurima
1027 2549 1126 2630 praeda
1146 2579 1181 2592 -

732 2643 845 2718 potitur.
864 2640 886 2698 P
898 2661 933 2699 m.
948 2644 986 2698 l.=
998 2637 1133 2715 praedem.
1145 2667 1180 2678 -
1249 2627 1253 2640 '

731 2725 772 2783 ll:
790 2749 873 2796 „nam
883 2737 911 2784 et
922 2727 1019 2783 cuttu·
1031 2735 1059 2780 et
1070 2722 1181 2800 trepidus

732 2813 837 2870 denote
856 2813 993 2872 luerunt“.
1013 2812 1135 2868 Alterum
1153 2817 1183 2866 tt

733 2899 829 2957 deesse
846 2919 902 2956 non
924 2900 1077 2976 possulum
1097 2896 1181 2956 Cone.

732 2982 1181 3064 Heusingerpsrectevidit:„denn

86 2656 119 2721 l.
145 2671 241 2724 conti.
264 2667 341 2723 inter
364 2687 398 2723 ee
417 2668 590 2744 procinctos

143 2751 248 2825 partiti
264 2760 350 2808 eunt.-
367 2750 425 2811 ΡΜ.
439 2783 472 2793 —·
491 2753 529 2817 ll:
549 2752 592 2809 di·

145 2835 363 2914 uersiq.lbellurn
376 2836 593 2914 proficiscuntur.

96 2962 121 3019 9.
146 2979 209 3016 nox
232 2959 352 3016 incertis
376 2979 438 3035 qua
459 2960 533 3017 data
551 2961 593 3017 ut.
677 2980 682 2992 ·

145 3047 239 3104 utorio
249 3048 512 3106 cesetinteruenit:
529 3045 591 3106 Pllr

147 3134 239 3202 „ohne
257 3134 320 3191 dass
343 3155 406 3193 mun
426 3146 528 3194 wusste
546 3133 596 3193 aul

147 3220 250 3278 welche
256 3221 331 3278 Seite
346 3221 405 3280 sich
413 3223 462 3280 der
471 3224 535 3300 Sieg
547 3242 591 3298 ge-

146 3307 329 3384 neigttttte“.
347 3308 390 3369 ct.
402 3313 429 3378 t,
439 3311 483 3370 37.
495 3313 538 3379 ιο,
550 3311 591 3370 uz

148 3415 208 3473 qua
231 3426 265 3437 -
287 3398 352 3474 equi
378 3399 498 3480 permitti
526 3417 592 3476 pos·

146 3491 213 3539 sent.
236 3511 270 3525 -
293 3482 359 3541 PM:
379 3504 468 3554 „nunt
491 3485 591 3542 etrusci

146 3568 252 3626 silentio
265 3572 353 3628 noctis
366 3581 453 3628 cestre
465 3573 593 3647 relique·

146 3662 251 3714 ronst:
279 3659 363 3716 simili
388 3661 493 3716 ratione
518 3658 591 3716 lund

147 3763 206 3800 raro
224 3744 297 3820 apud
313 3745 420 3804 Livium
443 3745 592 3824 perlectum

146 3850 195 3906 pro
230 3831 493 3912 plusquamperfecto
525 3835 592 3892 scri·

147 3927 222 3994 ptum
238 3920 372 3981 videmus.

16 4057 21 4118 p
87 4029 125 4088 li.
149 4027 199 4085 udi
228 4029 421 4104 professione
461 4031 593 4090 hostium

17 4129 21 4155 t
147 4135 314 4173 concessum
327 4121 482 4177 uictoriam
493 4121 592 4178 uidet:

147 4201 192 4260 ΡΜ
203 4201 281 4266 Leid.
296 4223 312 4262 ι.
331 4206 462 4285 multique
480 4207 530 4282 nl]
544 4208 591 4268 ubi

723 3091 762 3136 ,ω
789 3093 848 3130 wer
873 3075 917 3132 ilrr
940 3073 1099 3148 Stendlager
1124 3070 1181 3128 und

732 3161 803 3220 noch
828 3161 897 3220 donn
915 3165 943 3220 in
961 3161 1103 3236 illichtiget·
1120 3158 1180 3216 Ette

732 3249 869 3308 verlussen
880 3249 1027 3310 worden“.
1045 3249 1089 3305 tos
1107 3247 1180 3303 enim

732 3339 822 3408 verbis
834 3336 864 3398 la.
872 3336 1014 3395 ostendere
1023 3334 1089 3404 vult,
1098 3353 1180 3412 qnare

712 3423 849 3482 ¹'Romani
875 3434 930 3481 tem
956 3441 1051 3499 magne
1079 3421 1179 3500 praeda

732 3514 815 3588 potiri
832 3512 982 3591 potuerint:
1000 3531 1050 3567 nec
1062 3510 1097 3567 de
1109 3508 1181 3565 binis

731 3598 1180 3674 hostinmeaetrineogitnripotest.

733 3717 767 3730 ·-
790 3685 826 3744 P:
856 3705 941 3756 „nam
957 3695 986 3744 et
1005 3688 1103 3747 stetim
1127 3693 1180 3740 tre·

733 3771 798 3847 pide
815 3773 919 3830 deserte
931 3774 1065 3832 luerunt“.
1083 3768 1179 3833 Helius

695 3891 700 3898 «
732 3857 810 3920 Leid.
828 3880 847 3920 1.
864 3860 945 3918 Voss.
962 3879 992 3920 rr.
1010 3859 1058 3919 el:
1076 3867 1180 3915 namet

732 3950 830 4005 statiua
848 3957 876 4005 et
892 3947 998 4026 trepida
1010 3947 1115 4005 decerta
1128 3955 1180 4006 eet.

733 4065 769 4078 -
798 4033 834 4091 P:
864 4034 1046 4113 relinquisset.
1082 4065 1117 4078 -·
1151 4033 1179 4090 ll
1265 4082 1268 4090 ,

732 4119 807 4181 llrrl.
819 4141 887 4184 rec:
906 4123 940 4180 ed
949 4122 1119 4201 populandos
1131 4123 1179 4180 lro·

733 4210 814 4268 stium
831 4211 901 4268 fines
920 4211 1028 4272 incedit.
