2618 4590
121 252 124 263 '
168 245 237 316 368
622 256 733 321 mnu
749 257 818 321 vm.

170 421 404 515 sidiisindigna
426 420 490 489 iam
511 420 618 488 liberis
640 444 771 513 quoque
794 445 833 490 ao
855 420 1041 512 coniugibus
1064 431 1097 489 'et
1118 442 1207 511 quae
1229 442 1276 488 oa·

63 540 64 547 ’
171 539 300 621 ptarum
321 527 449 594 urbium
471 536 615 594 extrema
637 540 713 596 sunt
734 527 943 618 patiebantur.
971 527 1079 615 itaque
1102 548 1186 607 cum
1204 536 1239 593 et
1257 549 1274 591 a

172 633 313 701 Tarento
335 642 369 700 et
390 657 409 699 a
431 631 626 699 Samnitibus
653 631 739 699 fama
768 643 854 700 esset
880 655 965 699 nova
993 630 1109 697 auxilia
1131 641 1274 711 ventura,

171 736 363 804 Samnitium
384 737 458 828 plus
486 761 584 826 quam
604 735 726 804 vellent
751 736 832 805 intra
860 735 988 803 moenia
1015 758 1086 802 esse
1113 734 1272 815 rebantur,

105 907 109 916 .
142 834 417 913 oTarentinorum
439 840 636 908 iuventutern
659 841 774 909 Graeci
795 841 951 923 Graecos,
977 837 1065 905 haud
1090 837 1198 906 minus
1221 861 1273 928 per

172 932 255 1037 quos
278 945 413 1015 Samniti
434 945 627 1037 Nolanoque
657 969 755 1035 quam
782 957 820 1013 ut
846 944 998 1014 Romanis
1024 944 1173 1012 hostibus
1203 943 1272 1009 resi-

170 1061 307 1134 sterent,
335 1050 558 1145 expeotahant.
596 1062 761 1140 postremo
782 1050 981 1118 levissimum
1008 1048 1168 1116 malorum
1192 1047 1274 1115 dedi·

170 1155 217 1224 tio
240 1156 281 1222 a'd
302 1155 466 1223 Romanos
488 1155 566 1224 visa.
605 1153 770 1223 Charilaus
792 1167 826 1224 et
846 1155 1028 1248 Nymphius
1054 1146 1215 1245 principes
1238 1152 1273 1220 ci-

86 1260 90 1282 '
170 1260 276 1330 vitatis
300 1260 534 1329 communicato
556 1259 639 1328 inter
666 1285 702 1328 se
731 1261 863 1329 consilio
892 1272 999 1351 partes
1022 1260 1061 1326 ad
1083 1283 1156 1325 rem
1183 1281 1273 1348 agen-

125 1379 161 1436 10
173 1366 248 1433 dam
269 1358 405 1432 divis'ere
426 1376 463 1432 ut
485 1364 564 1431 alter
585 1365 626 1431 ad
648 1365 874 1457 imperatorem
895 1365 1114 1432 Romanorum
1142 1362 1274 1430 translu-

170 1482 270 1562 geret,
293 1470 373 1547 alter
393 1469 581 1570 subsisteret
602 1471 643 1536 ad
665 1470 882 1561 praebendam
904 1480 1120 1560 opportunam
1143 1466 1273 1535 consilio

170 1575 295 1643 urbem.
332 1575 497 1642 Charilaus
519 1574 580 1640 fuit
601 1575 657 1664 qui
679 1576 720 1641 ad
741 1575 913 1643 Publilium
934 1573 1102 1641 Philonem
1124 1571 1215 1641 veuit
1235 1582 1273 1651 et

171 1682 260 1771 quod
288 1680 411 1747 bonum
443 1681 585 1748 faustum
616 1679 693 1746 felix
721 1680 966 1772 Palaepolitanis
995 1677 1187 1769 populoque
1214 1675 1272 1742 Ro-

171 1808 269 1852 mano
292 1792 386 1867 esset,
407 1786 531 1853 tradere
555 1809 590 1851 se
606 1786 648 1852 ait
669 1785 797 1852 moenia
819 1785 981 1853 statuisse:
1003 1806 1044 1850 eo
1067 1781 1154 1849 facto
1168 1789 1274 1847 utrum

86 1883 90 1895 ’
125 1888 213 1965 ital)
233 1911 269 1956 se
292 1890 417 1980 prodita
446 1914 487 1956 an
515 1901 639 1957 servata
668 1891 769 1980 patria
791 1889 950 1971 videatur,
982 1885 1016 1953 in
1044 1876 1108 1954 lide
1130 1882 1273 1953 Romana

168 1992 311 2084 positum
333 2017 420 2061 esse:
457 1993 517 2060 sibi
539 1993 686 2085 privatim
709 2018 770 2061 neo
797 1993 916 2084 pacisci
944 1993 1117 2085 quicquam
1139 2013 1202 2057 nec
1224 2013 1273 2080 pe·

168 2109 253 2186 tere,
275 2098 404 2190 publico
425 2110 535 2190 petere
558 2085 663 2190 quam¹
678 2097 797 2189 pacisci
819 2099 919 2190 magis
940 2109 991 2181 ut,
1019 2098 1046 2164 si
1068 2096 1273 2164 successisset

240 2285 288 2339 gar
304 2266 390 2322 sehon
403 2265 447 2321 die
460 2256 623 2325 celebrande
634 2265 687 2320 Be·

239 2351 377 2425 handluug
404 2351 479 2407 ihrer
500 2350 605 2409 Kinder
630 2351 686 2409 und

238 2436 354 2493 Weiber
372 2437 427 2492 und
440 2458 497 2493 was
509 2439 569 2494 sioh
586 2456 638 2496 nur
649 2442 686 2496 ir·

238 2523 309 2598 gend
346 2523 416 2579 nach
444 2524 602 2600 Eroheruug
637 2528 686 2583 der

238 2608 335 2666 stadie
353 2611 401 2667 der
412 2611 499 2670 Feind
520 2613 624 2671 erlauht
640 2635 685 2689 ge·

240 2697 322 2755 lalleu
339 2697 429 2757 lassen
446 2706 598 2760 mussteu“.

186 2785 213 2843 2.
239 2787 340 2864 itaqua
362 2809 428 2845 cum
454 2799 484 2847 ct
511 2809 531 2844 o
557 2791 584 2845 T
581 2797 685 2845 orento

239 2883 269 2930 ct
285 2893 305 2929 o
323 2874 508 2933 Samnitibus
524 2875 617 2948 famo
639 2897 685 2933 es-

160 3020 165 3035 ,
236 2969 285 3017 aet
301 2976 382 3019 nouo
398 2966 518 3021 auxilio
540 2973 684 3021 uentura:

235 3044 267 3106 P.
292 3078 327 3092 -
353 3048 398 3105 lll:
425 3053 515 3125 itaque
538 3070 598 3105 cum
620 3060 647 3105 et
668 3071 683 3105 a

234 3135 358 3191 arenat—
375 3148 395 3188 a·
413 3157 428 3190 a
452 3137 611 3192 samnitibus
630 3147 681 3196 oet.

235 3251 271 3264 -·
281 3221 323 3280 tl:
333 3225 403 3279 intra
413 3225 508 3294 meniu
519 3255 552 3264 —
562 3222 635 3282 Harl.
647 3243 680 3282 1.=

235 3309 306 3366 intra
324 3312 431 3366 moenia
449 3309 636 3369 efferebantur.

180 3396 208 3453 δι
232 3395 319 3454 houd
335 3400 432 3454 minus
450 3416 506 3472 per
530 3416 606 3475 quos
624 3396 681 3456 So·

231 3487 319 3540 mniti
331 3485 512 3562 Nolanoque
537 3505 628 3560 quom
649 3493 681 3541 ut

231 3569 376 3629 Romanis
400 3572 536 3628 hostibus
560 3574 678 3628 resiste-

829 2295 864 2310 -
885 2265 926 2322 tl:
953 2263 1067 2320 carilaus
1085 2273 1113 2318 et
1130 2261 1272 2338 nimphius.

828 2383 864 2396 -
881 2351 921 2410 tl:
941 2351 1054 2409 consilio
1074 2351 1118 2407 od
1134 2358 1225 2426 partes
1241 2347 1271 2403 ad

828 2448 886 2497 reru
903 2439 1032 2514 agendam
1050 2437 1177 2494 diuisere.
1192 2454 1225 2479 —
1242 2435 1270 2489 ln

826 2526 1270 2603 Harl.rpraetermissasuntquae

826 2615 897 2675 inter
915 2614 959 2669 ad
969 2632 1032 2669 rem
1044 2622 1071 2668 et
1082 2629 1279 2679 romanorum,

828 2699 960 2775 leguntur.
974 2730 1007 2740 -
1020 2698 1081 2756 Pll:
1098 2698 1133 2754 ad
1145 2699 1269 2777 praeben-

828 2788 890 2845 dam
912 2797 1072 2864 oportunam
1097 2785 1212 2844 consilio
1229 2804 1269 2841 ur·

826 2876 897 2935 bem.

756 2965 800 3025 13.
825 2963 910 3039 quod
920 2963 1028 3020 bonum
1033 2962 1176 3034 faustum
1184 2959 1270 3032 salix

822 3051 1055 3126 palaepolitania
1062 3049 1241 3123 populoque.
1248 3054 1268 3104 i.

822 3145 917 3193 esset:
944 3133 994 3190 ΡΜ
1021 3133 1095 3192 Harl.
1116 3152 1133 3193 1.
1158 3132 1237 3191 Laid.
1252 3150 1267 3190 r.

822 3221 857 3281 ul.
869 3253 903 3262 -
920 3220 987 3280 Pall.
1001 3226 1026 3280 1.
1039 3225 1065 3281 3.
1083 3219 1213 3298 multique
1226 3218 1266 3275 alii

822 3329 893 3368 reor.
907 3309 998 3369 rodda
1010 3310 1174 3386 felixque.-
1192 3325 1267 3383 quem

823 3395 858 3453 ad
879 3396 988 3452 modurn
1007 3399 1039 3464 3,
1057 3398 1102 3454 34.
1119 3397 1165 3453 54.
1188 3394 1221 3450 al.
1239 3395 1265 3448 in

823 3485 934 3559 optimis
959 3480 1112 3559 quibusque
1134 3480 1213 3538 libris
1229 3499 1266 3536 re·

819 3573 923 3648 peritur
941 3572 1082 3646 scriptumr

230 3666 313 3712 rent:
341 3658 403 3714 Pll:
431 3678 500 3727 „um
522 3659 582 3714 siah
605 3658 678 3714 ihrer
749 3658 792 3716 ll.
819 3659 966 3715 utrumab
976 3655 1143 3731 supradito
1154 3674 1196 3711 au
1207 3672 1265 3711 ser·

230 3740 299 3799 eben
311 3763 342 3800 so
354 3744 417 3800 sehr
426 3765 507 3820 gagen
518 3744 562 3801 die
571 3744 677 3801 Samni·

227 3837 271 3886 ter
289 3829 346 3887 und
361 3829 480 3889 Nolaner
497 3853 530 3890 zu
544 3832 676 3889 bedieneu

818 3753 891 3800 uoto
900 3747 1001 3819 patrio
1014 3744 1170 3800 uideatur:
1188 3741 1220 3797 Ρ.
1232 3758 1263 3783 -2

816 3829 857 3886 tl:
874 3831 981 3906 prodita
1000 3851 1032 3886 ae
1050 3851 1095 3887 ser
1111 3835 1116 3900 Ι
1131 3839 1204 3888 nata.

226 3914 325 3975 alium
335 3919 479 3977 mitihueu
493 3920 675 3978 deulltiurern
746 3917 790 3976 lla
816 3919 846 3974 ai
856 3920 1054 3975 successisset
1066 3919 1207 3994 irweptis:
1224 3912 1263 3971 ll:

227 4012 509 4081 entgegeuzutreteu“.

172 4090 200 4151 8.
227 4089 391 4152 Charilaus
413 4102 443 4153 ct
461 4093 621 4171 Nymflurr
643 4092 674 4152 P.

815 4023 976 4083 quamquam
998 4006 1038 4060 ibi
1060 4006 1129 4061 duae
1152 4007 1263 4082 scriptu-

812 4110 861 4149 rae
873 4090 954 4151 huius
965 4091 1020 4149 loci
1031 4095 1191 4169 propositae
1202 4096 1263 4148 sunt
