2618 4590
523 276 632 337 tlBER
647 272 707 341 vlt.
1104 261 1169 332 175

64 444 152 510 ribus
175 440 352 531 animisque
374 463 514 530 quorum
536 440 639 507 omnis
660 438 695 506 in
722 439 843 530 impetu
864 440 912 508 vis
941 454 1040 525 esset,
1068 464 1166 533 parva

66 549 181 616 eadem
203 546 425 635 languesceret
444 568 545 614 mora.
583 544 633 611 bis
654 542 793 612 consiliis
810 544 943 611 dictator
963 546 1086 614 bellum
1105 558 1166 616 tra·

65 653 164 720 hebat
186 670 380 742 gravemque
402 642 549 718 edixerat
571 642 726 740 poenam,
760 647 787 715 si
815 649 885 739 quis
913 649 1034 717 iniussu
1052 652 1087 718 in
1108 650 1165 719 ho·

65 770 150 824 stem
171 766 352 846 pugnasset.
390 755 507 824 milites
529 772 623 847 aegre
643 755 676 821 id
697 752 854 845 patientes
875 754 979 844 primo
1006 753 1039 819 in
1060 756 1164 823 statio

66 861 161 927 nibus
183 859 358 950 vigiliisque
379 858 465 929 inter
481 882 517 928 se
540 861 727 928 dictatorern
742 858 942 926 sermonibus
963 882 1101 949 carpere,
1121 857 1195 926 int

66 965 193 1030 terdum
221 952 326 1054 patres
355 964 568 1032 communiter
593 966 758 1057 increpare
788 960 887 1054 quod?
903 987 973 1030 non·
1002 963 1166 1031 iussissent

64 1092 123 1159 per
144 1068 291 1136 consules
312 1069 378 1158 geri
398 1069 535 1137 bellum:
569 1071 708 1138 electum
730 1090 802 1136 esse
825 1069 977 1135 eximium
998 1067 1166 1157 imperato*

61 1196 131 1239 rem
153 1172 282 1240 unicum
304 1174 435 1257 ducem,
463 1175 519 1266 qui
541 1175 619 1241 nihil
647 1174 752 1265 agenb‘
774 1173 834 1240 sibi
856 1175 896 1241 de
924 1172 1015 1240 caelo
1038 1170 1165 1238 devola-

61 1289 166 1344 turam
187 1278 220 1345 iu
233 1278 347 1345 sinum
369 1276 535 1347 victoriam
557 1291 696 1348 censeat.
733 1280 847 1345 eadem
874 1278 988 1345 deinde
1016 1276 1098 1343 haec
1120 1275 1164 1341 in·

62 1381 166 1450 terdiu
188 1382 357 1474 propalam
381 1407 418 1451 ac
440 1384 594 1453 ferociora
618 1384 667 1451 bis
689 1384 820 1452 iactare:
859 1408 894 1451 se
921 1383 1042 1450 iniussu
1062 1381 1213 1471 impe-1⁰

60 1486 172 1554 ratoris
200 1499 256 1556 eut
273 1488 487 1556 ⁴dimicaturos
516 1500 572 1555 aut
599 1489 722 1580 agmine
751 1489 889 1556 Romam
920 1487 1029 1554 ituros.
1076 1483 1165 1552 inmi-

61 1592 208 1682 scerique
230 1590 294 1657 iam
316 1593 469 1661 militibus
485 1595 695 1677 centuriones,
716 1616 777 1660 nec
799 1594 832 1659 in
846 1592 970 1659 circulis
992 1590 1091 1657 modo
1106 1590 1166 1657 fre·

61 1721 151 1764 mere
174 1696 232 1763 sed
254 1697 317 1763 iam
340 1696 373 1762 in
393 1698 553 1789 principiis
577 1723 614 1765 ac
636 1698 795 1788 praetorio
825 1697 858 1763 in
880 1720 980 1761 unum
1002 1716 1166 1761 sermones

62 1801 235 1882 conlundi,
266 1811 364 1890 atque
386 1799 419 1865 in
447 1803 603 1873 contionis
630 1801 880 1894 magnitudinem
908 1821 1051 1866 crescere
1074 1797 1167 1864 turba

61 1919 96 1975 et
118 1904 293 1973 vociferare
316 1929 357 1972 ex
380 1904 527 1972 omnibus
554 1906 634 1974 locis
663 1918 700 1974 ut
729 1905 892 1995 extemplo
915 1904 957 1971 ad
980 1902 1213 1970 dictatorem15

58 2013 174 2091 iretur,
201 2010 296 2076 verba
325 2034 385 2100 pro
418 2010 559 2077 exercitu
586 2010 706 2078 faceret
733 2009 810 2077 Sex.
832 2009 957 2076 Tullius
988 2018 1025 2074 ut
1051 2007 1167 2074 virtute

60 2115 131 2182 eius
155 2112 287 2203 dignum
309 2125 404 2181 esset.

114 2221 118 2225 ’
151 2218 233 2285 ΧΠΙ.
279 2217 460 2309 Septimum
487 2218 627 2310 primum
653 2218 756 2311 pilum
785 2218 849 2285 iam
879 2216 1003 2284 'lbrllius
1032 2212 1169 2281 ducebat

458 2342 474 2373 ἱι

722 2379 909 2435 concionis-
928 2384 956 2431 et
972 2368 1123 2430 vociferari.
1133 2401 1168 2413 -
1269 2422 1272 2427 .

723 2464 767 2524 Cl.
792 2468 839 2533 10,
861 2467 919 2522 ts:
946 2460 1096 2519 rocilersre
1114 2458 1169 2514 De·

132 2407 168 2420 -
191 2374 332 2435 P2m..-1.:
359 2377 413 2431 uiis
440 2385 519 2436 esset.
545 2408 579 2418 -

133 2462 197 2522 Pll:
216 2483 298 2542 parua
317 2462 410 2519 eadem
427 2462 580 2539 languesce-

134 2562 176 2608 ret
207 2570 294 2607 mora:
330 2551 483 2619 „wttlrrend
512 2551 580 2608 eben
723 2557 781 2610 cius
802 2550 890 2622 (ΡΜ).
926 2551 974 2618 ll,
997 2550 1057 2607 tt>
1071 2546 1168 2631 primo

135 2636 256 2695 disselbe
283 2638 311 2693 in
338 2637 434 2694 lunser
455 2637 515 2694 Zeit
540 2658 581 2694 er·

134 2729 252 2783 matte“.
292 2721 363 2783 Coti.
392 2723 503 2781 Kissia
530 2731 583 2793 „et

136 2815 243 2889 parus“
261 2817 329 2869 cet:
356 2829 417 2866 cum
434 2809 500 2866 haee
521 2829 582 2886 par-

135 2897 218 2956 ticula
236 2916 269 2952 ex
281 2898 405 2973 proximo
417 2896 501 2953 verbo
514 2895 583 2952 male

136 2983 317 3063 suppleretur.

80 3077 110 3136 5.
139 3074 311 3130 dictatorem
323 3073 508 3129 sermonibus
520 3089 583 3128 car·

135 3179 219 3237 pere.
243 3159 300 3219 ΡΜ.
327 3190 362 3202 -
389 3158 461 3217 Harl.
480 3176 511 3218 t:
541 3179 583 3215 es-

137 3267 212 3325 pere.
231 3277 264 3287 -
285 3248 315 3304 ln
333 3245 409 3306 Leid.
428 3266 446 3305 1.
465 3246 497 3306 al.
516 3248 582 3303 scri-

138 3342 214 3409 ptum
238 3343 280 3389 est
303 3333 424 3402 „milites
447 3334 482 3391 id
506 3354 584 3409 segre

139 3422 305 3499 patientes“.

67 3510 113 3568 11.
142 3508 349 3582 inmiscerique
367 3510 426 3564 ium
443 3509 584 3565 militibus

142 3597 343 3653 centuriones:
368 3592 410 3666 tl]
437 3597 586 3651 inmisceri-

143 3702 197 3761 que
219 3681 349 3738 militibus
370 3691 420 3740 cet.
441 3676 482 3752 (P
505 3681 587 3751 rell).

144 3798 185 3810 -·
206 3767 228 3824 P
250 3788 285 3826 m.
314 3770 350 3825 1.:
378 3787 427 3823 nec
462 3767 587 3837 incircul

144 3855 234 3914 modo.
252 3855 274 3910 P
291 3875 326 3913 m.
345 3857 370 3914 ὓ.
389 3853 430 3911 lll:
450 3855 565 3932 circulis.

722 2640 934 2697 tumultuatum
969 2637 997 2691 in
1027 2634 1168 2692 Leontinis
1246 2688 1250 2709 ,

725 2736 790 2802 aput
813 2724 911 2799 milites
927 2727 1036 2793 suerat
1058 2720 1168 2792 uocife-

724 2821 881 2884 ratumque
916 2808 1008 2876 (Ραῖ.)
1044 2809 1169 2862 ferociter

725 2909 775 2955 cet.
812 2895 972 2970 Plerumque
998 2912 1063 2949 vero
1087 2893 1170 2968 depo·

714 3003 793 3049 ,nens
806 2981 970 3055 uociferari
977 2983 1104 3059 scripturn
1117 2980 1169 3054 legi

724 3084 818 3130 notum
836 3080 891 3128 ert:
918 3068 951 3128 et.
971 3071 1001 3138 t,
1020 3072 1063 3128 bb.
1081 3073 1107 3137 8,
1125 3069 1169 3127 38.
1214 3084 1215 3088 ’

724 3156 1169 3233 ἣΆμ-ᾱῆὴηω-

723 3253 831 3306 raret“:
856 3248 883 3313 2,
900 3248 959 3305 48³
978 3243 1170 3313 ‚‚luxuriare“.
1224 3260 1229 3269 ·

726 3331 983 3394 al.-Pm.1.lll
1001 3333 1170 3389 m.1.:cre·

727 3429 817 3478 sceret
832 3419 919 3478 turbs.
942 3448 976 3458 -
1004 3414 1040 3472 P:
1058 3427 1089 3472 ut
1106 3426 1171 3472 tenu

726 3509 772 3585 plo
791 3506 825 3564 sd
844 3506 1002 3563 dictatorem
1024 3505 1115 3563 iretur.
1136 3535 1171 3548 --

727 3595 759 3650 ln
778 3591 852 3651 Harl.
871 3612 887 3651 1.
906 3590 982 3650 test.
999 3610 1017 3650 r.
1036 3590 1069 3651 sl.
1093 3593 1172 3648 stiam

728 3680 932 3761 magnitudine
959 3681 1087 3759 seriptum
1114 3672 1173 3736 ense

729 3770 836 3837 dicitur,
859 3777 886 3823 et
905 3768 993 3824 turba
1013 3771 1042 3824 in
1060 3765 1137 3826 Laid.
1155 3780 1173 3824 t.

730 3856 763 3917 al.
781 3855 920 3914 excidisse.

73 3944 118 4003 tt.
145 3951 235 4028 atque
258 3944 288 3998 in
310 3943 454 3998 contionis
477 3944 589 4022 magni·
662 3947 704 4002 ts.
732 3945 885 4020 septimum
918 3943 1046 4018 primum
1081 3940 1176 4016 pilum

113 4102 118 4111 .
146 4029 279 4085 tudinem
301 4048 434 4085 erescere
455 4031 592 4088 turbaet
732 4034 791 4088 iam
812 4031 928 4089 Tullius
946 4028 1087 4085 ducebat.-
1104 4024 1176 4086 Pm.

147 4113 329 4187 vociferare:
356 4113 421 4187 PM]
455 4124 533 4195 atque
562 4118 591 4172 in
733 4122 759 4178 9.
777 4118 812 4178 Ι.
827 4146 862 4159 -
880 4116 902 4172 P
920 4135 955 4173 nr.
975 4118 1015 4172 1.=
1032 4115 1176 4194 septimum
