2618 4590
155 187 222 259 sae
311 233 318 259 ,-
529 162 532 169 ’
612 202 722 267 anm
739 202 798 266 m.

158 380 254 460 atque
277 367 364 437 amni
385 391 449 458 ope
473 365 578 435 divina
599 363 804 456 humanaque
826 365 944 459 indigni
958 366 1134 436 videamur.
1156 390 1263 458 neque

157 470 298 557 hercule,
328 471 415 563 quod
440 469 600 538 Samnites
621 470 744 561 priores
774 473 868 541 amici
894 472 1038 563 sociique
1067 471 1159 543 vobis
1188 472 1265 541 tacti

159 588 243 662 sunt,
266 578 307 645 ad
329 576 363 642 id
383 574 491 642 valere
514 573 657 658 arbitror,
678 599 720 642 ue
742 599 802 643 nos
824 576 857 642 in
879 578 1050 645 amicitiam
1072 577 1265 668 accipiamur

158 682 216 750 sed
243 692 280 748 ut
305 690 464 748 vetustate
492 689 526 746 et
552 678 652 769 gradu
684 679 814 748 honeris
848 705 909 750 nos
942 693 1120 773 praestent:
1156 706 1264 773 neque

128 786 244 853 benim
277 784 408 852 foedere
436 783 628 852 Samnitium
655 808 696 852 ne
725 809 789 876 qua
817 809 902 853 nova
928 785 1099 879 iungeretis
1132 787 1264 855 foedera

129 896 135 916 ⁸
160 900 291 957 cautum
313 900 372 956 est.
410 887 471 956 fuit
492 888 623 979 quidem
646 889 731 980 apud
752 914 810 959 vos
826 915 954 983 semper
970 893 1046 960 satis
1068 891 1151 960 iusta
1167 914 1265 959 causa

159 993 315 1063 amicitiae
336 992 422 1062 velle
444 1017 521 1060 eum
542 994 634 1062 vobis
656 994 795 1063 anacam
824 1019 895 1064 esse
918 997 974 1088 qui
995 1020 1055 1065 vos
1083 1006 1264 1086 appeteret:

159 1096 317 1190 Campani
326 1098 444 1167 -etsi
458 1098 751 1191 fortunapraesens
767 1101 934 1193 magnifice
949 1101 1040 1192 loqui
1055 1100 1207 1192 probibet
1219 1138 1265 1151 -

175 1247 203 1303 3.
230 1246 275 1302 ed
290 1246 326 1302 id
341 1248 444 1304 ualere
455 1247 600 1305 arbitmr:
618 1245 676 1308 PM.
817 1250 956 1320 munifice)
968 1247 1196 1327 loquiprobr'bet
1206 1268 1267 1305 nen

230 1363 265 1375 ·-
282 1331 364 1394 Recc.
381 1333 458 1412 quid.
473 1333 566 1394 cadus
584 1335 676 1405 „arbi-

229 1425 363 1480 tramur‘t
392 1420 444 1477 sed
462 1420 496 1482 ci.
514 1443 583 1501 quae
600 1423 676 1481 dein·

183 1520 186 1527 ’
231 1517 523 1585 cepssequumur„ut
537 1509 676 1567 arbitrer“

230 1623 266 1636 -
281 1614 360 1662 „non
369 1592 490 1674 laquar“
503 1627 538 1640 -
550 1605 677 1668 „certum

229 1679 347 1743 babeo“.

178 1795 212 1808 -·
230 1788 268 1826 ne
290 1790 347 1828 nos
368 1770 400 1826 in
422 1772 584 1829 amicitiam
600 1761 676 1829 ceci·

215 1848 363 1932 pientur:
380 1857 416 1918 tl.
428 1891 462 1902 —
480 1858 515 1915 P:
534 1880 568 1917 ne
585 1880 636 1916 nos
649 1861 679 1916 in

231 1944 679 2023 amicitismsuseipiamur.Recc.

229 2029 305 2107 quid.
322 2031 415 2091 cedde
432 2036 603 2113 recipiamur.
632 2032 678 2093 Cf.

229 2118 256 2183 8,
274 2118 334 2180 ἧς
356 2117 467 2177 foetere
484 2142 547 2198 erge
565 2124 595 2179 in
613 2124 678 2179 emi·

228 2203 320 2261 citiam
338 2208 450 2285 accepti.
468 2211 495 2276 9,
514 2211 558 2268 41.
576 2212 620 2277 38,
633 2211 677 2271 39.

229 2290 275 2358 26,
292 2292 350 2351 32:
368 2293 497 2351 infidam
515 2295 677 2353 clientelam·

229 2395 285 2451 que
305 2397 336 2434 se
358 2379 505 2458 urbemque
528 2383 677 2458 Syracusas

230 2464 372 2541 acciperet.
390 2466 424 2526 al.

177 2549 204 2606 b.
231 2551 290 2607 sed
306 2561 338 2610 ut
359 2563 506 2612 uetustate
528 2564 556 2611 et
577 2555 679 2633 gradu

231 2656 288 2694 nos
315 2649 484 2713 praestent:
512 2639 547 2700 tl.
579 2671 613 2687 -
642 2640 678 2698 P:

230 2723 280 2781 sed
306 2734 336 2786 ut
360 2735 493 2784 uetustate
506 2728 602 2804 ¹gradu
627 2748 680 2786 nos

96 2816 117 2869 Ὺ
140 2846 144 2852 -
230 2822 377 2888 praestent.
407 2813 478 2879 cod.
499 2815 610 2881 chcb.:
630 2835 679 2874 ne·

117 2899 119 2904 '
230 2899 273 2958 bis
290 2910 436 2979 praestent,

179 3015 213 3032 -
232 3007 329 3061 neque
337 2989 413 3044 enim
419 2987 553 3060 foedere
561 2988 679 3048 Samni·

233 3074 307 3130 tium
317 3073 372 3141 (Ma
382 3076 557 3144 samnitium)
569 3095 606 3130 ne
618 3095 680 3149 qua

230 3176 310 3212 stoue
350 3159 514 3235 iungeretis
544 3158 680 3230 foedera

229 3251 350 3302 sautum
367 3253 431 3303 eet:
448 3243 506 3304 Pal.
519 3277 553 3295 .-
570 3243 646 3327 Harl.
660 3266 679 3308 1.

229 3327 359 3390 Leid.·1.:
387 3351 499 3409 „neque
521 3353 593 3391 naua
619 3335 679 3391 iun-

230 3419 329 3494 geretis
358 3417 508 3476 iaedere“2
537 3421 566 3483 b.
595 3442 618 3481 e.
644 3414 681 3480 ne

231 3525 300 3582 quae
325 3527 396 3564 nera
423 3507 533 3566 foedera
557 3511 680 3586 iungere·

232 3593 276 3648 tis.
295 3593 330 3652 cf.
347 3597 375 3663 7,
393 3596 450 3653 31.:
478 3617 513 3653 ne
531 3618 584 3674 qua
601 3598 681 3656 rabis

232 3677 274 3732 vis
292 3678 347 3737 fiat.
366 3711 400 3721 -
418 3681 502 3740 Paulo
520 3695 584 3763 pest
600 3684 680 3747 multi

207 3830 210 3839 ι
233 3779 304 3820 rece.
322 3765 415 3823 cedd.:
435 3768 504 3827 uelle
521 3772 600 3836 uobis
618 3793 680 3833 eum
722 3767 725 3773 ²

232 3850 348 3907 amicum
366 3871 435 3909 esse.

88 3954 102 3973 ⁴·
176 3935 204 4000 8.
232 3937 379 4015 Campani
389 3942 584 4015 etaifortuna
592 3967 679 4022 prae·

229 4043 301 4089 secr
327 4030 486 4106 nrognifice
509 4027 554 4102 (Μ
580 4039 681 4095 n.·1.=

817 1339 902 1396 urbis
919 1337 1114 1413 amplitudine
1125 1356 1187 1392 nen
1198 1335 1269 1414 agri

819 1425 952 1483 aberam
975 1425 1033 1482 ulli
1051 1424 1162 1499 popule
1178 1443 1266 1498 prue-

817 1519 956 1589 tcrqucm
997 1512 1082 1568 uehis
1125 1510 1266 1567 cedentes

820 1597 907 1657 haud
920 1617 1020 1675 parua
1033 1605 1066 1654 ut
1076 1597 1207 1654 arbitrer
1218 1616 1267 1654 ac·

819 1688 915 1744 cessio
940 1686 1025 1743 benis
1044 1684 1133 1742 rebus
1156 1686 1267 1742 uestris

821 1774 854 1830 in
876 1775 1037 1830 amicitiem
1060 1773 1195 1829 uenimus
1218 1791 1267 1828 uc·

819 1870 930 1918 stram:
944 1859 1000 1917 ΡΜ.
1020 1859 1095 1933 Quid
1103 1858 1198 1916 Lirim
1210 1857 1237 1916 b.
1248 1857 1268 1916 l.

821 1946 913 2006 dicere
925 1947 1050 2014 voluerit,
1067 1966 1163 2023 parum
1174 1945 1267 2004 riden-

821 2044 866 2091 tur
888 2055 981 2092 earum
998 2053 1070 2094 rece.
1089 2032 1170 2092 cedd.
1186 2032 1268 2089 libra·

818 2123 854 2178 rii
880 2125 1066 2200 perspexisse,
1092 2123 1140 2199 qui
1161 2121 1214 2189 „si
1238 2121 1268 2176 in

819 2210 964 2266 amicitiam
983 2221 1099 2267 uestram
1122 2210 1268 2264 uenimus“

817 2297 902 2352 scribi
920 2297 1078 2365 voluerunt,
1104 2316 1209 2372 exque
1228 2298 1268 2352 in·

819 2387 1010 2460 terpretatione
1035 2384 1082 2440 bic
1107 2382 1185 2440 lacus
1212 2402 1269 2439 nan

821 2489 883 2526 cum
903 2473 996 2546 priore
1020 2479 1048 2527 et
1068 2479 1199 2547 sequente
1218 2468 1270 2525 sed

821 2577 882 2614 cum
900 2560 1024 2634 sequenti
1046 2556 1135 2615 salum
1157 2557 1269 2612 coniun-

821 2645 932 2720 gendas,
950 2666 1001 2703 nec
1012 2647 1146 2703 venimus
1159 2644 1209 2700 sed
1220 2663 1269 2700 ve·

820 2735 953 2791 serimus
985 2731 1159 2789 scribendum
1190 2739 1268 2789 esset.

821 2817 942 2896 Optimis
964 2840 1028 2879 vero
1052 2818 1130 2879 libris
1153 2818 1269 2876 testibus

820 2905 867 2965 ille
881 2907 1081 2986 Campanorum
1098 2904 1199 2982 legatus
1212 2905 1269 2962 Ro-

820 2996 907 3053 manis
937 2997 1003 3053 satis
1033 2997 1135 3057 iustam,
1157 3012 1270 3071 semper

822 3082 907 3138 fuisse
925 3083 1060 3140 amicitiae
1071 3099 1177 3141 causam
1191 3080 1270 3150 dicit,

820 3168 846 3228 ei
873 3169 934 3244 quis
961 3189 1054 3228 earum
1081 3170 1183 3231 amicus
1208 3167 1272 3229 fieri

821 3251 916 3315 vellet:
956 3256 1108 3334 Campanas
1144 3264 1272 3335 appetere

820 3339 1006 3403 Romanarum
1033 3345 1193 3406 amicitiam:
1219 3362 1273 3409 uec

820 3427 852 3486 id
868 3450 919 3506 pro
932 3431 1017 3490 nihile
1030 3431 1184 3493 habendum
1197 3447 1271 3487 esse:

822 3513 969 3595 Campanis
1005 3522 1077 3580 enim
1111 3537 1271 3598 persuasum

764 3668 768 3681 ἱ
822 3623 883 3661 esse
905 3625 935 3662 se
956 3607 1030 3664 baud
1052 3627 1163 3685 parvam
1182 3625 1271 3662 acces·

821 3692 928 3753 sionem
951 3692 1059 3752 illerum
1085 3694 1166 3751 rebus
1191 3694 1272 3750 benis

817 3775 927 3837 futuros
952 3801 1027 3850 esse,
1050 3801 1126 3850 cum,
1150 3781 1272 3859 quande·

822 3885 936 3945 cumque
953 3869 1047 3927 bastes
1066 3868 1197 3927 adversus
1215 3867 1273 3926 lto-

821 3973 914 4012 manos
932 3977 963 4013 se
980 3959 1130 4024 moverint,
1154 3977 1205 4036 pre
1226 3976 1273 4014 ee·

821 4059 881 4104 rum
898 4045 1012 4120 imperio
1035 4044 1166 4104 dimicare
1183 4046 1274 4122 parati
