2618 4590
484 151 488 173 ¹
558 158 754 269 numum
821 242 826 259 t
1110 193 1206 269 ,373

107 380 162 437 ant
183 356 304 436 domini
324 369 462 436 habendi
484 369 562 437 sint:
591 369 759 438 discrimen
779 370 924 461 prolecto
946 391 1053 449 rernm
1074 393 1205 445 suarum

105 471 138 538 in
160 472 247 541 bello
270 473 460 541 Samnitium
483 485 665 565 eventuque
688 474 756 541 eius
777 475 874 542 verti:
913 498 985 542 eam
1006 476 1108 545 solam
1129 498 1204 566 gen·
1276 498 1280 524 ⁸

101 588 170 646 tem
191 591 311 648 restare
333 603 393 646 nec
416 603 488 646 eam
509 580 613 670 ipsam
640 579 717 646 satis
738 578 877 648 validam
905 580 1033 670 quando
1054 579 1202 648 Lucanue

102 684 264 768 deiecerit,
286 708 384 776 quem
405 683 548 752 revocari
571 681 675 749 adhue
696 683 870 774 inpellique
891 668 934 753 ait
947 684 1138 755 abolendam
1151 707 1202 755 so·

101 787 251 855 eietatem
272 789 451 857 Romanam
472 810 569 879 posse
591 787 620 854 si
641 811 705 878 qua
727 811 782 854 ars.
799 789 941 856 serendis
964 788 1127 861 discordiis
1149 789 1237 855 art-o

99 890 255 962 hibeatur.
292 886 373 961 haee
396 893 526 962 consilia
548 914 624 959 cum
645 894 730 982 apud
753 893 886 982 cupidos
908 917 1016 962 rerum
1041 893 1202 961 novanda„

100 1020 172 1062 mm
194 998 376 1082 valuissent,
399 1012 440 1065 e'x
461 999 624 1066 iuventute
648 997 778 1086 quidam
798 996 1002 1066 Lucanorum
1023 997 1126 1089 pretio
1148 998 1202 1066 ad·

98 1101 168 1168 sciti
189 1141 234 1153 —
256 1102 331 1170 clari
352 1103 453 1194 magis
474 1103 556 1170 inter
583 1101 755 1192 populares
777 1126 875 1194 quam
903 1100 1030 1170 honesti
1053 1103 1200 1170 -inter

98 1228 134 1272 se
156 1207 287 1283 mulcati
312 1208 373 1301 ipsi
405 1208 500 1299 virgis
528 1230 603 1275 eum
630 1230 768 1299 corpore
795 1208 881 1274 nuda
902 1206 1082 1275 intulissent
1103 1207 1136 1274 in
1158 1205 1199 1274 ci-

95 1311 183 1379 vium
205 1324 349 1397 coetum,
376 1312 540 1382 vociferati
567 1322 642 1380 sunt
663 1335 713 1396 se,
747 1308 836 1403 quod
863 1322 965 1380 eastre
987 1310 1132 1387 Romane
1153 1311 1198 1377 in·
1211 1319 1246 1376 1o

94 1417 182 1508 gredi
204 1417 271 1484 ausi
293 1430 410 1502 essent,
427 1443 445 1485 a
464 1417 647 1484 consulibus
664 1417 758 1508 virgis
776 1439 888 1484 caesos
911 1440 949 1484 ae
970 1440 1072 1508 prope
1093 1415 1198 1484 securi

92 1544 263 1612 percussos
291 1544 372 1590 esse.
410 1522 564 1589 deformis
590 1533 705 1612 suapte
731 1532 843 1591 natura
870 1544 930 1595 ree,
951 1544 1027 1589 cum
1055 1512 1197 1612 speeiem

749 1708 891 1747 canorum
911 1688 1006 1763 pretio
1028 1682 1197 1748 adscitialss
1260 1706 1263 1717 ·

747 1795 784 1834 m.
802 1777 828 1834 2.
847 1773 878 1835 P.
891 1805 924 1817 —
943 1775 1022 1834 blm.
1041 1777 1080 1835 1.:
1098 1775 1195 1850 pretii.

738 1894 784 1913 .-
801 1861 890 1921 Codd.
909 1860 983 1919 Gela
1001 1863 1088 1920 asciti.
1107 1859 1151 1918 Cf.
1168 1860 1196 1926 6,

111 1691 136 1748 1.
164 1690 323 1772 diecrirncn
345 1689 482 1764 profecto
506 1708 606 1747 rorum

149 1795 285 1835 suornm
297 1777 327 1832 in
340 1776 417 1834 bello
422 1775 606 1835 »Samnitium

161 1873 327 1940 euentuque
355 1866 421 1922 eiua
450 1865 541 1922 nerii.-
569 1862 605 1921 P:

160 1952 188 2010 b.
200 1971 225 2009 e.
242 1952 361 2028 positum
384 1969 444 2006 esse
460 1954 490 2008 iu
508 1962 605 2009 eventu

62 2102 80 2111 -
160 2036 225 2095 belli
243 2038 393 2096 Samnitici.
423 2037 457 2097 cl.
480 2041 605 2107 ll‚18.:

159 2125 231 2184 baud
248 2123 431 2202 neglegenter,
454 2134 485 2183 ut
508 2127 557 2203 qni
574 2128 606 2182 in

160 2234 195 2272 eo
226 2214 370 2270 uictoriam
398 2213 467 2269 verti
496 2213 604 2280 seirent,

160 2319 258 2378 eorpus
283 2297 459 2358 oteultavere,
487 2302 537 2368 3⁰,
559 2301 603 2358 3.=

159 2389 287 2445 omuibus
301 2418 337 2431 -
354 2385 454 2443 alrieae
471 2407 536 2444 eure
547 2394 605 2442 erat

156 2494 206 2532 een
224 2476 288 2550 qnia
303 2476 346 2531 tor·
364 2493 495 2531 rammam
513 2492 603 2531 rerum

90 2610 94 2617 .
158 2561 276 2638 bellique
295 2562 365 2618 verti
389 2561 534 2616 cernebant
554 2578 603 2617 seu

158 2659 188 2707 ut
201 2649 330 2727 Scipioni
336 2647 555 2724 gratilieamntur,
572 2648 604 2702 r'n

160 2746 246 2812 que'm
263 2745 327 2792 tune
346 2736 434 2792 omnis
445 2753 523 2790 versa
538 2735 603 2790 eivi-

159 2835 201 2880 tae
224 2832 289 2882 erat.
316 2819 350 2880 al.
377 2851 411 2864 -·
441 2819 469 2876 ll
489 2819 566 2877 Leltl.
584 2837 602 2877 r.

159 2911 228 2970 bor.
241 2913 279 2969 la
298 2907 468 2978 „diumimen
479 2905 611 2984 prolecto,

155 3017 243 3056 rernm
257 3016 367 3054 snamm
378 2997 408 3052 iu
422 2993 493 3052 bellu
502 2993 609 3050 ramni.

157 3088 226 3143 tium
237 3095 417 3161 mentumque
427 3081 604 3143 eiuauerti‘t

156 3172 221 3230 bino
241 3171 314 3233 Harl.
332 3192 363 3232 n:
384 3168 535 3229 inbellem
560 3187 609 3226 ιιι.

157 3261 281 3317 mnitiuur
321 3266 498 3336 euentnmque
542 3258 612 3316 eim.

138 3350 141 3359 '
155 3347 234 3406 uerti.

103 3482 130 3542 2.
156 3497 223 3537 enm
235 3479 331 3535 solam
340 3485 460 3557 gentem
471 3482 601 3530 restore.-
682 3494 687 3507 ⁸

157 3565 180 3628 P
198 3585 234 3628 m.
252 3566 278 3626 2ss
296 3561 383 3631 111-
400 3561 423 3619 P
440 3582 475 3620 m.
495 3563 534 3620 1.:
558 3578 602 3635 ge·

157 3664 238 3713 stare.
257 3682 291 3694 -
312 3648 377 3708 Ptl:
403 3648 549 3727 inpellique
566 3644 605 3708 ab

158 3738 317 3800 abolendam
325 3739 480 3796 societatem
490 3735 544 3806 (tlz
556 3755 600 3792 eo-

158 3830 293 3898 tietatem)
307 3846 445 3884 romanam
462 3844 552 3901 posse.
570 3824 604 3880 lu

158 3915 232 3976 Harl.
250 3936 268 3974 1.
287 3915 386 3993 eupidit
403 3913 454 3970 nd.

105 4051 130 4106 7.
160 4069 200 4104 ex
224 4049 375 4105 iuuentute
403 4044 525 4120 quidam
547 4043 603 4100 Lu·

748 1933 1141 2022 ⁴0.-Pm.1'.:elarirnegie
1154 1947 1194 2003 in·
1275 1960 1279 1971 ·

748 2047 791 2094 ter
819 2035 963 2113 populares
991 2054 1071 2112 quarn
1097 2034 1194 2090 oresti.
1221 2074 1225 2082 ,

748 2155 783 2169 -
810 2123 872 2181 Pn:
901 2125 991 2181 inter·
1007 2143 1045 2183 ea
1071 2121 1195 2179 mulcati

747 2213 807 2288 1μαί
823 2211 935 2290 uirgis:
943 2209 1017 2273 bae.
1036 2229 1097 2271 enm
1110 2213 1195 2269 seruet

747 2300 803 2376 ipsi
827 2295 999 2359 ornatum
1022 2298 1111 2371 virgis
1126 2291 1194 2352 mul·

745 2395 860 2446 cessent
874 2416 908 2433 -ψ
926 2383 967 2442 lll:
985 2387 1015 2442 in
1033 2384 1133 2440 ciuium
1150 2400 1193 2452 eg·

744 2483 810 2533 tum.
835 2503 870 2516 -
892 2471 914 2528 P
932 2494 969 2532 m.
988 2474 1026 2528 1.:
1054 2467 1195 2529 uooilerati

744 2570 810 2620 aunt
826 2559 880 2618 sed
891 2559 966 2637 quod
980 2568 1031 2618 eet.
1048 2577 1084 2617 m
1097 2558 1136 2616 2:
1152 2570 1193 2614 se.

675 2649 719 2707 11.
744 2667 765 2704 a
782 2668 859 2705 oeae.
879 2649 975 2726 uirgis
998 2665 1118 2704 caesos.-
1142 2639 1193 2701 ΡΜ

745 2730 795 2803 al]
824 2753 839 2789 a
867 2731 979 2792 consule
1006 2742 1056 2793 eet.
1091 2729 1192 2804 Quam·
1299 2741 1307 2760 '

745 2837 826 2896 qnam
851 2816 926 2875 solus
953 2814 1087 2878 Publilius
1110 2814 1191 2873 Philo

741 2907 854 2983 'pronon
872 2906 907 2962 ad
920 2904 1084 2980 Palaepolim
1096 2901 1191 2969 fuerat,

711 2988 715 2994 “
744 3001 834 3051 temen
852 3012 872 3049 a
895 2991 1066 3050 consulibua
1088 2988 1190 3051 alienu
1238 2992 1242 2997 ’

744 3100 804 3139 eree
821 3088 925 3158 potest,
947 3098 1001 3156 quo
1019 3079 1106 3135 maior
1120 3077 1189 3133 inia-

744 3171 785 3227 ria
802 3190 819 3227 a
835 3167 966 3227 Romanis
982 3166 1066 3224 inlata
1086 3162 1197 3222 vitlem¹

742 3267 795 3324 tur,
813 3257 911 3312 sinon
929 3255 962 3313 ab
980 3273 1035 3313 uno
1047 3271 1127 3318 oona
1140 3248 1190 3312 sed

744 3362 761 3399 a
779 3340 885 3400 duobus
902 3352 958 3398 tam
976 3335 1189 3399 erudelitenlau·

744 3431 804 3486 eani
814 3427 1102 3490 adotecrutmexari
1117 3423 1190 3484 diee-
1275 3450 1280 3461 r

743 3528 845 3578 rentur.
862 3537 913 3578 neo
922 3515 961 3573 illi
970 3510 1082 3581 [tumui.
1093 3514 1140 3590 qni
1154 3509 1196 3577 al·

744 3603 995 3664 meritissimae
1012 3610 1101 3670 erant,
1118 3601 1190 3659 scire

743 3700 904 3770 potuerunt,
929 3690 1047 3767 quidin
1074 3708 1104 3745 re
1126 3687 1195 3745 flea

742 3780 801 3837 vari
818 3786 898 3838 esset.
931 3779 1022 3856 Atque
1038 3775 1078 3834 illi
1099 3773 1189 3834 adole-

744 3874 857 3922 scentes
869 3865 956 3923 rideri
974 3868 1055 3923 etiem
1065 3871 1189 3941 poterent
1204 3858 1206 3863 ’

745 3952 910 4020 exsomnis,
928 3954 975 4008 ubi
994 3952 1050 4010 duo,
1066 3949 1190 4009 oomolea

696 4092 699 4097 .
747 4041 960 4109 eraunveuiese:
980 4039 1137 4111 618319,
1146 4037 1189 4097 13.
