2618 4590
491 236 725 301 maumam
809 200 817 209 “
870 256 877 269 ,
993 186 1000 205 ’
1092 225 1157 305 763

78 394 259 487 beraretur,
280 424 355 473 cum
378 400 504 472 duobus
517 401 651 495 tribunis
664 401 767 496 plebis
781 412 815 471 et
828 400 975 471 omnibus
991 401 1047 494 qui
1059 401 1159 479 fidem

78 509 301 602 soponderant
322 507 421 579 dediti
435 507 630 599 Samuitibus
643 533 711 579 non
731 518 806 579 sunt
819 506 950 599 recepti.
978 531 1039 575 uec
1053 506 1157 581 multo

78 625 135 682 ost
157 639 195 683 ca
224 614 302 683 fissis
325 640 344 683 a
368 612 494 706 Papirio
517 613 655 682 Cursore
676 611 871 695 Samnitibus
900 622 933 680 et
960 611 1020 679 sub
1047 611 1158 702 iugum

78 718 166 787 rissis
187 720 388 812 receptisque
410 717 568 788 sexcentis
591 717 749 811 equitibus
770 715 933 800 Romanis
954 715 1009 807 qui
1031 715 1159 783 obsides

78 823 126 891 ati
149 836 247 910 erant,
268 826 374 923 pudor
394 824 507 919 prioris
528 823 636 915 flagitii
658 823 794 891 abolitus
810 833 868 890 est.
893 821 994 889 tribus
1010 820 1091 888 duae
1107 819 1189 890 esd-5

78 938 161 999 :ctae
183 940 258 997 sunt
271 928 423 997 Ufentina
445 939 478 997 et
493 928 637 998 Falerna.
673 922 794 996 Suessa
814 939 848 996 et
861 925 992 995 Pontiae
1015 925 1160 993 coloniae

78 1033 218 1103 eductae
239 1044 323 1107 sunt.
356 1031 419 1124 Ap.
442 1031 594 1101 Claudius
616 1056 730 1101 censor
753 1036 870 1124 aquam
890 1031 1054 1124 perduxit,
1075 1029 1161 1099 viam

78 1132 173 1207 :ravit
193 1163 276 1231 quae
300 1137 404 1229 Appia
425 1147 539 1206 vocata
553 1177 556 1183 ·
569 1147 633 1222 est,
661 1134 883 1206 libertinorum
909 1136 991 1204 filios
1017 1136 1050 1202 in
1072 1136 1184 1204 sena-''
1268 1144 1274 1165 “·

78 1266 128 1309 rm
149 1243 241 1335 legit:
277 1238 430 1336 ideoque,
461 1241 614 1334 quoniam
636 1243 663 1310 is
686 1243 766 1311 ordo
787 1242 953 1311 videbatur
979 1239 1161 1332 inquinatus

78 1346 205 1439 rdignis,
225 1346 389 1439 sequentis
411 1330 485 1414 aurii
507 1347 656 1416 consules
677 1348 710 1415 in
732 1357 845 1423 senatu
858 1347 998 1439 legendo
1015 1345 1161 1413 observa·
1174 1356 1210 1414 10

78 1462 173 1520 eruut
200 1476 299 1543 quem
326 1444 530 1520 admodum
562 1461 637 1518 ante
669 1452 836 1542 proximos
870 1475 1018 1522 censores
1048 1451 1162 1518 luerat.

78 1576 109 1622 es
131 1566 259 1646 praeter
280 1581 318 1625 ea
341 1567 451 1626 contra
472 1554 598 1647 Apulos
618 1554 773 1626 Etruscos
793 1557 935 1626 Umbros
956 1557 1082 1627 lllarsos
1104 1555 1163 1624 Pe·

80 1682 168 1750 gnos
189 1660 320 1752 Aequos
349 1672 382 1730 et
402 1659 578 1745 Samnites,
610 1659 725 1751 quibus
754 1662 868 1731 foedus
897 1661 1077 1739 restitutum
1105 1660 1163 1744 est,
1293 1746 1295 1753 Ι

79 1761 212 1854 rospere
234 1776 340 1863 gestas
363 1764 515 1834 continet
552 1764 680 1834 Flavius
704 1766 808 1863 scriba
829 1766 976 1835 libertino
998 1774 1088 1855 patre
1110 1788 1163 1830 na·
1231 1755 1234 1759 ¹

78 1891 111 1934 us
134 1867 246 1936 aedilis
266 1870 383 1938 curulis
398 1870 458 1938 luit
478 1893 537 1961 per
550 1869 712 1939 forensem
728 1871 901 1939 factionem
916 1880 1056 1937 creatus:
1080 1892 1162 1959 quae
1176 1880 1210 1941 15

78 1995 134 2038 um
157 1973 285 2042 comitia
308 1986 341 2044 et
368 1999 519 2066 campum
545 1974 690 2043 turbaret
719 1986 753 2044 et
780 1975 813 2043 in
834 1974 872 2043 iis
900 1985 1030 2067 propter
1051 1973 1164 2040 nimias

78 2072 143 2140 ires
164 2076 389 2165 dominaretur,
411 2081 487 2166 aQ.
502 2077 602 2146 Fabio
625 2102 758 2149 censore
780 2080 814 2146 in
836 2090 986 2170 quattuor
1002 2079 1102 2146 tribus
1118 2103 1165 2144 re-

78 2179 153 2245 lacta
176 2188 226 2244 est
247 2207 327 2269 quas
349 2183 486 2250 urbanas
509 2182 690 2283 appellavit,
713 2208 815 2276 eaque
837 2207 889 2252 res
906 2184 1005 2250 Fabio
1021 2182 1164 2250 lllaximo

78 2292 179 2349 tomen
201 2281 296 2351 dedit.
334 2285 367 2353 in
388 2287 452 2356 hoc
474 2289 557 2356 libro
578 2288 778 2356 mentionem
800 2288 899 2356 habet
914 2288 1086 2355 Alexandri
1110 2286 1166 2378 qui

78 2385 258 2477 emporibus
279 2388 329 2456 his
346 2391 413 2475 fuit,
438 2404 471 2461 et
483 2392 655 2462 aestimatis
669 2393 781 2484 populi
796 2391 933 2460 Romani
947 2393 1066 2462 viribus
1082 2414 1164 2484 quae
1176 2402 1212 2458 20

78 2514 137 2559 unc
159 2503 248 2559 erant
270 2493 437 2585 colligitur,
458 2497 486 2564 sl
501 2497 683 2585 Alexander
704 2498 737 2564 in
750 2497 873 2566 Italiam
893 2498 1078 2580 traiecisset,
1099 2519 1166 2564 non

78 2640 105 2694 1.
132 2656 193 2693 cunr
211 2639 315 2696 duobus
327 2640 383 2700 Tri.
395 2641 436 2703 Pl.
454 2654 475 2695 sc
491 2646 579 2701 omni·
649 2647 693 2701 12.
719 2643 775 2702 Res
792 2653 915 2722 preterea
934 2652 1008 2701 cotra
1026 2643 1139 2722 Apulos.

132 2723 183 2783 bus
201 2727 247 2802 qui
264 2746 313 2803 per
330 2725 407 2785 ledus
425 2729 578 2804 spoponde·
650 2733 693 2791 13.
720 2730 828 2806 Equos:
855 2732 1041 2789 arsenoitas:
1069 2731 1166 2806 quibus

132 2820 201 2871 rant.
720 2817 799 2894 ledus
811 2828 869 2876 erat
879 2824 1018 2879 restitutur
1036 2837 1167 2898 prospere

82 2900 109 2958 2.
135 2918 185 2954 uec
204 2899 283 2955 etiam
302 2899 386 2957 multo
400 2912 493 2978 postea
511 2904 579 2962 lusis
719 2915 816 2980 gestas.

133 2985 283 3064 aPapyrio
302 3008 420 3049 cursore.
651 2992 694 3052 15.
720 2993 809 3050 Edilis
834 2992 943 3051 Curulis
966 2993 1017 3050 luit
1036 3012 1059 3070 ῃ
1079 2988 1167 3048 loren-

81 3077 107 3133 d.
135 3076 277 3152 receptisq3
305 3079 439 3134 sexcentis
473 3077 579 3154 eqtibas
638 3135 643 3143 ,
721 3100 778 3136 sem
797 3068 953 3138 factionem.¹

134 3159 272 3222 Romanis.
543 3192 546 3197 ¹
661 3196 696 3209 -
723 3186 849 3244 quacum
862 3165 979 3224 Comitia
999 3163 1168 3240 &Campum

722 3255 851 3315 turbaret.

719 3342 834 3415 ,redacta
859 3349 909 3399 est.
936 3359 995 3416 eaq3
1017 3360 1061 3396 res
1083 3339 1167 3397 Fabio

722 3430 838 3489 lllaximo
856 3447 955 3485 nomen
973 3427 1057 3521 dedit.

653 3527 697 3587 19.
722 3524 890 3588 mensionem
911 3523 993 3584 habet
1009 3519 1167 3579 Alexandri:

721 3602 771 3691 qui
796 3613 964 3691 temporibus
987 3610 1030 3669 his
1058 3609 1121 3667 soit:
1148 3620 1169 3663 tr

615 3728 618 3733 ·
724 3700 855 3757 estimatis
885 3698 934 3759 Po.
963 3698 1015 3759 Ro.
1051 3697 1169 3775 uiribusz

724 3778 854 3864 quotane
866 3795 954 3845 erant:
969 3784 1116 3859 colh'gitnr:
1129 3782 1168 3842 si.

653 3875 697 3934 rt.
724 3894 780 3931 non
798 3864 949 3932 lam'lacile
966 3875 992 3931 ei
1009 3873 1123 3930 uictorli
1135 3870 1170 3928 de

84 3300 111 3359 5.
136 3299 226 3376 pudor
237 3263 312 3380 ituris
323 3302 419 3378 flagitii
430 3302 582 3367 abolitus&-
653 3344 687 3399 17

78 3418 109 3430 -
136 3386 234 3445 Tribus
247 3389 299 3446 due
311 3391 415 3449 adieete
425 3399 479 3455 sut
497 3391 538 3467 Ol
571 3423 581 3437 ·
689 3386 698 3401 '

135 3475 192 3531 tina
204 3487 225 3528 tr
239 3475 352 3539 Faleris.
365 3479 466 3537 Suessa
478 3490 499 3533 tc
509 3478 580 3537 Pon·

137 3562 175 3617 tia
193 3559 308 3622 Colonia
325 3565 441 3625 deducte
457 3576 529 3627 sunt.

85 3651 110 3704 9.
137 3646 230 3724 ldeoq;
248 3654 383 3728 quoniam.

78 3737 111 3811 ,0.
136 3740 272 3814 sequentis
296 3743 362 3797 anni
388 3741 524 3807 Censores
553 3741 583 3797 in

137 3821 239 3882 Senatu
249 3824 362 3901 legendo
376 3829 582 3887 obseruauerr'rt:

139 3909 337 3985 queadmodum
355 3925 416 3972 ante
426 3935 475 3994 per
492 3917 584 3994 proxi·
978 3962 1015 3989 w

140 4017 200 4054 anos
213 3999 348 4060 Censores
365 4003 509 4061 obseruatis
527 4002 582 4060 lue·
724 3994 829 4075 Populo
837 3994 890 4057 llo·
900 3990 1168 4075 lttessssllfllllfiffl·

140 4093 190 4144 rat.
724 4084 799 4141 tibus
816 4102 884 4163 qum
900 4082 937 4141 sd
953 4085 1063 4163 oriente?
1073 4092 1125 4165 qut.
