2618 4590
45 296 48 301 ·
159 253 226 325 420
297 342 305 365 „
626 268 735 328 tmen
753 269 799 329 tx.

134 348 159 385 ,l

161 437 284 503 simum
307 441 507 501 momentum
529 430 585 514 sit,
612 455 711 523 quam
739 433 881 523 propitiis
909 455 977 499 rem
1001 452 1099 520 quam
1123 429 1262 498 adversis

164 546 258 631 agant
280 539 347 622 diis,
369 560 428 627 pro
451 544 538 602 certo
560 536 677 604 habete
698 537 804 626 priora
827 538 910 604 bella
927 538 1078 604 adversus
1096 534 1182 601 deos
1205 557 1263 599 ma-

161 645 209 735 gis
231 666 327 733 quam
348 638 496 706 homines
523 640 674 731 gessisse,
701 641 764 708 lroc
792 643 880 732 (prod
908 643 1002 709 instat
1028 639 1168 705 ducibus
1192 637 1261 729 ipsis
1304 686 1306 721 :

83 766 86 771 ·
139 748 220 813 =diis
242 757 397 836 gesturos.

121 854 152 913 '5
253 852 291 917 ll.
327 850 424 953 xllaec
447 873 513 917 non
535 850 618 917 laeta
640 850 740 939 magia
763 875 861 940 quam
877 875 953 919 vera
967 850 1158 918 vaticinatus
1182 873 1261 916 exer·

164 953 230 1022 citu
252 954 370 1021 educto
393 954 474 1021 cirea
498 953 655 1021 Caudium
677 966 777 1020 castra
801 980 898 1044 quom
920 966 1028 1045 potest
1050 953 1261 1021 occultissime

147 1060 261 1127 locat:
284 1058 358 1125 inde
381 1059 421 1123 ad
444 1058 608 1141 Calatiam,
630 1058 685 1125 ubi
707 1060 770 1124 iam
793 1062 941 1126 consules
963 1061 1130 1127 Romanos
1153 1069 1261 1125 eastra

161 1187 226 1254 qne
248 1186 319 1231 esse
342 1162 498 1247 audiebat,
520 1164 636 1230 milites
659 1164 772 1231 decem
786 1177 953 1254 pastorum
974 1165 1085 1231 habitu
1102 1163 1203 1230 mittit
1216 1186 1261 1252 pe·

162 1291 303 1358 ceraque
325 1266 467 1334 diversos
490 1268 588 1334 alium
610 1269 683 1334 alibi
705 1269 790 1334 haud
819 1271 932 1359 procul
954 1268 1107 1335 Romanis
1134 1290 1260 1358 pascere

68 1448 72 1469 Ι
116 1377 153 1438 10
164 1371 254 1439 iubet
274 1371 453 1462 praesidiis:
475 1373 531 1438 ubi
543 1372 709 1440 inciderint
730 1374 763 1439 in
777 1375 990 1462 praedatores,
1011 1384 1047 1439 ut
1061 1372 1151 1439 idem
1168 1371 1261 1439 omui-

160 1477 222 1561 bus
251 1499 357 1546 sermo
387 1488 528 1561 constet,
556 1476 697 1567 legiones
728 1477 918 1545 Samnitium
945 1479 978 1544 iu
1005 1477 1158 1566 Apuliam
1185 1498 1261 1556 esse,

160 1581 329 1649 Luceriam
358 1581 507 1649 omnibus
535 1581 635 1673 copiis
663 1582 895 1651 circumsedere
922 1607 983 1648 nee
1009 1582 1125 1672 procul
1154 1581 1261 1648 abesse

161 1685 240 1779 quin
262 1687 294 1754 vi
316 1686 452 1778 capiant.
490 1687 603 1755 iamris
625 1698 659 1755 et
685 1711 795 1754 rumor
823 1699 895 1755 ante
919 1688 958 1755 de
986 1686 1138 1754 industria
1160 1685 1261 1775 volga-

179 1856 204 1914 ί.
232 1870 323 1933 quam
343 1855 482 1929 propitiis
504 1872 566 1912 rem
588 1874 678 1930 qnam
820 1856 865 1911 bat
887 1853 984 1911 milites
1007 1854 1099 1910 decem
1125 1861 1263 1930 pastorum

229 1941 371 1998 aduersis
400 1950 494 2020 agant
527 1942 603 2000 diis:
638 1941 677 2015 P]
819 1942 913 1997 habitu
930 1942 1014 1998 mittit
1030 1941 1204 2012 (llt'mitit).

230 2046 310 2108 quam
334 2030 461 2106 propitiis
483 2049 560 2105 quam
584 2029 677 2088 adver·
750 2030 792 2088 11.
819 2030 953 2108 legiones
962 2022 1263 2102 oomnitinmr'napnl·

230 2117 271 2174 air
293 2125 405 2193 agantur
430 2115 483 2173 diis
501 2122 550 2186 (ex
568 2119 639 2177 coni.
656 2117 676 2177 1.

37 2231 42 2247 ¹
108 2236 111 2241 ⁴
230 2203 277 2263 Fr.
302 2203 412 2271 Grau).
440 2196 474 2245 2-
499 2204 539 2262 tls
562 2204 677 2284 proinde

231 2308 293 2346 enm
316 2310 404 2346 rerum
427 2290 601 2350 humanarum
622 2314 677 2350 ma·

229 2375 330 2430 ximum
359 2388 524 2435 momentum
550 2381 677 2458 propitiis

231 2479 287 2514 reru
295 2459 299 2530 Ι
307 2480 386 2534 quam
394 2461 514 2520 aduersis
525 2479 604 2541 agant
616 2468 677 2527 diis.

229 2543 308 2602 Leid.
322 2565 352 2602 n:
364 2559 526 2608 momentum
536 2554 584 2609 scd
598 2575 676 2631 quam

228 2632 356 2708 propitiis
370 2653 427 2691 rein
443 2657 522 2712 quam
535 2649 585 2700 cet.
609 2640 676 2699 Lov.

228 2717 268 2772 Ἅι
289 2736 406 2792 agamus.
425 2753 460 2763 -
478 2723 514 2781 P:
532 2747 583 2804 pro
601 2737 676 2783 certo

227 2800 338 2862 habere.
352 2837 386 2848 -—
405 2807 436 2864 lu
448 2810 561 2890 Neapol.
576 2812 676 2870 Latiuii

228 2889 422 2964 scriptumest
443 2919 499 2955 nos
519 2910 676 2979 gesturos:

225 2971 277 3030 aed
296 2977 328 3030 ad
340 2984 476 3055 gessisse
493 2995 521 3040 et
535 2997 676 3064 gesturos

173 3058 177 3065 ’
226 3059 444 3142 laeile'aupplcri
461 3078 552 3146 potest
568 3092 622 3127 eoa
640 3093 673 3128 ex

227 3145 340 3206 habeta

174 3234 201 3293 6.
229 3235 308 3290 circo
332 3235 495 3297 Caudium:
518 3241 554 3303 ll.
577 3275 611 3285 -
636 3245 673 3302 P:

227 3322 299 3377 cirea
318 3324 453 3397 gandium.
470 3358 505 3370 -
522 3327 633 3390 PVoas.
645 3352 673 3391 u.

226 3405 296 3468 Lov.
313 3411 340 3470 4.
365 3405 494 3491 multique
517 3416 563 3475 alii
581 3419 671 3480 codd:

225 3506 334 3562 „castra
347 3520 426 3576 quam
437 3503 617 3564 occultissime
626 3507 673 3564 du·

226 3581 296 3640 eit“.
315 3586 364 3641 sed
382 3591 496 3666 margini
513 3591 610 3650 libriP
627 3595 673 3651 ad·

227 3671 357 3744 scriptum
375 3693 411 3734 m.
430 3679 455 3735 2.
474 3688 516 3735 est
532 3683 620 3741 lacot.
638 3713 672 3722 -

224 3751 266 3809 tl:
296 3767 382 3814 castra
411 3765 576 3824 occultisime
598 3768 673 3826 ducit

223 3839 303 3901 locat.
336 3843 412 3905 Voss.
429 3869 462 3909 ur
489 3853 561 3910 locat
589 3856 671 3914 ducit.

819 2117 892 2172 tiam
909 2137 991 2174 esse.-
1014 2116 1055 2189 ll]
1075 2115 1196 2191 legiones
1218 2112 1262 2169 Sa·

820 2206 944 2260 mnitium
963 2206 990 2260 in
1005 2203 1102 2282 Apulia
1121 2223 1183 2259 csse
1201 2200 1262 2269 (P).

819 2322 855 2334 ·-
868 2291 943 2359 „Die
951 2291 1088 2367 [legionen
1098 2291 1148 2346 der
1159 2290 1264 2345 Samni-

748 2446 749 2451 *
818 2386 864 2433 ten
882 2381 956 2435 scien
974 2379 1043 2435 nacla
1059 2378 1209 2457 Apelleu“.
1230 2405 1264 2419 ·-

818 2464 886 2524 Pm.
897 2469 932 2525 l.:
948 2461 1036 2523 sermo
1049 2477 1164 2526 constat.
1176 2484 1212 2522 m.
1225 2467 1263 2520 2:

811 2563 934 2626 constet.
949 2586 984 2596 -
1002 2553 1082 2614 llece.
1101 2553 1195 2612 codd:
1214 2553 1263 2608 eir·

820 2641 978 2701 cumsidere.
997 2673 1029 2686 -
1054 2640 1116 2698 Pll:
1133 2660 1185 2696 neo
1201 2659 1263 2717 pro·

819 2727 863 2783 cul
889 2729 992 2785 adesse
1012 2731 1077 2808 quin
1101 2729 1129 2784 ni
1148 2729 1261 2805 capiant.

817 2812 893 2872 Leid.
906 2836 924 2875 r.
942 2815 991 2875 al:
1018 2818 1082 2891 quin
1100 2825 1131 2872 nt
1146 2817 1263 2890 capiant.

818 2901 886 2961 Lov.
900 2905 939 2963 d:
956 2906 1045 2981 „quin
1058 2904 1163 2980 capiant
1169 2907 1196 2962 “.
1212 2900 1263 2957 sed

819 2992 844 3045 ai
856 2989 993 3050 Samnites
1008 2993 1040 3047 oi
1049 2990 1149 3065 captari
1168 2989 1262 3044 erede

816 3076 915 3133 bantur
934 3077 1079 3145 Luceriam,
1104 3067 1262 3154 quamma-

816 3166 887 3221 xime
899 3164 1021 3222 Romano
1039 3173 1070 3220 at
1079 3161 1207 3219 fidelibus
1219 3182 1261 3218 ao·

817 3253 869 3307 ciis
887 3253 985 3309 auxilio
998 3262 1071 3311 esset
1082 3250 1261 3308 festinandum

816 3347 889 3394 erat:
918 3360 971 3416 quo
998 3339 1067 3396 uilril
1093 3338 1260 3397 Samnitibus

816 3425 936 3503 optatius
964 3428 1073 3483 evenire
1099 3430 1198 3505 potuit
1230 3458 1259 3466 -

815 3510 942 3587 legimns
959 3514 1069 3589 quidem
1086 3517 1115 3582 8,
1132 3517 1177 3573 37.
1190 3515 1259 3590 Apa·

812 3600 857 3656 los
880 3622 895 3656 a
917 3600 1019 3677 populo
1041 3599 1167 3658 Romane
1189 3600 1258 3657 dele·

792 3688 899 3755 cisse,
925 3687 975 3743 sed
998 3685 1043 3743 illa
1068 3687 1186 3746 delectio
1206 3707 1258 3744 non

813 3777 933 3830 omnium
952 3776 1090 3833 civitatum
1108 3797 1203 3833 eorum
1220 3777 1257 3834 vi·

815 3860 1002 3921 demeruisse.
1021 3864 1055 3921 cl.
1073 3867 1101 3931 8,
1119 3867 1163 3922 27.
1210 3858 1214 3865 ¹

222 3924 266 3987 Cl.
284 3931 311 3998 2,
330 3934 370 3991 7.:
390 3933 459 3994 fieri.
473 3971 507 3983 -—
525 3940 588 3998 Pll:
606 3942 671 3999 inde
742 3947 786 4005 13.
812 3950 872 4005 iam
889 3952 956 4009 ieet
971 3943 1257 4009 romoranteder'n-

188 4033 199 4054 ο
221 4011 256 4068 ad
274 4016 397 4078 caiatiam
408 4023 462 4081 ,abt
477 4029 613 4101 iamncoss.
625 4048 669 4084 ro-

98 4126 102 4132 ·
220 4096 314 4159 manos
332 4116 472 4186 castraque
497 4134 556 4169 esse
577 4114 667 4170 audie·

811 4037 930 4094 dustrr‘o
953 4038 1109 4116 uolgatus:
1130 4038 1177 4109 ld]
1207 4039 1264 4092 iam‘

739 4157 756 4174 .
810 4125 936 4180 ia'etiam
960 4145 1052 4186 rumor
1069 4125 1256 4199 -Jolgatus
