2618 4590
472 206 473 210 ‘
539 237 713 302 nnunix.
763 196 772 205 ’
831 171 833 175 ³
1018 304 1028 317 Ι
1111 227 1175 297 453

73 398 174 491 „quin
203 405 262 469 tu“
294 399 396 489 inquit
429 399 593 485 „adduces
620 399 726 464 lorum
752 411 798 466 ut·
816 395 896 469 iusta
930 403 986 470 fiat
1016 402 1174 471 deditiot“

71 516 142 572 tum
164 506 219 571 ubi
241 505 273 568 in
296 513 424 569 coetum
447 502 637 586 Samnitium
660 504 754 572 etad
781 505 917 571 tribunal
938 517 1071 574 ventum
1093 509 1173 575 Pon·
1225 585 1226 591 χ

70 609 106 674 tii
129 621 187 692 est,
208 607 246 674 A.
270 607 438 673 Cornelius
460 607 578 675 Arvina
606 608 719 675 fetialis
742 609 785 675 ita
806 608 904 677 verba
932 609 1024 676 fecit:
1051 635 1171 700 „quan-

72 713 180 804 doque
203 713 291 778 hisce
314 711 460 777 homines
482 703 603 777 iniussu
624 713 735 802 populi
757 713 892 781 Romani
915 712 1084 800 Quiritium
1105 715 1171 781 foe·

13 846 24 853 ⁴
71 818 131 884 dus
153 817 252 882 ictum
273 816 310 880 iri
332 814 573 904 spoponderunt
595 825 692 904 atque
715 817 757 884 ob
781 841 853 883 eam
878 841 947 883 rem
974 840 1094 884 noxam
1114 832 1204 886 no-5

71 931 214 1003 suerunt,
237 920 279 987 ob
303 942 374 985 eam
396 942 465 984 rem
487 959 531 970 -
553 943 618 1009 quo
634 921 780 1011 populus
795 922 959 990 Romanus
981 920 1103 987 scelere
1124 921 1168 988 iu·

67 1025 122 1118 pio
152 1025 192 1090 sit
218 1024 341 1091 solutus
364 1059 408 1072 —
435 1022 535 1092 hosce
562 1021 709 1091 homines
738 1024 831 1093 vobis
862 1024 978 1092 dedo“.
1016 1025 1100 1101 haee
1125 1025 1168 1092 di·

68 1128 151 1197 centi
173 1127 271 1194 fetiali
292 1127 473 1196 Postumius
496 1149 580 1216 genu
608 1127 712 1196 femur
734 1141 852 1219 quanta
880 1127 1019 1196 maxime
1042 1139 1167 1219 poterat

65 1232 98 1299 vi
120 1231 254 1322 perculit
281 1243 313 1298 et
341 1232 425 1298 clara
447 1253 530 1299 voce
558 1230 601 1297 ait
618 1255 663 1300 se
686 1233 863 1301 Samnitem
891 1232 996 1323 civem
1024 1255 1110 1317 esse,
1132 1232 1166 1298 il-

86 1374 110 1430 1.
139 1373 211 1449 quin
228 1380 261 1428 tu
279 1373 376 1446 inquit
386 1369 521 1427 adduces
538 1371 581 1426 lo·

66 1451 70 1467 '
136 1479 218 1517 rum:
237 1457 287 1514 ΡΜ
304 1477 451 1534 omnesque
470 1464 497 1512 et
515 1454 580 1512 Pell.

138 1556 166 1601 et
182 1545 319 1603 Drakenb.
343 1543 438 1614 codd]
464 1546 528 1620 quin
550 1553 581 1600 tu

135 1633 224 1708 inquit
250 1630 363 1687 adducis
386 1629 474 1686 lorum
500 1629 580 1699 (edit.
649 1626 655 1639 “

137 1717 219 1776 Frob.
250 1719 356 1786 1531.).
389 1715 506 1785 „Wirst
535 1716 581 1785 du,

135 1804 233 1883 sprach
240 1824 284 1872 er,
303 1803 355 1861 den
367 1803 478 1860 Riemen
491 1801 581 1860 schite-

135 1892 176 1948 ser
194 1890 360 1947 anziehen“!
376 1890 530 1947 Nemo·uon
542 1891 581 1948 vi·

136 1979 182 2035 det
200 1978 318 2035 futurum
329 1977 413 2034 multo
425 1977 521 2034 fortius
540 1976 580 2034 di·

34 2109 38 2115 .
137 2077 210 2122 ctum
239 2084 300 2121 esse
334 2084 413 2142 quam
443 2084 579 2142 praesens.

134 2155 192 2210 scio
217 2152 340 2232 equidem
362 2154 391 2208 in
402 2150 453 2210 tis
470 2150 579 2208 dicendi

134 2242 273 2317 generibus
299 2239 475 2295 indicativum
501 2256 576 2315 prae-

132 2332 217 2388 sentio
237 2327 319 2387 scribi
332 2326 432 2384 solere:
451 2324 500 2382 sed
508 2344 576 2412 cum

133 2428 161 2474 et
177 2417 364 2474 coniunctivae
382 2414 531 2490 praesentis
549 2421 577 2468 et

131 2505 304 2581 imperativus
314 2501 425 2558 eandem
434 2500 503 2559 hanc
512 2519 575 2556 con·

133 2592 297 2650 iunctionem
327 2590 404 2662 sequi
432 2588 577 2666 potuerint,

132 2699 168 2738 ne
194 2677 311 2734 futurum
338 2675 447 2750 quidem
470 2682 578 2747 tempus

135 2765 168 2823 ab
186 2763 284 2823 latinae
295 2760 400 2834 liuguae
412 2761 515 2816 ratione
532 2759 577 2813 ab·

134 2851 277 2911 horruerit.
296 2877 332 2890 -·
348 2845 422 2905 tim.
442 2847 480 2903 t:
498 2853 578 2912 „tum

132 2939 162 2995 bi
180 2939 208 2992 in
221 2945 326 2994 coetum
338 2934 515 2995 εαιιιιιίιίιιιιιιι
527 2941 578 2991 cet.

134 3028 197 3083 dein
216 3032 296 3092 „tum
314 3021 392 3082 ubi“.

81 3120 108 3176 3.
136 3111 316 3189 queruloque
335 3110 414 3170 tuce
428 3109 577 3168 domines.-

133 3200 184 3257 Pit
201 3198 277 3256 Leid.
294 3217 312 3257 ι.
331 3195 395 3256 Pan.
414 3199 442 3261 1,
458 3199 483 3254 3.
497 3194 530 3253 al.
542 3225 578 3239 -

135 3281 580 3360 Cod.Haverc.:quandoquidcm.‚

134 3372 228 3436 Lovel.
240 3392 282 3431 m:
300 3370 417 3448 quando*
433 3368 477 3428 cf.
494 3373 521 3437 8,
538 3372 578 3428 7.:

135 3460 294 3539 quandoque
312 3490 345 3500 -
364 3466 438 3515 extra
456 3456 580 3516 ordinem

136 3552 165 3609 iu
182 3548 288 3604 hostem
309 3547 442 3624 pugnasti.
464 3575 498 3584 -
521 3542 577 3600 No-

135 3637 293 3695 minativum
311 3632 380 3712 plus.
392 3632 474 3688 hisco
486 3630 519 3689 ab
533 3650 578 3685 an-

136 3727 219 3801 tiquis
237 3742 287 3798 pro
302 3720 366 3793 hice
378 3720 508 3797 scriptum
519 3736 580 3773 esse

139 3831 200 3867 cum
218 3833 233 3868 e
247 3807 395 3886 euphoniae
408 3825 489 3874 causa
498 3806 578 3863 iuter·
634 3798 637 3803 ’

138 3907 283 3974 poneretur
305 3895 389 3954 Prisc.
419 3895 466 3962 tu,
486 3896 513 3951 ὅ,
535 3892 579 3949 26.

139 3985 226 4042 docet.
244 4016 277 4026 -
300 3983 335 4043 P:
355 3984 458 4039 iniussu
475 4000 539 4059 pop.
552 3985 580 4037 i.

138 4074 251 4150 quirites
269 4069 364 4129 foedus
382 4071 437 4127 ictu
451 4069 500 4127 iris
518 4086 579 4149 spo-

721 1373 885 1452 ponderunt.
901 1392 937 1429 m.
955 1373 996 1431 Ἅι
1014 1370 1077 1429 ictis.
1095 1368 1167 1431 Mn.

723 1464 762 1520 1.:
792 1462 897 1516 iniussu
925 1467 990 1538 pop.
1021 1464 1043 1516 i.
1059 1461 1064 1527 Ι
1083 1458 1168 1534 quirit

722 1546 817 1604 foedus
845 1549 925 1603 icturi
960 1542 1165 1623 spoponder2'

721 1643 799 1709 atque
812 1643 862 1692 cet.
874 1653 910 1691 m.
919 1635 962 1691 3.:
976 1620 1066 1708 quini.
1085 1632 1165 1690 ltece

721 1719 830 1800 quidam
847 1718 940 1779 codd:
960 1719 1095 1802 quiritum.
1121 1716 1165 1775 cf.

723 1809 767 1875 41,
787 1808 829 1867 to.
847 1805 881 1869 al,
895 1835 928 1847 -
946 1804 1016 1864 Pm.
1034 1803 1109 1865 til:
1128 1813 1165 1860 at·

723 1914 775 1973 que
793 1884 828 1952 oi
847 1896 906 1950 eam
923 1910 980 1949 rem
1002 1911 1100 1949 noxam
1117 1911 1166 1960 no·

671 1977 1164 2060 'mmmmmwffi

722 2067 823 2128 scelere
835 2068 910 2145 inpio
923 2068 959 2123 sit
967 2064 1071 2122 solutus
1082 2064 1165 2121 hosce

720 2154 843 2211 homines
855 2155 939 2231 uobis
947 2152 1027 2212 dedo.
1044 2151 1067 2209 P
1078 2171 1113 2210 m.
1126 2155 1164 2209 1.:

719 2241 821 2301 scelere
833 2240 952 2324 inposuit
961 2238 1074 2298 solutus.
1093 2236 1164 2296 (iod

718 2329 828 2388 Kiocim
840 2330 948 2395 noxiam
959 2334 1116 2389 nocuerunt.
1129 2354 1164 2367 -

720 2417 786 2492 Quo
803 2438 840 2470 =
861 2425 914 2485 „ut
930 2416 967 2473 ita
985 2413 1039 2473 hoc
1061 2410 1165 2472 scelere

716 2506 790 2581 inpio
798 2510 815 2538 ‘⁶
833 2513 885 2563 eet.
1101 2502 1104 2509 '

655 2595 691 2650 ,7,
718 2591 792 2649 hoec
810 2591 921 2649 dicenti
933 2589 1042 2662 fetiali
1056 2585 1163 2646 Postu·
1209 2616 1211 2621 v
1254 2648 1257 2655 A

718 2682 796 2735 mins
821 2698 901 2756 genu
916 2677 1023 2749 fantur
1050 2682 1163 2750 quanta

719 2766 850 2820 maxime
865 2772 982 2836 poterat
1000 2762 1033 2817 ui
1052 2763 1103 2828 (m.
1123 2761 1162 2819 1.=

719 2853 790 2919 uim)
800 2850 940 2923 perculit:
952 2848 983 2906 P.
995 2876 1029 2888 -
1041 2844 1081 2900 dl:
1096 2844 1163 2902 haec

720 2936 820 2995 dicenti
834 2933 922 2995 ieciaii
931 2934 1082 3016 postumius
1095 2950 1163 2989 cenu

719 3023 806 3083 femur
817 3031 915 3104 quanta
926 3023 1040 3084 maxime
1057 3028 1163 3103 poterat

719 3113 748 3175 ui
765 3109 887 3191 perculit.
917 3130 954 3171 m.
970 3112 1010 3167 3.:
1032 3127 1109 3185 genu.
1128 3137 1161 3148 —

718 3196 800 3255 Recc.
818 3197 926 3275 quidam
945 3196 1037 3256 codd:
1065 3200 1164 3275 quanta
1206 3202 1212 3213 ⁸

719 3286 837 3342 maxima
846 3285 993 3360 poteretui.
1006 3281 1049 3341 Cf.
1057 3283 1162 3357 tutu:

719 3391 787 3448 opus
817 3390 877 3426 esse
907 3379 934 3425 et
963 3369 1037 3425 illum
1064 3375 1162 3448 quauta

718 3477 840 3515 maxuma
867 3457 895 3515 vi
925 3461 1029 3538 posset
1043 3453 1162 3513 Commi-

720 3546 795 3604 nium
813 3563 974 3625 oppugnare.
992 3545 1036 3613 24,
1047 3546 1092 3604 35.
1110 3541 1144 3600 al.

667 3636 693 3692 9.
720 3652 753 3689 se
765 3630 927 3689 Samnitem
939 3633 1032 3698 ciuem
1049 3650 1115 3693 eoae
1127 3628 1161 3684 it·
1183 3641 1185 3647 '

719 3721 780 3777 lom
798 3719 929 3796 legatum
945 3717 1087 3790 fetialem
1103 3713 1162 3784 (th

720 3805 855 3874 fecialem)
883 3825 904 3862 a
925 3825 958 3863 se
984 3813 1087 3862 contra
1114 3803 1163 3858 ius

718 3895 850 3974 gentium
859 3894 1002 3950 uiolatum
1011 3913 1045 3949 eo
1055 3890 1163 3947 iustius

721 3981 829 4037 bellum
853 3988 1008 4057 gesturos:
1038 3976 1103 4050 Pil]
1131 3994 1163 4032 so
1230 3976 1253 4045 '¹

721 4065 869 4159 Samnitem
886 4067 974 4125 civem
989 4084 1062 4136 esse,
1087 4062 1163 4122 illum
