2780 4720
527 253 657 420 'quart
673 319 708 386 X.
794 407 796 421 .
1113 309 1177 378 687

81 483 127 553 dit
148 483 309 574 fugatque.
326 519 371 534 -
388 483 429 568 Q.
444 481 560 550 Fabius
577 480 722 550 Deciano
744 481 886 552 exercitu
907 481 1017 552 relicto
1038 485 1071 554 in
1087 483 1178 556 Etru-

80 587 145 656 riae
167 587 324 680 praesidio
347 587 412 655 suis
434 576 612 677 legionibus
639 585 781 654 deductis
804 589 846 654 ad
875 589 991 656 urbem
1016 590 1056 656 de
1078 591 1178 660 Gallis

79 691 286 784 Etruscisque
297 715 335 759 ac
348 691 543 760 Samnitibus
555 691 776 783 tiiumphavit:
797 691 913 762 milites
926 692 1175 784 triumphantem

5 857 8 872 ,
78 797 180 864 secuti
201 807 291 866 sunta
314 796 473 866 celebrata
494 797 663 865 inconditis
685 796 870 866 militaribus
892 797 971 868 iocis
989 822 1056 867 non
1077 801 1177 890 magis
1247 841 1250 849 ·

95 1018 120 1076 1.
147 1017 280 1074 Deciana
299 1015 592 1075 constantiani»

147 1105 289 1162 Etruriae
327 1105 498 1181 praesidio:
541 1101 592 1160 ΡΜ

145 1189 223 1250 Laid.
241 1211 258 1250 1.
277 1191 337 1251 cod.
354 1191 450 1251 Kloclt.
468 1190 519 1263 al]
537 1190 591 1247 De·
675 1188 678 1195 '
717 1185 718 1196 ¹

149 1281 226 1336 aiano
239 1282 357 1336 exercitu
369 1279 463 1335 relicto
475 1279 504 1333 in
513 1277 592 1334 Etru·

127 1369 195 1426 'ria
214 1367 257 1426 Cl.
277 1368 373 1435 9,15.2
392 1364 526 1422 Samnites
545 1369 592 1443 qui

145 1453 275 1512 Luceriae
297 1455 326 1510 in
348 1454 484 1530 praesidio
507 1461 590 1513 erant.

147 1545 191 1611 29,
209 1546 249 1600 7.:
266 1539 299 1602 1..
317 1540 446 1618 Scipione
463 1537 545 1596 iratae
561 1541 591 1596 in

145 1628 281 1708 praesidio
299 1628 339 1684 ibi
356 1626 459 1685 relicto.
477 1628 521 1696 40,
534 1629 591 1688 ut:

146 1717 215 1774 duae
232 1714 358 1774 cohortes
375 1724 403 1770 et
423 1715 508 1772 triarii
527 1714 591 1770 dua·

147 1823 206 1860 rum
234 1802 369 1878 legionum
397 1802 426 1860 in
454 1801 591 1876 praesidio

106 1887 107 1890 ¹
147 1900 295 1948 castrorum
321 1901 429 1944 manere
455 1890 530 1946 iussi.
558 1886 591 1945 al.

147 2009 181 2020 -
199 1975 230 2032 ln
247 1976 269 2034 P
287 1976 388 2036 excidit
403 1973 437 2052 Q.
456 1985 519 2034 ante
533 1975 592 2034 Fa·

146 2065 221 2124 lius.

94 2154 121 2212 «i.
148 2149 592 2208 inconditismilitaribusiocis.-

148 2238 208 2298 cod.
231 2237 340 2310 Portug.
365 2237 454 2297 Oxou.
475 2236 523 2309 Β.]
551 2239 592 2293 iu·

147 2326 265 2382 conditis
288 2325 450 2388 canmiuibus
471 2323 592 2382 militari·

148 2413 208 2472 bus.
230 2441 264 2453 -
289 2411 361 2469 Cum
383 2431 433 2468 nec
455 2411 591 2469 carmini·

147 2502 202 2558 bus
224 2517 275 2554 neo
299 2500 372 2556 iocis
390 2497 417 2554 h.
435 2495 453 2558 l.
477 2500 504 2554 in
523 2499 591 2554 enti·

148 2589 208 2664 quis
226 2585 302 2642 libris
315 2585 426 2661 legatur,
443 2584 539 2642 similis
551 2595 590 2640 ta·

147 2692 209 2732 men
231 2691 286 2728 vox
299 2671 401 2728 ‘deesse
423 2674 469 2728 vix
494 2674 591 2748 possit,

149 2757 251 2816 codicis
263 2755 337 2815 Port.
349 2759 534 2814 auctoritatem
552 2778 592 2813 se·

149 2847 205 2904 cati
231 2863 337 2912 sumus,
367 2852 396 2899 et
420 2843 494 2921 quod
520 2846 593 2902 iocis

150 2941 215 3011 post
241 2932 306 2988 ibus
333 2951 347 2986 e
371 2929 493 2988 librariis
515 2929 592 2986 lacilo

149 3019 327 3098 praetermitti
344 3020 446 3096 potuit,
463 3038 514 3074 neo
531 3037 592 3074 raro

151 3111 180 3163 iu
198 3102 246 3161 illo
264 3107 385 3182 quamvis
403 3109 505 3163 recenti
523 3105 593 3162 libro

150 3195 314 3272 optimorum
338 3191 461 3250 codicum
479 3195 593 3271 scriptu·

147 3301 194 3338 rae
211 3289 331 3336 servatae
348 3279 484 3354 leguntur:
503 3301 594 3358 qnam·

149 3385 229 3446 (1⁰⁸⁰)
246 3367 425 3424 carminibus
442 3389 498 3425 uon
510 3367 594 3426 multo

150 3457 228 3530 peius
240 3453 354 3521 videtur,
372 3455 426 3512 nisi
437 3455 510 3532 quod
523 3455 596 3511 omni

150 3547 313 3620 scriptorum
329 3539 461 3598 librorum
482 3545 596 3614 auctori·

151 3641 206 3688 tate
225 3638 305 3690 caret.
328 3628 371 3688 (li.
390 3637 478 3686 tamen
490 3627 522 3687 T.
533 3630 595 3686 Livi

151 3718 171 3778 l.
182 3737 249 3786 xxx.
263 3737 291 3794 p.
308 3733 353 3774 uu.
372 3717 397 3774 i.
420 3715 479 3773 Liv.
492 3720 518 3782 5,
536 3719 596 3775 toz

152 3802 487 3880 dictator-triumphans
505 3807 533 3860 iu
551 3823 596 3860 ur·

150 3892 212 3950 bem
231 3891 301 3948 redit
318 3891 442 3967 interque
459 3893 534 3946 iocos
546 3892 595 3948 mi·

72 4035 74 4040 .
129 3981 256 4046 litsree,
282 3997 352 4055 quoe
377 3979 531 4035 inconditos
558 3980 598 4036 io·

153 4069 237 4135 aiunt,
255 4062 385 4122 Romulos
397 4085 429 4123 aa
440 4083 536 4144 parens
549 4087 596 4140 pa·

152 4155 219 4210 triae
237 4153 415 4243 conditorque
438 4152 504 4210 ulter
521 4154 597 4210 urbia
654 4219 659 4228 ,

732 1015 803 1074 haud
821 1018 898 1075 vanis
915 1015 1040 1077 laudibus
1060 1015 1178 1097 appella·

732 1103 818 1161 batur.
831 1109 867 1172 ’7,
884 1108 943 1165 38.ι
962 1104 1086 1164 consules
1098 1109 1177 1164 ambo
1245 1163 1249 1166 .

732 1191 767 1247 de
790 1191 956 1258 Samnitibus
979 1193 1178 1270 triumpharunt

732 1288 859 1355 sequente
882 1279 967 1334 Decio
983 1281 1090 1358 ,insigni
1116 1301 1178 1338 cum

731 1363 810 1421 lande
833 1366 979 1443 donisque,
1002 1386 1063 1423 aum
1084 1371 1178 1424 incon·

732 1451 791 1508 dito
809 1452 918 1509 militari
931 1455 991 1510 ioco
1004 1453 1077 1512 haud
1089 1458 1178 1512 miuus
1208 1455 1211 1462 ’

732 1540 834 1596 tribuni
852 1531 957 1598 celebie
979 1561 1079 1601 nomen
1097 1563 1179 1622 φιιιιι
1219 1591 1222 1596 .

659 1667 669 1678 .
733 1625 1015 1700 consolamenti,
1035 1634 1090 1690 toa
1109 1633 1180 1687 inter

733 1715 881 1772 carminum
904 1715 1116 1794 propemodum
1138 1721 1177 1774 in·

690 1817 692 1824 “
733 1802 841 1858 condite
868 1804 1000 1880 quaedam
1029 1803 1179 1860 militariter

732 1887 889 1948 ioculantes.
908 1893 934 1959 4,
946 1893 1002 1949 uo:
1016 1892 1045 1947 in
1056 1911 1117 1948 eum
1129 1893 1178 1948 mi·

733 1971 794 2031 lites
822 1977 938 2032 carmina
966 1977 1104 2034 incondita
1135 1998 1178 2034 ae·

732 2071 845 2138 quantes
864 2083 924 2120 cum
941 2063 1057 2121 Romulo
1076 2085 1179 2126 canere.

732 2151 777 2218 39,
795 2153 821 2209 7.
840 2181 875 2192 -
898 2151 931 2208 P:
950 2172 1029 2220 „non
1046 2154 1130 2228 magis
1150 2159 1177 2230 q.

683 2253 685 2261 ’
733 2236 798 2294 labii
816 2257 896 2315 quam
914 2259 987 2296 more
1003 2239 1138 2318 praeclara
1151 2263 1179 2319 p.

676 2385 680 2400 Ι
733 2324 792 2381 deci
816 2330 892 2382 cst:“
921 2327 970 2384 sed
994 2330 1048 2384 iam
1070 2328 1178 2404 antiqua

733 2431 827 2469 manus
854 2413 953 2470 adiecit
980 2417 1113 2472 uictoria.
1143 2445 1178 2456 -

733 2499 773 2556 ll:
798 2505 816 2556 ᾔ
833 2502 918 2576 magis
936 2503 1047 2558 victoria
1066 2523 1093 2580 q.
1112 2501 1178 2560 labii

733 2605 812 2664 quam
835 2608 908 2644 mors
930 2588 1064 2663 praeclara
1086 2599 1113 2668 p.
1132 2591 1177 2647 de·

733 2677 768 2731 cii
795 2683 844 2732 est.
875 2705 909 2718 -
942 2673 1004 2730 PM:
1031 2679 1179 2742 „excitato-

732 2779 785 2836 que
796 2762 923 2815 memoria
936 2764 1053 2837 parentis
1066 2774 1177 2839 aequata

733 2853 831 2901 euentu
870 2843 980 2922 publico
1018 2849 1178 2926 priuatoque

733 2931 774 2988 fili
792 2931 924 3003 (tlm.t.:
943 2932 1010 3003 lilii)
1027 2933 1193 2997 laudibus‘t‘

733 3018 889 3078 Laudibus
915 3041 971 3078 non
998 3021 1103 3080 dativus
1130 3023 1180 3081 set

735 3105 866 3164 ablativus
889 3117 956 3164 esta
971 3128 1026 3164 non
1042 3111 1121 3167 fenim
1143 3109 1179 3168 ad

734 3191 835 3251 milites
858 3193 924 3252 haec
945 3206 1080 3273 postrema
1097 3198 1179 3255 verba

735 3280 829 3337 telesti
842 3291 956 3358 possunt
968 3283 1104 3352 („desscn
1114 3282 1179 3340 Ver·

737 3368 826 3424 dienst
848 3371 889 3426 aie
916 3369 978 3427 dem
1000 3370 1048 3427 dcs'
1073 3369 1180 3434 Sohues

736 3453 822 3530 gleich
840 3454 1000 3530 atollteu“)‚¹
1014 3457 1063 3514 sed
1081 3479 1095 3515 a
1113 3462 1180 3516 scri·

735 3551 814 3620 ptos-e
830 3545 868 3603 ito
887 3544 989 3602 adiecta
1011 3545 1139 3632 videntur,
1150 3555 1181 3604 ut

738 3630 847 3687 doceret
865 3633 912 3708 qui
929 3631 996 3688 lieri
1006 3635 1139 3710 potuisset
1151 3643 1181 3690 nt

737 3717 836 3774 milites
860 3717 939 3776 Decii
959 3723 1045 3798 patris
1068 3723 1181 3778 mentio·
1221 3773 1227 3796 χ
1347 3759 1352 3767 ι

736 3825 797 3862 nem
815 3805 958 3862 inlerront=
977 3808 1069 3877 „auch
1088 3828 1181 3866 emou-

737 3902 812 3949 erten
839 3895 879 3950 sio
905 3894 953 3952 das
975 3893 1122 3952 Andeulen
1147 3917 1181 3954 an

738 3979 791 4036 den
817 3977 911 4050 Vates,
941 3981 1002 4040 dem
1037 3982 1086 4040 dos
1116 3981 1181 4040 Ver·

738 4066 828 4124 dienst
845 4067 893 4125 des
913 4069 1019 4126 Sobnes
1041 4072 1070 4127 in
1087 4074 1180 4128 seioeu

738 4151 838 4228 Folgen
856 4155 899 4214 lia
917 4157 968 4214 olen
980 4157 1057 4215 Stant
1068 4162 1121 4216 wie
1137 4159 1181 4216 ttn
