2618 4590
530 221 713 317 ruram
1102 210 1168 280 aaa

68 387 167 454 rebat.
204 386 312 477 itaque
339 386 505 454 universus
534 379 691 454 exer'citus
720 385 893 454 incredibili
920 387 1083 456 'alacritate
1114 388 1167 455 ad·

69 491 283 560 hortationem
316 502 505 580 prosecutus
540 489 629 557 ducis
656 489 766 558 eastris
801 491 972 581 egreditur:
1008 492 1167 583 proelium

67 633 113 647 -
134 608 171 664 ut
192 597 281 687 quod
303 596 442 662 maxime
463 618 618 684 umquam
640 594 708 686 pari
730 617 788 683 spe
810 596 970 686 utrimque
993 598 1100 687 aequis
1122 596 1166 664 vi-

66 703 155 769 ribus
176 742 221 753 —
243 725 318 768 cum
339 701 454 768 fiducia
475 699 526 766 sui
547 699 617 766 sine
639 709 826 789 contemptu
854 698 995 767 hostium
1022 702 1167 770 commis-

64 831 142 873 sum
163 817 228 873 est:
250 805 444 873 Samnitibus
466 803 620 871 ferociam
641 803 799 892 augebant
813 826 918 871 novae
939 829 990 874 res
1006 817 1113 896 gestae
1135 817 1168 873 et
1185 822 1203 878 5

65 935 190 1001 paucos
217 922 290 977 ante
319 910 386 977 dies
413 909 571 1001 geminata
599 908 746 991 victoria,
778 906 932 976 Romanis
962 922 1071 978 contra
1094 934 1169 1001 qua-

67 1016 308 1106 dringentorum
329 1038 487 1082 annorum
507 1015 625 1082 decora
647 1024 680 1080 et
702 1012 848 1081 conditae
870 1014 942 1080 urbi
963 1015 1105 1106 aequalis
1125 1014 1170 1082 vi·'

65 1121 182 1187 ctoriae
198 1119 346 1210 ¹utrisque
367 1130 476 1187 tamen
498 1143 601 1188 novus
624 1117 725 1184 hostis
747 1140 857 1184 euram
879 1118 1025 1187 addebat.
1062 1142 1168 1212 pugna

64 1225 182 1293 indicio
205 1224 265 1291 fuit
286 1247 368 1314 quos
390 1223 546 1314 gesserint
568 1224 699 1306 animoS,
732 1246 871 1313 namque
893 1224 937 1290 ita
959 1224 1171 1291 conflixerunt

65 1340 104 1396 ut
139 1329 335 1419 aliquamdiu
359 1328 394 1395 in
421 1341 574 1397 neutram
595 1339 720 1420 partem
749 1327 936 1397 inclinarent
964 1329 1063 1396 acies:
1099 1339 1169 1396 tum
1182 1344 1218 1401 1o

64 1433 180 1501 consul
194 1432 446 1524 'trepidationem
466 1433 656 1502 iniciendam
677 1443 773 1513 ratus,
798 1433 930 1522 'quando
952 1433 985 1503 vi
1006 1433 1084 1524 pelli
1104 1456 1171 1501 non

64 1549 225 1629 poterant,
247 1539 407 1629 equitibus
429 1539 567 1608 inmissis
588 1539 717 1605 turbare
739 1538 842 1627 prima
857 1539 944 1629 signa
962 1539 1103 1606 bostium
1118 1562 1171 1606 co·

64 1653 175 1712 natur:
213 1667 296 1734 quos
317 1644 372 1711 ubi
393 1644 591 1735 nequiquam
612 1643 843 1711 tumultuantes
864 1642 898 1707 in
924 1643 1027 1732 spatio
1055 1644 1171 1733 exiguo

63 1750 197 1818 volvere
218 1759 340 1816 turmas
361 1748 441 1817 vidit
461 1773 522 1816 nee
543 1772 641 1841 posse
664 1748 787 1840 aperire
810 1748 843 1814 in
864 1746 975 1814 hostes
997 1747 1092 1830 viam,
1124 1771 1171 1813 re-

83 1881 111 1942 b,
138 1881 287 1956 proelium
304 1888 338 1938 ut
355 1880 439 1955 quod
454 1882 584 1939 maxime

140 1988 282 2044 umquam
291 1969 361 2041 pari
372 1988 424 2042 spe
437 1970 585 2043 utrimque

137 2057 244 2130 aequis
263 2056 376 2112 uiribus
388 2075 455 2112 cum
464 2056 586 2130 fiducia

138 2145 189 2200 sui
198 2144 264 2199 siue
276 2152 443 2217 contemptu
455 2143 586 2200 hostium

138 2230 328 2287 commissum
362 2240 425 2288 eat.-
461 2231 496 2287 P:
531 2231 587 2297 nisi

139 2315 213 2393 quod
228 2336 263 2372 m.
284 2320 308 2376 1.
328 2321 509 2386 „commisum
526 2322 585 2377 ÷“

137 2406 269 2481 seriptum
288 2415 353 2465 erat.
380 2437 415 2457 ψ
441 2405 483 2464 Ill:
499 2427 586 2484 prae·

139 2491 213 2549 lium
231 2500 261 2547 ut
273 2489 311 2568 qil
321 2496 441 2551 maximat
454 2494 512 2576 pliir
525 2497 588 2572 quei

136 2580 196 2656 pari
213 2581 217 2650 Ι
232 2599 308 2657 spem
332 2584 467 2659 utrimque
494 2583 587 2659 aequis

139 2666 244 2722 uiribus
263 2688 323 2724 eum
344 2669 443 2726 fiducia
466 2670 509 2726 aui
527 2670 586 2724 sine

139 2758 228 2828 ttepta
258 2753 378 2813 bostium
414 2757 586 2812 commissum

137 2848 191 2898 eat.
220 2860 255 2898 m.
274 2843 314 2898 Ἅι
333 2861 389 2918 spe.
415 2873 450 2884 —
476 2840 587 2900 Harl..1.

39 2974 42 2983 ,
139 2925 219 2986 Leid.
232 2946 250 2986 1.
269 2927 317 2986 al:
346 2929 406 3004 pari
428 2949 477 3007 spe
500 2948 587 3004 proe-

140 3016 213 3072 lium
225 3016 368 3091 utrimque.
385 3013 508 3076 Leid.1.:
526 3035 588 3073 curn

140 3104 184 3159 aui
201 3102 310 3160 fiducia.
322 3134 356 3143 -
374 3103 500 3180 Denique
509 3100 586 3160 multi

140 3188 587 3268 recc.codd.:proeliumquequod

142 3279 258 3334 maxime
275 3297 402 3354 umquam
420 3288 470 3335 cet.
488 3309 525 3321 ·—
543 3276 587 3337 Οἱ.

141 3367 168 3434 5,
186 3367 243 3423 aa:
267 3374 341 3441 grata
360 3387 391 3422 ea
410 3387 454 3422 res
472 3377 588 3442 atquae

142 3454 256 3509 maxime
274 3456 381 3510 senatui
393 3475 519 3531 umquam
531 3455 589 3512 luit.

142 3540 186 3608 32,
204 3541 244 3597 5.=
266 3539 366 3596 bellum
383 3573 417 3584 -
435 3544 460 3598 si
479 3541 586 3618 quando

141 3644 267 3703 umquam
289 3639 351 3684 ante
374 3628 440 3685 alias
467 3660 502 3671 -
526 3649 588 3686 oum

141 3720 235 3788 magna
254 3735 317 3771 cura
336 3719 483 3793 apparavit.
502 3715 535 3776 al.
553 3750 585 3758 -

143 3798 259 3868 „Wenn
282 3804 309 3875 je
331 3806 400 3859 zwei
418 3804 520 3860 Feinde
540 3806 590 3860 mit

143 3886 261 3961 gleieher
277 3891 439 3966 Ervvartung
461 3890 510 3946 des
522 3879 589 3947 'Sie-

144 3993 200 4049 gcs,
212 3976 261 4031 mit
273 3975 393 4051 gleicben
405 3978 516 4035 Krtltcn
530 3978 590 4034 sich

145 4062 272 4121 einander
291 4085 411 4134 masseu,
434 4086 590 4128 servares

726 1882 755 1937 in
779 1879 870 1936 dieser
886 1877 1015 1936 Seblacht
1037 1877 1086 1934 der
1106 1876 1172 1945 Fall,

727 1968 772 2024 die
793 1987 847 2024 von
869 1967 968 2023 beiden
990 1966 1103 2024 Tbeilen
1124 1967 1174 2022 mit

726 2054 876 2120 Vertrauen
887 2054 983 2111 auidie
993 2056 1085 2128 eigone
1093 2052 1174 2111 Kralt

728 2143 784 2199 und
820 2142 891 2198 ohne
920 2141 1090 2216 Veraebtung
1125 2140 1174 2197 dea
1277 2162 1279 2167 ’

728 2229 848 2304 Gegnera
866 2228 987 2304 geliefert
998 2228 1124 2288 wurda“.
1138 2259 1172 2270 -

726 2317 763 2374 Pr
774 2315 1020 2393 quadrigentorum.
1028 2349 1063 2362 -
1072 2314 1147 2374 Harl.
1155 2335 1173 2376 1.

726 2403 843 2465 Leid.r.:
861 2406 1003 2480 utriusque
1020 2414 1109 2461 tamen
1127 2424 1175 2460 no·

728 2513 779 2549 uns
810 2492 898 2549 hostie
929 2512 1019 2550 euram
1051 2492 1174 2551 addebat.

727 2579 808 2638 Voss.
818 2600 836 2640 1.
849 2579 897 2640 al:
910 2584 1016 2658 utrique
1025 2591 1113 2637 tamen
1124 2588 1175 2639 eet.

676 2671 702 2727 8.
727 2687 832 2746 pugno
863 2669 971 2724 tradicio
995 2670 1064 2740 suit
1100 2688 1176 2743 quoa

726 2756 878 2832 gesserint
893 2756 1026 2812 animos:
1056 2754 1130 2813 Pur.
1145 2757 1175 2812 2.

728 2841 756 2898 tl
773 2861 809 2898 m.
827 2842 852 2897 3.
875 2871 909 2881 -
933 2838 955 2894 Ρ
972 2861 1007 2896 m.
1027 2844 1050 2899 1.
1062 2844 1176 2916 t'gesse·

729 2937 804 2985 runt.
834 2924 863 2983 tl
885 2946 921 2985 m.
944 2929 983 2985 1.:
1011 2947 1066 3009 qno
1087 2948 1175 3003 gesse·

730 3018 793 3076 rint.
812 3045 846 3056 —
864 3012 914 3070 PM
931 3012 1004 3072 Harl.
1022 3035 1039 3075 r.
1062 3014 1138 3074 Laid.
1157 3034 1176 3076 r.
1257 3072 1264 3083 ,
1285 3090 1286 3093 ¹

729 3103 808 3163 Voss.
826 3122 866 3162 rt:
892 3123 1029 3181 „namque
1051 3092 1091 3160 ita'
1112 3124 1176 3161 con·

729 3193 857 3250 flixernnt
884 3200 914 3248 ut
949 3190 1114 3270 aliquamdiu
1148 3193 1178 3248 iu

729 3289 852 3337 neutram
875 3289 978 3356 partem
1001 3281 1179 3336 inclinarent

731 3369 836 3423 acies“.
854 3366 916 3422 Non
930 3369 1011 3439 peius
1029 3365 1122 3425 Lovel.
1137 3367 1177 3424 b:

733 3452 981 3523 „inclinauerint“.
1011 3453 1046 3511 oi.
1067 3456 1177 3522 7‚1t.:

730 3542 892 3620 acceperint.
922 3546 954 3610 7,
972 3543 1029 3600 ib:
1047 3540 1178 3597 discesse-

721 3632 794 3688 rint.

663 3720 706 3777 11.
734 3717 912 3774 iniciendam
923 3726 1028 3775 ratus.-
1045 3715 1078 3776 P.
1090 3746 1123 3759 -
1136 3711 1177 3770 ll:

732 3803 862 3861 initienda
880 3814 962 3864 ratus.
981 3836 1015 3848 -
1043 3804 1065 3858 P
1082 3821 1117 3858 m.
1137 3803 1177 3858 1.:

732 3893 849 3952 inmitis.
878 3924 912 3936 -
948 3891 988 3949 tl:
1016 3891 1178 3965 nequiquam

732 3979 931 4037 tumultuantes.
946 4010 979 4020 -
997 3977 1020 4034 Ρ
1037 3979 1131 4037 m..1.a
1150 3978 1179 4034 in

733 4078 815 4128 ostes.
837 4089 872 4126 ru.
891 4070 930 4126 b:
949 4070 977 4124 in
997 4066 1107 4131 boatee..
