2618 4590
161 217 227 287 rol
620 230 728 291 nunu
745 230 802 290 Vll

160 430 208 449 ν·
229 396 422 488 paucitatem
442 395 517 464 inde
537 393 680 463 hostiurn
702 393 887 484 colligentes
909 338 953 445 -l-
974 391 1175 474 rettrrlerunt,
1207 390 1262 459 iro

163 523 254 568 mere
282 502 385 570 omnis
413 500 497 569 acies
524 500 720 590 conplendas
748 521 820 569 esse
853 498 957 565 fossas
990 496 1263 607 scindendumque
1297 542 1301 553 ·

163 603 284 671 vallum
306 605 392 674 etin
414 617 516 674 casua
537 603 799 695 inrumpendam:
828 613 1087 693 transactumque
1110 625 1150 670 ea
1171 613 1261 670 teme

163 704 255 776 ¹ritate
278 709 401 778 bellum
422 713 516 794 foret,
536 710 569 777 ni
592 709 690 777 duces
705 708 935 777 continuissent
948 707 1106 797 impetunt
1119 706 1258 773 militum

128 822 307 880 tectorum
330 817 405 906 quia
427 815 598 884 multitudo
621 839 680 882 sua
697 812 927 882 commeatibus
945 812 1047 902 gravis
1071 823 1104 879 et
1117 811 1206 902 prius
1221 833 1257 879 sev
1304 886 1307 911 ἶ

163 915 269 985 dendo
291 919 333 985 ad
355 919 543 988 Suessulam
571 931 604 987 ct
628 932 699 988 tum
727 917 906 987 certaminis
933 940 1024 984 mora
1046 916 1133 983 haud
1155 914 1259 1008 prutul
1299 930 1303 945 ¹

162 1021 203 1088 ab
226 1046 334 1091 rerum
356 1025 500 1093 omnium
522 1024 628 1116 inopia
651 1036 745 1109 esset,
765 1021 894 1115 placuit,
918 1022 995 1088 dum
1009 1021 1152 1090 inclusus
1174 1044 1280 1111 pare-¹

161 1138 211 1195 ret
238 1126 355 1211 hostis,
388 1128 618 1196 immantatum
644 1153 702 1221 per
735 1151 828 1220 agros
855 1126 989 1194 militem
1017 1127 1105 1194 duci:
1143 1126 1260 1197 interim

821 1288 882 1335 ture
901 1277 998 1335 omnia.
1028 1307 1062 1318 -
1093 1274 1133 1335 ll:
1161 1277 1262 1333 interim

821 1381 862 1438 qa
881 1369 887 1432 Ι
906 1380 1017 1419 romano
1048 1364 1096 1438 qni
1125 1362 1262 1441 expeditos

823 1460 953 1530 qnantum
977 1451 1078 1506 umeris
1099 1450 1172 1506 inter
1198 1470 1265 1508 arma

823 1540 880 1613 geri
913 1536 1020 1612 possed
1056 1535 1184 1595 frumenti
1219 1547 1265 1596 cet

820 1646 878 1701 poa
901 1645 937 1683 m.
955 1626 981 1689 3.
1003 1625 1030 1680 in
1053 1621 1116 1681 loco
1139 1645 1202 1696 raso
1221 1635 1266 1686 est.
1289 1647 1298 1657 ·

823 1743 859 1756 -·
878 1712 948 1769 Cum
970 1714 999 1768 in
1017 1709 1176 1770 melioribus
1193 1713 1268 1770 libris
1283 1716 1286 1721 ’

182 1274 207 1336 1.
228 1272 366 1345 fremere
384 1279 479 1335 omnio
491 1280 586 1336 acies:
604 1277 635 1337 P.
646 1311 680 1322 -

234 1359 275 1416 ll:
313 1361 448 1430 „fremere
483 1371 540 1422 ono
576 1365 681 1425 aeics“.

169 1474 188 1495 n
235 1446 301 1505 hinc
312 1450 389 1506 multi
401 1469 471 1512 racc.
481 1451 575 1511 eodelr
588 1472 681 1509 omncs

235 1533 315 1592 acics.
333 1564 370 1581 ·-
395 1537 462 1598 Pall.
481 1541 506 1598 1.
523 1541 550 1600 3.
569 1538 680 1618 aliiquez

174 1682 176 1689 J
233 1620 263 1675 ni
280 1620 336 1678 rlnx
354 1625 569 1687 continuisset
605 1680 611 1692 ,
693 1623 697 1632 ’

179 1702 207 1765 5.
232 1709 389 1768 multitudo
402 1733 460 1770 oua
471 1715 680 1774 commeatibus

229 1798 354 1872 ςναυίετ
371 1796 422 1855 ΡΜ
440 1799 497 1858 rell.
516 1800 680 1870 „Commcm

231 1879 305 1936 tibus
328 1885 438 1957 gnaris“
462 1886 515 1944 hoo
535 1888 597 1946 loco
625 1910 680 1945 non

232 1967 270 2022 lta
279 1978 310 2024 ut
322 1971 361 2026 eis
372 1969 440 2030 locis
450 1975 548 2052 quibus
558 2019 574 2046 ‚‚
581 1976 680 2032 milites

232 2057 314 2112 armis
331 2060 431 2134 praeda
449 2062 545 2148 spoliis
561 2068 680 2140 graves“

159 2140 162 2146 '
231 2138 353 2217 legimns,
371 2151 503 2226 scriptum
518 2168 579 2208 csso
596 2171 680 2230 posse

231 2232 366 2290 neminem
383 2234 488 2311 sugerit.
518 2239 680 2314 interpreter

232 2312 299 2371 liaeo
316 2320 398 2376 rerba
423 2325 489 2390 „eui
510 2324 583 2382 haud
600 2326 680 2382 facilo

232 2411 678 2489 esactcommeatumparare‚praes

232 2485 329 2560 bere“,
350 2497 404 2553 ntsi
421 2497 491 2555 furto
509 2509 539 2555 ut
554 2520 679 2582 gravem

224 2573 303 2655 fieri
319 2597 386 2638 esse
404 2584 496 2641 alicui
520 2589 627 2664 aliqua
644 2607 679 2645 re

206 2722 209 2727 .
231 2659 372 2736 dicebant,
389 2671 430 2726 sic
448 2674 528 2731 etiam
546 2674 678 2732 hocloco

229 2751 361 2829 scriptum
391 2766 445 2826 est,
480 2762 678 2825 multitudinem

230 2835 345 2898 (lucibus
372 2859 522 2906 commeatu
550 2850 679 2920 („durol1

231 2921 275 2978 die
291 2925 449 3009 Fordernng
474 2936 544 2992 nach
560 2936 678 2994 Lebcns·

229 3010 375 3084 mittcln“)
402 3020 456 3076 iam
483 3041 590 3095 gravem
618 3024 679 3082 fieri

233 3097 365 3169 coepisse.
402 3134 436 3144 -
473 3104 523 3163 PM
557 3108 630 3166 Harl.
660 3129 678 3175 r,

229 3175 308 3238 Voss.
321 3201 348 3241 u.
368 3184 417 3244 al:
436 3197 463 3243 ct
481 3200 538 3247 tum
556 3196 678 3251 certami-

229 3267 272 3322 nis
290 3287 373 3334 more.
391 3271 468 3336 Letd.
481 3298 500 3336 1.
512 3277 559 3338 al:
578 3288 677 3345 etcum

230 3360 383 3424 certaminis
400 3382 484 3425 mora.
497 3397 532 3410 -
545 3366 637 3425 Lorel.
650 3371 676 3428 4.

227 3439 340 3522 Neapol.
363 3439 437 3511 Lat:
466 3453 530 3510 dum
557 3453 677 3512 inclusus

228 3543 349 3590 maneret
365 3536 461 3600 hostis.
484 3572 519 3583 -
549 3540 626 3601 lieid'.
644 3561 676 3600 n:

228 3615 443 3682 „frumentatum
471 3634 578 3702 agrost.
612 3628 676 3686 hino

136 3712 140 3719 '
228 3699 295 3764 Pell.
321 3709 345 3764 1.
368 3712 407 3770 3.:
434 3713 624 3775 frumentatum
646 3719 675 3776 in

230 3811 317 3868 agros.

77 3946 83 3961 ,
175 3877 201 3940 8.
229 3880 346 3937 interim
373 3887 471 3960 quieto
494 3909 617 3947 romano
640 3924 674 3934 -
726 3933 728 3935 >

94 3968 100 3985 “’
122 3993 130 4002 =
228 3965 374 4039 defutura
392 3978 505 4031 omnio:
523 3975 617 4036 Lovel.
634 3979 673 4048 4.]

228 4052 335 4113 interim
357 4069 384 4112 ct
401 4060 524 4120 Romano
543 4070 584 4107 ··'·'
597 4062 672 4121 dein·

753 1855 757 1863 ,
796 1840 800 1847 .
821 1798 861 1871 (Ρ
884 1798 956 1856 Harl.
971 1818 989 1856 1.
1007 1796 1085 1859 Laid.
1100 1819 1121 1859 r.
1143 1799 1223 1860 Voss.
1241 1792 1267 1860 ri.

821 1886 873 1957 al.)
896 1889 1027 1966 scriptum
1049 1896 1121 1944 esset
1139 1889 1270 1957 „interim

823 1977 897 2049 ’ᾳιιία
916 1984 944 2031 ct
962 1994 1073 2037 romano
1093 2006 1127 2017 -
1148 1976 1268 2039 defutura

823 2063 952 2128 omnia“‚
982 2083 1033 2118 nec
1050 2061 1080 2119 id
1102 2063 1270 2138 probandum

822 2149 969 2218 rideretur,
988 2147 1035 2205 alii
1046 2148 1153 2208 librarii
1164 2153 1269 2220 „inter-

821 2237 918 2311 imque
945 2246 975 2295 et
997 2243 1133 2300 romano“
1156 2241 1269 2318 scripse-

822 2333 898 2391 runt,
926 2323 972 2379 alii
996 2327 1068 2401 quia
1091 2328 1271 2385 omittendum

841 2420 991 2474 utarcrunt.
1018 2413 1159 2479 verissime
1183 2425 1272 2479 tamon

820 2430 962 2555 laoveliani
971 2499 1202 2574 quartilibrarius‚
1213 2506 1272 2561 sire

820 2586 974 2661 integrioris
992 2586 1055 2648 libri
1076 2589 1178 2647 anxilio
1197 2590 1272 2646 adiu·

821 2682 865 2735 tus
893 2676 953 2730 sive
984 2676 1136 2740 coniectura
1166 2677 1272 2745 duetus,

821 2760 887 2836 quid
905 2760 985 2818 huius
1005 2761 1060 2820 loci
1072 2772 1145 2820 esset
1163 2784 1272 2850 perspe-

820 2850 869 2907 xit.
897 2870 959 2906 num
989 2863 1072 2926 qucm‘
1097 2853 1132 2908 ad
1159 2853 1271 2914 modum

821 2934 887 2991 alias
900 2958 1009 3014 quoque
1022 2959 1038 2994 c
1050 2947 1078 2992 et
1089 2959 1126 2997 aa
1138 2938 1271 2995 confundi

820 3020 953 3091 solebant,
971 3028 1012 3081 sic
1030 3034 1057 3080 et
1069 3025 1197 3083 hocloco
1212 3028 1273 3103 qui·

822 3119 889 3165 aeto
910 3115 1040 3189 scriptum
1058 3112 1142 3168 luisse
1155 3113 1271 3178 videtur,

822 3198 899 3252 cuius
920 3202 996 3255 vocis
1019 3220 1080 3256 cum
1106 3200 1200 3257 littera
1225 3220 1271 3278 po·

820 3292 920 3340 strema
951 3286 1120 3361 neglegenter
1151 3297 1269 3364 praeter·

820 3371 903 3427 missa
916 3381 996 3441 esset,
1016 3376 1088 3452 quia
1100 3383 1192 3450 cipro
1205 3393 1267 3430 vera

818 3460 951 3536 scriptura
970 3460 1063 3517 haberi
1081 3463 1180 3534 potnit.
1204 3480 1268 3517 con-

818 3545 982 3603 iunctionem
1008 3549 1080 3622 qnia
1101 3558 1193 3604 nutem
1212 3569 1269 3619 non

818 3630 899 3689 huius
915 3633 971 3690 loci
989 3654 1061 3701 esre,
1081 3655 1136 3691 non
1156 3646 1199 3692 cst
1216 3634 1268 3691 dii·

817 3717 888 3774 ficilc
919 3721 1063 3780 intellectu.
1100 3743 1157 3779 non
1187 3726 1269 3792 eninr,

791 3844 794 3849 -
818 3809 880 3881 quia
900 3817 926 3862 ct
939 3806 1061 3863 Romano
1081 3813 1171 3867 omnia
1191 3811 1241 3874 det
1258 3844 1268 3855 -

816 3902 876 3948 tura
895 3905 997 3961 essent,
1023 3896 1159 3954 Samnites
1179 3903 1268 3956 cousi·

815 3978 881 4035 lium
917 3993 1045 4058 ceperunt
1081 3985 1182 4042 milites
1217 4005 1267 4060 per

816 4084 893 4141 agros
917 4069 1105 4129 frumentatum
1129 4071 1266 4140 mittendi,
