2618 4590
1101 265 1165 326 xm

66 452 172 528 quam
203 435 244 501 ut
268 427 323 503 uir
354 422 482 523 aliquis
513 418 641 496 doetus
672 422 767 496 laune
791 420 1036 501 Vemnensem
1069 428 1165 505 todia

65 576 144 624 cem
169 552 302 649 quiante
328 546 476 618 maxima
501 543 858 643 diligentia-excutiat
875 547 1022 648 eiusque
1041 553 1164 652 copias

62 673 102 746 in
125 670 283 745 medium
308 668 473 771 proferat

161 792 307 868 Nullum
332 789 458 863 adhue
479 785 638 862 codicem
665 785 854 863 Liuianum
885 792 1045 889 quamvis
1075 797 1165 871 anti.

65 915 277 1016 quissimum
302 911 379 987 eius
403 909 556 987 virtutis·
571 919 751 1010 repertum
784 934 881 1000 esse,
895 962 898 967 ,
912 922 955 986 ut
979 912 1164 993 doctorum

64 1038 247 1111 hominum
271 1032 486 1109 coniecturis
508 1032 556 1106 ad
580 1031 679 1106 locos
705 1038 891 1130 corruptos
922 1035 1164 1111 emendandos

67 1157 297 1260 supersederi
307 1155 497 1258 potuisset·
512 1178 572 1229 res
583 1154 662 1254 ipsa
687 1155 775 1227 satis
793 1152 931 1228 docuit:
945 1181 1062 1256 eoque
1075 1156 1166 1232 dilli-

67 1280 169 1354 cilius
181 1288 319 1361 ¹nostro
343 1287 506 1377 tempore
522 1274 558 1349 id
576 1274 735 1351 studium
750 1277 878 1349 factum
896 1287 962 1367 est,
988 1278 1085 1377 quod
1104 1304 1167 1352 an·

64 1402 176 1502 tiquis
193 1400 292 1474 libris
310 1396 497 1500 diligenter
511 1398 683 1498 inspeetis
709 1396 810 1471 multi
833 1397 902 1473 loci
921 1397 1020 1474 dubii
1044 1426 1166 1478 evase·

63 1534 159 1612 runt3
185 1526 245 1622 qui
271 1514 529 1599 recentioribus
546 1521 691 1621 scriptis
710 1518 865 1592 testibus
882 1519 1099 1620 integerrimi
1115 1524 1167 1597 vi-

66 1646 143 1719 deri
167 1645 358 1745 potuerint
396 1667 557 1744 neeego
585 1641 627 1757 id
657 1650 792 1714 tantum
817 1641 1012 1741 perieulum
1043 1644 1167 1746 sugere
1238 1666 1244 1681 ·

66 1767 190 1858 debui:
216 1764 280 1839 sed
304 1763 342 1837 id
367 1790 476 1839 unum
501 1788 608 1863 quam
625 1762 776 1836 maxime
800 1772 883 1837 ante
900 1762 1024 1839 oculos
1049 1764 1167 1857 habui,

67 1910 163 1961 neta
186 1910 243 1958 me
268 1883 360 1957 ullus
384 1885 485 1958 locus
510 1882 731 1958 coniiciendo
754 1894 1004 1984 temptaretur,
1033 1888 1095 1986 qui
1120 1888 1168 1961 ita

67 2018 109 2083 ut
133 2009 171 2081 in
197 2007 353 2105 antiquis
377 2003 477 2077 libris
502 2004 654 2077 serretur
670 2004 787 2102 aliquo
803 2004 909 2078 modo
928 2009 1069 2104 probari
1087 2035 1171 2108 pos·

68 2140 134 2207 set.
152 2151 326 2229 &necesse
350 2125 465 2226 igitur
484 2134 561 2199 erat
584 2119 712 2216 multas
737 2121 927 2198 multorum
948 2129 1169 2205 coniecturas

66 2249 193 2339 refelli,
224 2247 335 2348 idque
364 2247 507 2346 saepius
539 2242 645 2321 etiam
675 2244 712 2318 in
745 2245 864 2346 priore
883 2247 1063 2324 volumine
1090 2253 1167 2326 lieri
1209 2322 1218 2341 „

66 2374 229 2476 potuisse
245 2370 313 2444 iam
331 2369 548 2444 intellexisse
564 2368 652 2442 mihi
669 2367 814 2442 videor:
838 2394 957 2470 neque
974 2373 1169 2474 quidquam

67 2494 154 2568 mihi
180 2493 314 2594 gratius
339 2490 454 2580 suerit
480 2516 587 2591 quam
612 2489 644 2566 si
669 2491 765 2565 docti
790 2490 952 2566 homines
972 2496 1067 2570 veris
1093 2510 1177 2596 gra-²

66 2617 243 2714 vibusque
268 2611 386 2685 causis
411 2611 668 2711 persuaserint,
695 2636 743 2685 ne
767 2607 1026 2714 meisquidem
1053 2619 1171 2693 conie-

68 2736 179 2814 cturis
195 2728 296 2834 'opus
320 2724 432 2807 luisse
462 2742 525 2807 aut
548 2731 702 2811 faciliore
735 2731 852 2834 aliqua
881 2737 1092 2812 emendandi
1116 2766 1175 2813 ra·¹

23 2925 25 2929 .
69 2861 168 2935 tione
194 2881 299 2956 quam
325 2880 395 2953 qua
420 2852 507 2926 mihi
533 2853 647 2943 visum
672 2863 772 2927 esset
788 2859 964 2955 corruptis
982 2858 1070 2932 locis
1089 2886 1171 2959 pro·

70 2981 160 3082 spici
174 2976 347 3088 potuisse.
373 3001 453 3049 cum
478 2974 599 3074 igitur·
613 2979 644 3064 1,
657 2975 715 3047 43.
740 2974 777 3046 in
792 2972 867 3049 PM
882 2977 1055 3079 scriptum
1073 2989 1172 3057 esset

69 3098 342 3202 „quadrifariam
368 3098 457 3171 urbe
482 3095 595 3172 divisa
618 3093 897 3196 regionibusque
928 3099 1077 3178 collibus
1108 3102 1171 3203 qui

69 3222 352 3319 habitabantur'“‚
378 3241 486 3292 ausus
512 3240 586 3290 non
610 3242 689 3291 sum
713 3217 1015 3321 „regionibusque
1040 3232 1076 3296 et
1100 3225 1172 3298 col-

70 3345 165 3418 libus
172 3352 191 3387 ‘⁶
216 3340 382 3430 scribere,
409 3337 505 3440 quod
522 3336 668 3438 antiqua
686 3339 861 3438 scriptura
878 3342 1103 3441 integerrima
1121 3343 1173 3419 vi.

72 3465 225 3540 deretur.
258 3462 378 3541 ¹uoluit
403 3436 496 3535 enim
522 3458 565 3533 L.
590 3456 724 3550 dicere,
755 3459 904 3534 collibus
939 3462 1000 3560 qui
1024 3463 1172 3542 habitati

73 3593 199 3663 essent
213 3585 336 3656 urbem
352 3584 502 3659 divisam
528 3605 624 3657 esset
648 3582 670 3654 i.
684 3607 713 3655 e.
731 3584 898 3683 regiones
917 3583 1014 3663 urbis
1039 3585 1172 3666 deseri.
1291 3624 1296 3633 -

73 3718 153 3809 ptas
180 3730 262 3781 esse
285 3702 354 3779 illis
380 3714 551 3804 quattuor
569 3701 728 3778 collibus.
753 3730 877 3777 vemm
902 3732 983 3780 cum
1011 3710 1060 3783 ita
1086 3712 1173 3801 seri-
1200 3800 1208 3809 ,

71 3831 158 3926 bere
173 3822 291 3916 vellet,
317 3825 350 3899 ei
362 3823 399 3898 in
413 3834 569 3914 mentem
583 3825 685 3900 uenit
699 3825 885 3927 regionum
897 3829 996 3905 urbis
1013 3855 1098 3905 suae
1116 3858 1173 3905 ae-

73 3951 168 4039 tatis,
191 3948 344 4048 vocique
357 3942 460 4033 urbe,
477 3955 519 4020 ut
533 3945 682 4046 pleniori
696 3947 819 4021 sensui
836 3946 983 4025 alieuius
997 3952 1049 4026 rei
1066 3953 1173 4026 etiam

67 4080 212 4172 partes,
245 4067 358 4145 sicubi
388 4092 480 4170 opus
505 4075 597 4157 erat,
621 4067 725 4143 adiici
750 4065 927 4162 solebant,
958 4072 1093 4147 addidit
1117 4100 1173 4147 re·
