2618 4590
169 187 236 259 250
631 204 741 265 ttssttt
758 206 815 269 vlt

170 379 283 438 vectus
305 370 346 437 ad
367 370 590 461 antesignanos
611 368 775 459 legionum
803 393 878 436 cum
906 369 1084 437 desiluisset
1111 391 1152 436 en
1175 395 1268 460 equo,

170 479 363 559 „nostrum“
389 475 493 566 inquit
519 474 686 564 „peditum
718 473 798 543 illud
825 475 940 543 milites
969 485 1018 542 est
1052 497 1149 564 opus:
1188 476 1268 566 agite

171 581 262 665 dum,
297 592 335 651 ut
360 584 414 648 r'ne
435 579 576 649 videritis
605 603 809 671 quacumque
836 578 996 649 incessero
1025 579 1058 645 in
1085 580 1188 647 aciem
1215 580 1269 648 bo·

169 687 267 754 stium
287 686 372 754 ferro
388 685 474 754 viam
495 685 675 770 facientem,
695 685 742 752 sic
763 710 823 776 pro
846 710 882 753 se
904 685 1040 776 quisque
1064 684 1177 752 obvios
1194 697 1269 754 ster·

138 792 249 860 tnitez
270 791 325 859 illa
347 793 464 876 omnia,
488 817 552 883 qua
573 815 659 858 nnnc
682 802 807 860 erectae
830 791 948 858 micant
969 791 1089 874 hastae,
1111 791 1268 880 patefacta

167 908 271 988 strage
292 908 383 965 vasta
406 897 579 966 cemetis“.
601 895 683 964 baec
705 896 787 964 dicta
804 896 943 978 dederat,
966 919 1041 962 cunr
1058 896 1182 987 equites
1198 922 1269 965 con-

166 1001 244 1070 sulis
273 1002 363 1070 iussu
391 1003 570 1070 discurrunt
596 1001 630 1068 in
658 1025 777 1070 cornua
805 1001 1048 1093 legionibusque
1075 1002 1108 1068 in
1131 1003 1270 1070 mediam

161 1107 269 1174 aciem
298 1106 443 1197 aperiunt
469 1107 564 1176 viam.
601 1106 722 1197 primus
751 1107 894 1175 omnium
920 1108 1035 1175 consul
1067 1106 1189 1176 invadit
1215 1107 1270 1174 bo

166 1223 273 1304 stem,
294 1223 328 1279 ct
349 1235 426 1280 cum
448 1237 513 1303 quo
537 1213 619 1281 forte
643 1211 777 1280 contulit
803 1213 952 1302 gradum,
986 1214 1169 1281 obtnmcat:
1207 1212 1271 1280 hoc

98 1394 101 1403 Ι
120 1324 154 1382 10
166 1318 350 1408 spectaculo
374 1317 509 1403 accensi,
532 1319 643 1386 dextra
665 1317 821 1408 laevaque
844 1330 917 1386 ante
940 1319 1129 1409 aequisque
1149 1341 1272 1387 merno-

180 1512 207 1569 3.
236 1529 422 1587 quacumque
451 1512 601 1570 incessero
632 1531 682 1569 nec
824 1511 881 1582 dis,
904 1505 956 1587 qua
975 1530 1098 1568 maxume
1116 1509 1193 1568 molli
1211 1519 1273 1566 cute

234 1599 264 1655 in
281 1596 330 1655 ΡΜ
348 1619 399 1656 nec
415 1600 443 1656 in
455 1597 531 1685 Harl.
544 1619 562 1659 1.
574 1598 652 1659 Leid.
664 1619 681 1659 r.

234 1687 428 1761 scriptumest.
446 1688 598 1766 proximum
615 1706 681 1745 vero
706 1689 721 1719 '

232 1773 322 1829 estid
340 1773 414 1850 quod
431 1777 460 1833 in
478 1773 506 1832 Μ
528 1776 681 1834 invenimus

233 1866 361 1937 „quacd3
397 1860 533 1919 indensem
544 1868 578 1918 “r
617 1882 680 1918 nam

220 1968 392 2026 ·quamquam
410 1952 483 2008 etin
502 1950 555 2006 boc
572 1948 642 2007 libro
661 1969 680 2023 q

231 2036 344 2106 excidit,
372 2047 461 2094 tamen
480 2055 489 2105 ς
506 2036 627 2094 ostendit
651 2039 680 2092 in

231 2125 384 2200 antiquiore
407 2125 477 2182 libro
499 2145 590 2183 veram
612 2125 678 2180 scri·

230 2220 336 2286 plurem
355 2233 392 2288 q,·
411 2212 504 2272 luisse.
531 2211 563 2267 ln
581 2210 603 2267 P
622 2220 678 2267 est:

214 2320 306 2375 ·„qua
324 2320 385 2356 cum
406 2301 576 2356 incesseno“.
605 2297 678 2353 idem

231 2406 292 2460 qua
301 2386 458 2442 cambabet
467 2385 544 2444 Leid.
559 2404 591 2446 1.:
605 2384 679 2462 quod

230 2492 292 2531 cum
319 2495 375 2531 non
401 2474 539 2532 videretur
563 2473 678 2551 proban-

231 2561 309 2631 dum,
339 2561 466 2621 librarius
492 2561 552 2620 cod.
570 2559 643 2618 llarl.
660 2579 677 2614 r.

228 2651 339 2727 scripsit
357 2657 432 2726 „an
451 2655 548 2716 cum“‚
565 2647 679 2726 perinde

229 2745 310 2813 atque
327 2740 354 2805 5,
368 2741 429 2796 tls.
446 2757 508 2814 qua
525 2735 663 2794 lelellerat.

176 2823 202 2884 5.
229 2825 286 2881 illa
308 2829 408 2883 omnia
431 2847 492 2903 qua
517 2845 595 2882 nanc
617 2845 677 2881 ere·

228 2921 293 2970 ctae
310 2917 420 2970 micant
436 2914 562 2971 hastae:
585 2911 616 2970 P.
641 2945 676 2956 -

227 2999 269 3058 tl:
304 3001 350 3058 illa
386 3005 475 3059 omnia
517 3023 569 3078 qua
605 3021 677 3056 nunc

229 3088 302 3143 r'ecte
332 3089 361 3144 di
377 3092 458 3159 l-cant
488 3090 574 3147 haste.
622 3087 674 3142 Lo·
726 3158 729 3171 ,

228 3173 280 3232 vel.
298 3176 338 3234 b:
362 3197 413 3252 qua
432 3196 503 3231 nuuc
521 3184 609 3247 rectae
626 3177 675 3232 mi·

228 3272 291 3319 cant
308 3263 408 3321 bastae.
437 3295 471 3305 -
499 3263 623 3339 Daque
640 3263 673 3320 cl.

227 3353 272 3419 30,
290 3353 349 3412 33.:
367 3355 448 3421 viam,
467 3372 520 3428 qua
538 3353 676 3406 inruerent

227 3440 256 3494 in
275 3442 379 3516 ancipia
392 3439 453 3508 tela,
472 3439 559 3495 beluis
572 3438 674 3498 darent.
734 3456 736 3462 ·

187 3566 189 3571 ·
227 3528 277 3593 26,
295 3529 335 3585 5.:
366 3527 435 3602 legio
461 3528 499 3583 ibi
520 3537 594 3583 sexta
613 3526 674 3582 loco

227 3615 326 3684 cessit,
347 3637 398 3690 qua
416 3614 493 3692 pulsa
512 3615 610 3671 cohors
627 3613 674 3671 lli-

226 3719 373 3776 spanorum
392 3733 426 3744 -
451 3725 536 3780 usque
561 3703 594 3759 ad
618 3701 674 3771 val·

229 3782 285 3841 lum
302 3792 428 3861 pervasit.
449 3795 492 3859 10,
503 3794 541 3850 5.:
559 3791 672 3868 relique-

14 3904 18 3912 »
115 3910 118 3915 -
226 3883 269 3930 rat
280 3875 418 3932 intervalla
432 3910 479 3946 -,
497 3899 549 3955 qun
563 3880 672 3955 -equi

225 3964 346 4040 permitti
377 3975 496 4039 possent.
531 3968 584 4035 21,
613 3968 672 4023 55.:

225 4047 416 4128 (elephantos)
426 4073 537 4111 aversos
549 4054 600 4112 sub
610 4073 672 4110 cau·

823 1596 933 1658 vulnera
952 1599 1101 1676 accipiunt,
1124 1596 1275 1656 fodiebant.

822 1689 868 1757 32,
893 1690 932 1744 t:
964 1706 1015 1762 qua
1042 1686 1163 1742 abscisae
1189 1705 1274 1761 rupes

823 1786 909 1843 erant,
926 1777 1008 1831 statio
1019 1794 1167 1852 paucorum
1185 1794 1273 1830 arma·

822 1873 913 1921 torum
941 1866 1062 1920 tenebat:
1098 1885 1151 1940 qua
1181 1866 1274 1919 minus

821 1961 878 2009 tuta
898 1962 981 2019 erant,
1000 1950 1050 2008 alia
1065 1951 1137 2008 lassa
1151 1950 1202 2006 alia
1216 1960 1273 2006 tur-

821 2041 898 2097 ribus
916 2039 1061 2096 muniebat·
1084 2043 1109 2108 1,
1127 2041 1188 2099 aaz
1207 2059 1274 2094 con·

822 2126 914 2184 silium
932 2134 998 2194 crat,
1019 2147 1070 2203 qua
1088 2126 1196 2182 fortuna
1215 2145 1273 2180 rem

822 2213 906 2283 daret,
925 2236 955 2271 ea
975 2213 1105 2271 inclinare
1121 2215 1205 2269 vires.
1224 2210 1258 2269 al.

749 2274 794 2363 ⁶6.
821 2302 896 2359 haec
926 2303 1006 2359 dicta
1036 2300 1175 2356 dederat:
1213 2298 1271 2354 ΡΜ.

821 2388 865 2448 Cf.
884 2393 933 2459 22,
951 2393 1008 2448 50.:
1036 2389 1103 2443 baec
1126 2385 1173 2442 ubi
1198 2385 1272 2441 dicta

821 2478 906 2548 dedit,
924 2478 1032 2552 stringit
1043 2473 1160 2551 gladium
1173 2481 1225 2531 cet
1236 2505 1272 2513 -

820 2565 884 2622 Pal:
911 2608 928 2636 „
935 2572 990 2624 cos.
1007 2567 1115 2631 iussn“,
1133 2559 1271 2639 pauloque

820 2663 885 2731 post
903 2660 981 2722 „eds
999 2651 1135 2710 inuadit.“

766 2743 793 2801 7.
817 2741 1045 2821 legionibusque
1074 2741 1105 2795 in
1138 2737 1269 2795 medatem

818 2830 912 2884 aciem
930 2829 1067 2902 aperiunt
1087 2827 1183 2895 uiam:
1201 2824 1269 2897 ΡΜ]

818 2914 970 2990 legionibus
1005 2916 1034 2968 in
1064 2912 1180 2970 mediam
1217 2924 1268 2970 cet.

817 3001 914 3073 (codd.
931 3000 1096 3068 Drabenb.).
1114 3032 1147 3041 -
1173 2999 1211 3057 P:
1229 2999 1267 3056 le·

816 3090 969 3165 glonibusq.
1000 3091 1029 3160 in
1064 3087 1182 3146 mediam
1216 3096 1267 3146 cet.

817 3176 858 3234 M:
876 3176 1064 3253 legionibquc.

748 3266 791 3326 10.
818 3266 929 3322 dextra
955 3267 1104 3341 laeuaque
1133 3273 1204 3321 ante
1234 3284 1268 3320 se

818 3353 1268 3429 quisquememorandamproe·

818 3442 892 3496 liam
903 3442 975 3497 ciet:
989 3440 1039 3497 ΡΜ
1048 3439 1121 3499 llarl.
1131 3460 1150 3499 1.
1158 3438 1237 3497 Laid.
1248 3460 1266 3497 r.

818 3527 868 3602 al]
885 3529 977 3584 dextra
992 3528 1120 3605 laevaque
1139 3561 1173 3570 -
1194 3529 1267 3584 cient

817 3625 903 3689 (cccc.
922 3617 996 3693 quid.
1014 3616 1120 3685 codd).
1156 3615 1267 3690 Quibus

816 3710 893 3764 cient
913 3727 1005 3763 verum
1029 3725 1088 3760 esse
1111 3703 1266 3770 videbatur,

765 3846 768 3850 .
814 3797 934 3852 accensi
950 3814 1010 3857 cnm
1029 3794 1081 3848 boc
1095 3791 1178 3849 verbo
1199 3810 1266 3846 con·

813 3882 975 3959 iungendum
1002 3887 1139 3954 putarant:
1167 3899 1265 3955 quam-

814 3992 895 4047 quam
911 3990 945 4025 ne
963 3968 992 4024 id
1005 3967 1113 4043 quidem
1127 3965 1183 4023 dici
1203 3977 1264 4047 pot·

791 4106 793 4121 ,
814 4068 864 4128 eat,
883 4079 943 4120 oum
960 4056 1117 4134 saepissime
1130 4055 1213 4113 rerba
1228 4054 1264 4111 ad
