2618 4590
75 224 232 328 ”tot
493 351 497 361 Ι
636 269 809 331 annau

40 509 45 514 ,
153 458 246 503 -eum
270 434 397 525 Papirio
418 433 552 503 consule
580 434 660 503 locis
688 434 851 502 maritimis
877 433 1212 526 perveneratArpos
1230 457 1274 525 per

96 564 99 571 ¹
138 620 149 634 κ
169 539 277 609 omnia
298 542 411 630 pacata
428 538 619 608 Samnitium
641 540 742 630 magis
764 539 882 607 iniuriis
904 550 937 607 et
958 538 1033 606 odio
1057 561 1172 629 quom
1196 538 1274 606 bene·

127 670 131 685 ’
167 645 241 712 licio
263 644 330 712 ullo
352 644 464 734 populi
485 642 637 711 Romani:
674 667 750 710 nam
771 643 931 711 Samnites
960 667 998 711 ea
1024 644 1274 734 tempestatem

167 749 330 818 montibus
364 749 493 817 vicatim
524 747 703 816 habitantes
736 748 925 839 campestria
953 759 986 815 et
1013 747 1197 829 maritima,
1218 748 1273 816 loa

133 864 357 944 boontempto
380 853 540 921 cultorum
562 853 709 921 molliore
732 863 828 944 atque
849 865 886 920 ut
907 851 1014 921 evenit
1041 852 1119 920 iere
1144 852 1273 920 locissi

167 959 237 1027 mili
268 981 385 1049 genere
414 957 476 1048 ipsi
502 956 646 1026 montani
678 968 775 1048 atqua
808 969 947 1048 agrestes
979 957 1273 1048 depopulabantur:

167 1087 252 1154 quae
274 1062 361 1152 regio
383 1061 410 1128 si
438 1062 501 1128 fida
523 1060 718 1130 Samnitibus
740 1061 868 1145 fuisset,
895 1072 951 1128 aut
977 1062 1160 1151 pervenire
1183 1063 1273 1153 Arpos

169 1166 328 1236 exercitus
356 1163 520 1234 Romanus
547 1166 724 1257 nequisset,
753 1178 809 1235 aut
833 1166 996 1234 interiecta
1025 1165 1117 1234 inter
1146 1167 1273 1236 Roman

237 1328 388 1392 rom.v01t
405 1351 451 1390 um
468 1327 513 1390 die
530 1331 684 1390 Bewolmer

238 1418 288 1476 der
300 1417 445 1494 Gagauden
463 1419 547 1478 durch
565 1420 610 1477 die
621 1438 684 1479 man

237 1516 339 1567 mosne
349 1506 471 1565 verdient
479 1509 610 1583 gemacht,
620 1527 684 1565 son·

216 1662 219 1669 ¹
237 1594 306 1653 dern
324 1614 372 1651 ans
390 1593 528 1651 Unwillen
550 1596 617 1653 tiber
638 1595 684 1652 die

237 1703 293 1740 von
315 1682 368 1739 dan
386 1680 526 1739 Samniten
544 1682 684 1740 erlltteneu

237 1769 483 1845 Bdeidigongen“.
496 1800 527 1812 -
551 1770 685 1826 Contem-

237 1867 299 1934 pto,
317 1856 390 1933 qood
409 1854 489 1932 paulo
505 1864 569 1935 post
578 1855 686 1930 legitor,

239 1964 296 2001 non
313 1952 355 2000 est
378 1945 509 2020 seriptum
526 1945 580 2000 nisi
598 1945 627 2000 in
643 1964 685 1999 re-

239 2031 404 2090 centioribus
431 2029 517 2089 libris.
545 2033 575 2087 in
596 2030 624 2087 ll
649 2051 686 2091 m.

238 2121 265 2180 2.
282 2116 393 2176 PLeid.
404 2137 422 2178 1.
442 2117 502 2178 eod.
513 2116 609 2177 Klool.
618 2116 686 2174 mul·

239 2209 329 2283 iisqne
338 2204 398 2262 aliis
409 2208 540 2283 seriptum
550 2214 605 2262 ests
623 2225 686 2262 eon-

237 2301 344 2367 temptu
362 2291 493 2349 cultorum
505 2290 628 2348 molliore
646 2303 685 2350 at·

238 2396 292 2453 qus
316 2386 346 2432 ut
369 2380 459 2433 euenit
481 2376 537 2434 iera
557 2377 626 2434 loeis
647 2381 685 2435 si·

239 2463 297 2520 mili
309 2461 555 2538 genere.Pall.1.3.
569 2465 647 2525 Voss.
657 2485 684 2526 u.

237 2549 307 2608 Lov.
326 2553 353 2610 d.
380 2549 427 2610 al:
455 2550 512 2607 loci
532 2552 621 2612 simili.
648 2585 683 2595 —

238 2636 267 2696 ll
284 2639 607 2714 m.1.:„eontempta“:
634 2640 685 2696 sed

236 2733 402 2800 corstempto
432 2727 601 2784 verissimum
629 2738 682 2784 est:

187 2862 190 2872 .
236 2810 351 2884 „iudom
373 2814 414 2869 sia
439 2813 491 2870 mit
513 2812 683 2891 Vernohtung

185 2903 188 2909 ’
235 2898 284 2957 aul
300 2899 347 2955 das
362 2898 549 2959 weiehliehere
561 2903 616 2960 und
628 2905 683 2960 wie

235 2985 407 3064 gewttlrnlieh
429 2989 531 3045 seinem
551 2991 682 3065 angeban-

234 3071 683 3144 tenBodeuthnlioheGesehleeht

235 3161 285 3219 der
322 3158 516 3216 Landbebauer
556 3161 682 3222 herabse-

234 3248 328 3305 lren“=
357 3254 387 3301 nt
408 3247 480 3303 enim
502 3267 596 3327 aspera
617 3262 682 3309 sunt

234 3337 294 3393 loca
317 3342 443 3391 montana
466 3338 608 3414 asperique
634 3341 681 3415 qui

235 3443 267 3480 ea
282 3421 412 3491 insidunt,
430 3423 471 3479 sie
482 3422 619 3481 molliores
631 3428 681 3482 mi-

235 3511 373 3586 tioresque
398 3509 521 3569 videntur
547 3513 595 3590 qui
617 3532 681 3570 arva

234 3594 364 3655 incolum

101 3684 105 3691 ’
171 3685 207 3746 -8,
232 3691 287 3742 out
304 3683 456 3741 interiecta
467 3684 681 3742 inter-Romam

66 3802 69 3809 =
176 3807 187 3823 κ
233 3779 263 3830 et
291 3769 391 3843 Arpos
424 3772 551 3847 penuria
579 3792 680 3831 rerum

233 3855 362 3916 omnium
390 3859 531 3914 exclusos
558 3878 579 3912 a
605 3878 680 3915 com·

232 3943 678 4021 meatibusobsumpsissetel'lil:

232 4034 287 4088 nisi
303 4030 377 4106 qnod
394 4031 423 4086 in
441 4027 464 4086 P
489 4032 626 4100 excluso,
649 4033 678 4088 in

62 4170 67 4175 .
231 4113 259 4176 H
276 4118 364 4195 primo
382 4117 541 4178 exclusam
553 4116 617 4179 dein
634 4136 678 4177 ea-

827 1331 888 1391 denr
914 1351 993 1390 maon
1021 1333 1195 1392 exclusam
1220 1334 1272 1390 seri·

824 1429 902 1497 ptum
920 1429 970 1479 est.
993 1449 1029 1461 -
1051 1418 1092 1477 Et
1111 1420 1150 1477 ad
1169 1423 1272 1480 interis

825 1516 873 1563 cto
890 1507 1026 1583 pertinere
1044 1509 1136 1586 regio
1154 1519 1228 1566 reete
1241 1510 1272 1566 vi·

825 1593 868 1650 dit
884 1593 905 1654 l.
922 1593 966 1652 l'r.
979 1592 1160 1653 Gronovius:
1178 1616 1227 1653 nec
1242 1605 1272 1651 ta·

825 1701 888 1740 men
901 1682 1055 1739 interiecto
1063 1681 1145 1739 idem
1153 1702 1214 1739 esse
1221 1691 1271 1760 pot

826 1778 869 1826 est
887 1767 961 1845 quod
979 1788 1047 1826 cum
1059 1770 1219 1828 interm
1234 1791 1271 1826 es·

826 1863 885 1922 set,
903 1854 932 1910 id
950 1855 1025 1932 quod
1042 1857 1212 1935 interpretes
1223 1860 1271 1935 qui·

827 1941 888 1999 dam
903 1944 1006 2021 opinati
1018 1953 1095 2013 sunt,
1109 1964 1174 2002 enm
1186 1944 1271 2003 Livius

826 2049 860 2086 ex
882 2050 912 2086 ea
934 2031 1005 2087 inter
1024 2034 1163 2090 maiano
1191 2033 1272 2091 disere

826 2115 975 2186 videretur,
1001 2052 1077 2176 llam
1102 2139 1213 2178 omnam
1236 2142 1270 2177 re·
1308 2174 1309 2193 ¹

825 2206 932 2279 giooem
940 2202 1059 2262 sterilem
1068 2204 1270 2287 suissepropter
1308 2204 1309 2207 '

826 2291 925 2349 nnllam
952 2291 1032 2349 aliam
1059 2313 1171 2354 eausam
1197 2316 1270 2374 quam

826 2379 901 2456 quod
917 2380 989 2436 inter
1004 2377 1124 2440 Romam
1142 2392 1171 2440 et
1186 2383 1269 2463 Arpos

826 2467 1003 2525 interiecerat.
1030 2467 1100 2526 dicit
1123 2471 1207 2547 igitur
1228 2470 1268 2527 ti·

826 2554 896 2623 vius,
907 2553 961 2611 dno
972 2556 1069 2612 itinera
1081 2555 1170 2615 luisse
1179 2560 1268 2634 eisqui

824 2637 1267 2723 RomaArposautLueeriampro-

824 2728 911 2786 lioisei
928 2728 1040 2787 vellent:
1058 2744 1144 2792 uuum
1155 2733 1268 2812 perloes

824 2818 965 2882 maritima,
984 2836 1039 2895 quo
1057 2806 1158 2876 itinere
1174 2822 1268 2878 exerci-

824 2912 869 2962 tus
881 2924 1008 2962 romanos
1020 2924 1084 2964 usus
1100 2916 1189 2963 esset:
1208 2907 1267 2964 alte-

823 3009 883 3047 rum
892 2994 936 3048 via
948 2991 1050 3050 directa
1061 3011 1109 3069 per
1118 2991 1268 3054 samnium

823 3076 899 3153 quod
916 3080 941 3134 si
958 3079 1014 3137 fida
1025 3079 1218 3145 illa‘msritima
1231 3102 1267 3138 re«

803 3212 805 3220 ,
823 3165 868 3239 gio
887 3151 1053 3225 Samnitibus
1070 3167 1192 3236 inissst‚.
1211 3167 1266 3224 fieri

823 3270 880 3307 non
896 3257 1018 3330 potuisse
1035 3263 1067 3311 ut
1082 3252 1201 3314 Romani
1221 3274 1266 3330 per

823 3358 882 3396 eam
911 3341 1164 3418 proficiscerentur,
1197 3340 1266 3420 qnod

822 3428 882 3483 sine
898 3426 952 3485 ulla
970 3428 1141 3488 dubitatione
1150 3439 1200 3505 aut
1213 3433 1265 3486 ino·

821 3514 867 3590 pia
890 3527 1054 3575 commeatus
1078 3527 1127 3576 ant
1152 3518 1266 3575 hostium

821 3598 911 3676 gladio
928 3603 1101 3664 occidissent.
1119 3603 1169 3662 illo
1186 3602 1265 3661 altero

821 3707 888 3746 vero
909 3691 1006 3747 itinero
1024 3693 1065 3749 uti
1088 3711 1146 3749 non
1166 3692 1265 3767 potuis·

820 3793 852 3831 se
873 3776 946 3852 quod
964 3776 1105 3836 Samnium
1128 3782 1202 3837 inter
1215 3778 1265 3836 llo·

820 3879 891 3918 mam
914 3874 941 3920 et
961 3864 1052 3942 Arpos
1075 3869 1182 3936 iacens,
1209 3885 1265 3922 cum

820 3951 894 4006 omni
917 3948 1021 4008 cultura
1043 3972 1172 4028 agrorum
1198 3972 1264 4009 eare-

819 4044 877 4112 ret‚
900 4056 989 4095 rernm
1011 4042 1132 4098 omnium
1154 4041 1263 4118 penuria

818 4139 959 4184 mmanurn
987 4128 1135 4188 exereitum
1163 4129 1265 4189 amm·
