2618 4590
148 213 215 285 338
610 218 720 281 utnon
737 219 809 281 vtll.

156 387 336 483 portunitas
358 383 544 479 praevertitz
566 406 705 475 namque
728 381 774 451 Μ.
791 381 908 449 Fabius
930 381 1075 473 captivus
1095 381 1262 449 Romanus

155 518 233 563 cum
256 476 319 585 'per
348 488 581 582 neglegentiam
609 488 781 557 custodum
808 488 891 557 festo
922 487 973 555 die
1001 486 1136 555 vinculis
1164 488 1262 579 ruptis

154 608 214 693 p'er
245 621 374 665 murum
404 595 486 665 inter
519 618 619 686 opera
645 594 865 661 Romanorum
898 593 1027 684 religata
1057 592 1098 658 ad
1134 592 1263 683 pinnam

73 692 76 699 ⁸
156 684 240 770 muri
260 713 345 770 reste
367 723 543 794 suspensus
565 698 712 767 manibus
733 722 769 766 se
793 697 982 781 demisisset,
1003 697 1147 788 perpulit
1168 697 1263 788 impe-

126 811 297 895 oratorem
317 818 355 874 ut
376 805 451 873 vino
476 804 643 897 epulisque
655 803 788 893 ‘sopitos
810 803 920 871 hostes
938 805 1185 894 adgredereturz
1208 827 1263 870 nec

51 946 53 952 ·
156 910 278 1003 maiore
300 909 474 978 certamine
496 910 580 1001 capti
602 933 677 977 eum
698 908 778 975 urbe
800 906 948 977 Ausones
971 918 1047 975 sunt
1074 932 1178 998 quam
1202 907 1264 975 acie
1306 922 1308 961 f

66 1028 68 1037 “
157 1014 220 1083 lusi
249 1026 349 1083 erant.
386 1015 505 1106 praede
533 1025 625 1105 capta
652 1013 763 1104 ingens
792 1023 842 1079 est
866 1012 1090 1102 praesidioque
1127 1013 1265 1105 inposito

70 1199 74 1215 Ι
122 1150 128 1179 ι
158 1118 292 1205 Calibus
313 1119 465 1187 reductae
487 1119 625 1188 Romam
647 1117 799 1207 legiones.
839 1117 953 1184 consul
976 1142 1017 1185 ex
1039 1129 1174 1186 senatus
1199 1142 1266 1184 eon·

158 1222 244 1291 sulto
266 1223 475 1314 triumphavit
497 1235 544 1307 et,
573 1247 615 1291 ne
637 1222 751 1290 Atilius
774 1245 889 1312 expers
912 1222 1030 1312 gloriae
1061 1235 1167 1306 esset,
1197 1221 1267 1289 iussi

81 1384 85 1397 .
113 1335 148 1415 11
160 1326 256 1395 ambo
280 1328 429 1396 consules
451 1327 603 1395 adversus
625 1327 783 1395 Sidicinos
812 1326 929 1394 ducere
952 1328 1141 1395 exercitum.
1177 1327 1267 1394 dieta·

159 1441 265 1501 torem
294 1443 369 1501 ante
405 1456 447 1500 ex
479 1444 610 1500 senatus
638 1432 785 1500 consulto
815 1430 1019 1499 comitiorum
1046 1432 1268 1499 habendorum

162 1559 259 1623 causa
293 1537 442 1611 dixerunt
469 1535 506 1605 L.
538 1536 710 1605 Aemilium
741 1535 989 1620 Mamercinum,
1022 1535 1049 1603 is
1083 1537 1270 1628 magistrum

161 1641 308 1733 equitum
330 1641 371 1728 Q.
393 1641 566 1711 Publilium
580 1641 751 1709 Philonem
774 1641 866 1709 dixit:
889 1641 1043 1709 dictatore
1066 1643 1197 1710 comitia
1219 1641 1269 1707 ha-

162 1744 261 1835 bente
282 1747 432 1815 eonsules
454 1747 551 1814 creati
572 1756 648 1814 sunt
669 1746 708 1813 Τ.
732 1746 883 1815 Veturius
904 1747 962 1836 Sp.
978 1746 1175 1815 Postumius.
1214 1745 1292 1814 etsi·

115 1857 149 1946 ¹⁵.
164 1838 242 1919 belli
263 1875 338 1942 pars
361 1876 435 1918 enm
457 1851 602 1918 Sidicinis
625 1851 780 1935 restabat,
808 1863 917 1919 tamen
945 1863 983 1919 ut
1004 1852 1163 1920 beneficio
1185 1876 1271 1942 prae·

160 1956 306 2045 venirent
339 1956 531 2024 desiderium
562 1955 683 2047 plebis,
723 1957 763 2025 de
800 1956 926 2025 colonia
958 1957 1146 2037 deducenda
1178 1957 1270 2024 Celes

236 2179 272 2192 -
297 2147 329 2204 ln
347 2146 368 2204 P
386 2167 422 2207 m.
442 2151 466 2207 1.
490 2148 622 2227 scriptum
643 2157 685 2205 est

135 2288 137 2293 ,
234 2234 308 2291 hand
325 2237 383 2291 scio
403 2256 437 2291 an
459 2255 515 2291 non
539 2238 628 2292 minus
646 2235 685 2292 la-

236 2322 292 2390 tine
303 2340 438 2397 „quarm
449 2341 505 2377 usu
515 2321 584 2379 lorte
596 2321 684 2378 oblata

239 2407 410 2483 oportunitas
428 2411 612 2484 praeuertit“,.
625 2429 685 2466 cum

238 2513 297 2550 usu
314 2496 351 2549 sit
369 2493 483 2552 dativus.
496 2525 532 2538 -
549 2494 572 2552 P
589 2514 625 2554 m.
644 2498 684 2554 Ἅι

236 2587 297 2640 usi.
326 2610 361 2621 -
391 2579 471 2652 Voss.
498 2601 525 2641 ιι.
554 2581 685 2658 multique

236 2685 324 2727 rece:
348 2669 500 2746 praeuenit.
529 2698 566 2713 -
589 2667 684 2749 ¹Paulo

89 2771 93 2779 ¹
156 2806 157 2813 ,
180 2807 185 2829 ‚
238 2764 301 2812 ente
329 2757 366 2814 in
389 2755 438 2815 ΡΜ
468 2758 610 2836 scriptum·
627 2767 685 2813 erat

168 2900 171 2907 ,
221 2863 272 2913 m.
283 2845 307 2902 1.
317 2863 454 2922 agerem:
447 2844 684 2906 ·1οἱηάοΡιιιΗ1·

236 2949 366 3005 aggerem
383 2929 411 2987 Μ
429 2953 465 2991 m.
483 2935 524 2992 2..
517 2952 672 3008 mergerem

184 3015 221 3073 1
235 3036 365 3092 namque
388 3019 430 3076 M.
455 3019 569 3075 Fabius
595 3021 685 3095 copti·

64 3130 69 3142 .
169 3170 172 3175 Ι
237 3120 295 3157 nus
305 3123 464 3159 romanus
458 3102 535 3158 ·.ΡΜ
528 3124 600 3159 n1s1
593 3105 684 3180 qnod

236 3184 259 3243 P
270 3187 391 3258 fouius.
404 3219 438 3231 ·-
450 3186 511 3244 ΡΜ.
528 3209 578 3266 per
595 3190 684 3265 negle-

170 3326 195 3351 ,Η
211 3336 216 3349 .
236 3276 362 3350 gentiam.
374 3306 409 3318 ·-
419 3275 503 3332 Inter
514 3291 605 3350 opero
622 3298 683 3354 per·

234 3362 321 3418 tinere
336 3362 370 3419 ad
380 3384 414 3421 sc
423 3362 592 3420 demisisset
601 3384 680 3421 nemo

234 3467 289 3505 non
299 3451 387 3508 videt:
406 3449 468 3519 ‚.els
483 3470 512 3506 er
523 3451 585 3507 sich‘
595 3472 630 3508 an
642 3454 680 3508 ei·

235 3553 297 3592 nem
307 3557 341 3592 an
351 3536 400 3594 der
410 3537 580 3596 llauerzinne
593 3539 680 3595 beles-

233 3619 319 3692 tigten
333 3622 406 3679 Seile
419 3623 464 3680 die
474 3624 566 3682 Manet
582 3625 679 3682 hionn-

234 3713 276 3760 ter
288 3709 382 3765 mitten
394 3713 422 3766 in
434 3712 478 3768 die
487 3711 678 3788 Belagenmgs-

157 3842 166 3854 ,
216 3840 220 3848 .
232 3793 324 3850 werke
342 3794 391 3852 der
401 3796 502 3856 Rdmer
513 3799 679 3883 hinobgelas·

232 3899 282 3937 oen
299 3881 459 3944 hatte‘t—
486 3887 528 3947 M:
552 3909 583 3945 se
600 3889 677 3947 dimi·

229 3969 270 4025 sis
288 3978 315 4026 et
331 3971 438 4049 ptulit
429 3985 626 4052 imperatorem.
643 4006 677 4018 ·-

230 4052 259 4111 Μ
275 4077 311 4118 ιιι.
330 4061 368 4118 Le
387 4071 417 4119 nt
434 4083 500 4121 nmo
511 4065 617 4141 sopitos
628 4063 676 4120 ho

826 2155 883 2203 stes
894 2145 1092 2210 adcrederetnr.
1109 2147 1139 2207 ll
1150 2170 1187 2213 m.
1199 2153 1225 2210 2.
1238 2151 1271 2208 P:

826 2245 857 2290 nt
874 2235 938 2290 uino
957 2234 1097 2313 epulisque
1108 2239 1214 2316 sopitos
1227 2240 1271 2295 ho-

826 2330 883 2378 stes
901 2321 1101 2396 adgrederetur.

773 2411 801 2467 7.
824 2409 944 2484 praeda
970 2421 1060 2486 copta
1081 2415 1188 2492 ingena
1215 2423 1272 2470 cst.-

825 2495 884 2558 ΡΜ.
907 2529 941 2540 -
969 2496 1036 2557 Lov.
1056 2502 1095 2557 1.ι
1116 2501 1215 2578 praeda
1234 2503 1272 2556 in·

825 2603 891 2658 gens
910 2595 967 2642 act·
985 2595 1035 2645 est

772 2673 800 2732 8.
825 2678 904 2729 odis.
925 2693 967 2728 eac
989 2681 1042 2733 tec.
1064 2674 1271 2749 triumphauit:

763 2774 766 2779 '
825 2758 856 2819 P.
864 2757 956 2841 ÷''M²
974 2767 1045 2820 cosi.
1057 2782 1091 2818 ex
1106 2765 1112 2834 Ι
1126 2761 1270 2840 triumpha·

826 2849 876 2908 nit.
894 2880 929 2892 ·-
947 2847 1009 2904 Pll:
1028 2850 1095 2906 iussi
1106 2851 1187 2907 ambo
1202 2856 1271 2907 coss.

825 2964 860 2979 -
883 2933 913 2991 ln
932 2935 959 2993 Μ
980 2935 1082 3014 aliquid
1102 2956 1206 2992 erasum
1231 2946 1273 2992 est

757 3042 760 3049 ·
825 3023 897 3079 inter
913 3023 1063 3080 aduersus
1078 3032 1105 3078 et
1115 3023 1271 3082 sidicinos.

756 3110 799 3168 10.
825 3109 1002 3167 dictatorem
1019 3118 1085 3168 onte
1101 3129 1142 3166 em
1155 3113 1270 3170 eicon-

826 3197 905 3253 sulio
924 3201 1108 3255 comitiorum
1121 3195 1269 3253 debendo-

825 3301 892 3338 rum
908 3304 1003 3342 causo
1015 3287 1159 3343 dicerunt
1168 3285 1203 3344 J..
1214 3285 1269 3342 Ae·

821 3372 939 3427 milium
960 3370 1192 3429 Mamercinum:
1213 3371 1268 3430 ΡΜ.

821 3489 857 3500 -
874 3457 910 3514 Ρι
933 3460 957 3515 is
975 3461 1130 3535 magistrum
1151 3461 1268 3536 equitum

821 3546 921 3622 ‹ppub
938 3550 942 3616 Ι
958 3546 1023 3603 lium
1035 3545 1176 3626 philonem
1195 3547 1268 3604 dixit.

817 3630 860 3693 Μι
887 3634 912 3689 is
930 3636 1057 3709 magister
1074 3637 1204 3712 equitnm.
1220 3654 1268 3712 pn·

819 3717 905 3776 hlium
934 3721 1073 3798 philonem
1106 3721 1185 3780 dixit.
1225 3720 1267 3780 Cf.

819 3809 846 3874 8,
866 3810 907 3866 15.

750 3890 793 3948 11
820 3898 901 3970 ιονιξ.
919 3895 1013 3952 creati
1029 3905 1114 3953 sunt:
1131 3893 1163 3954 P.
1176 3927 1211 3938 -
1229 3895 1268 3953 ll:

820 3986 877 4039 eos.
897 3985 979 4037 creati
998 3992 1069 4040 sunt.
1088 3982 1109 4039 I.
1123 3983 1169 4046 Fr.
1183 3982 1266 4040 Gron.

818 4076 888 4124 eunt
905 4067 1022 4128 deletum
1040 4068 1135 4129 voluit.
