2618 4590
552 276 737 377 nrnnnrn
1136 263 1201 335 149

95 440 206 533 optimi
220 433 363 511 maximi
386 438 544 508 dedicavit
565 461 650 505 enno
672 450 746 529 post
767 441 858 529 reges
874 450 1019 508 exectos:
1042 464 1197 511 neonsu-

95 549 178 614 libus
201 557 279 637 post
301 551 339 610 ea
363 543 405 609 ad
427 543 604 626 dictatores,
628 543 702 634 quie
724 543 826 610 maius
848 542 1015 635 imperimn
1036 557 1110 630 eret,
1131 546 1196 613 soi·

93 652 201 718 lemne
224 648 308 716 olavi
329 647 444 738 figendi
466 648 654 715 translatum
676 634 735 715 esti
772 647 954 715 intennisso
969 647 1082 717 deinde
1103 675 1194 718 more

95 757 190 845 digna
213 753 312 840 eriam,
331 776 388 844 per
408 776 444 819 se
466 752 533 819 vise
555 777 607 820 res
635 764 768 844 propter
795 777 893 843 quom
921 751 1055 819 dictator
1076 775 1193 820 creare·
1300 820 1304 827 ,

93 873 164 928 tur:
197 883 260 950 qua
281 858 434 926 decanea
456 868 580 927 creatos
602 857 639 926 L.
663 857 816 941 Manlius,
850 857 982 948 perinde
1011 881 1049 925 ac
1077 859 1123 926 rei
1144 875 1224 949 get

165 1069 277 1126 Horatio
295 1071 334 1126 itr
347 1075 560 1146 eeneeptnsnnt,
579 1078 611 1126 nt

161 1156 231 1213 hane
246 1155 331 1233 legem
347 1157 462 1213 summis
477 1159 608 1232 praetori-

748 1078 799 1128 set.
826 1069 876 1125 sed
894 1087 955 1127 enm
972 1070 1054 1126 etiem
1070 1069 1140 1147 lege
1155 1067 1197 1124 Ie·

745 1157 835 1236 gidus
847 1157 967 1234 aliquid
976 1174 1068 1236 agere
1081 1155 1136 1211 diei
1150 1173 1194 1210 so·

161 1243 212 1304 bus
228 1241 267 1301 iti
285 1243 483 1321 exsequendam
497 1241 556 1300 sore
567 1242 607 1301 di·
747 1244 825 1302 litum
842 1246 888 1311 sit,
910 1263 961 1300 noe
981 1242 1034 1299 hoe
1052 1241 1113 1299 loeo
1130 1260 1194 1318 pro·

161 1340 246 1400 eeret,
275 1342 307 1388 nt
329 1329 421 1390 idibus
442 1329 608 1406 singolorum
747 1351 847 1392 nornen
873 1348 1034 1409 magnopere
1057 1326 1193 1389 desidero·

160 1437 290 1478 annornm
298 1417 505 1499 Septembribus
515 1417 606 1475 olavus
746 1418 828 1477 bitur.
1054 1480 1058 1493 ⁸
1151 1436 1155 1445 “

158 1505 296 1580 figeretur.
328 1504 372 1564 cf.
390 1526 458 1583 quae
475 1507 505 1562 in
522 1504 606 1583 simili
694 1506 721 1564 2.
748 1507 890 1563 sollemne
901 1501 1157 1584 clauifigendirP
1184 1545 1192 1560 .

97 1627 101 1642 ι
158 1612 189 1648 re
206 1593 240 1648 ab
257 1591 375 1650 Romulo
393 1592 427 1648 de
439 1592 512 1650 Iovis
525 1589 605 1648 Fere·
694 1593 721 1647 5.
748 1592 875 1668 perinde
891 1611 928 1646 ae
940 1593 984 1646 rei
992 1591 1144 1670 gerendae
1156 1609 1192 1644 oc

159 1681 206 1735 trii
223 1678 324 1758 templo
343 1679 413 1736 dieta
432 1683 458 1750 1,
477 1682 520 1737 10.
537 1677 605 1735 refe·
747 1699 808 1735 non
844 1677 1008 1735 soluendae
1039 1676 1192 1755 religionis

158 1774 262 1824 runtur.
291 1764 402 1826 Horatii.
415 1785 485 1827 vero,
508 1784 605 1821 eonsu·
746 1766 847 1846 gretia
855 1770 1075 1821 meatusesret:
1088 1759 1165 1816 lteid.
1175 1780 1192 1815 ι.

158 1852 193 1909 lis
209 1853 374 1909 mentionem
387 1850 552 1912 inibimus
565 1853 605 1910 ri·

160 1938 239 1996 detur
269 1937 366 1995 iecisse
401 1949 431 1995 ut
465 1938 606 2005 indiceret,

159 2046 214 2110 qno
233 2045 303 2082 anno
322 2026 429 2084 initium
446 2026 505 2082 eius
522 2024 606 2082 moris

157 2111 234 2190 apud*
256 2111 394 2170 Romanos
420 2111 524 2171 fnisset
554 2130 605 2168 nee

156 2208 246 2257 temen
268 2186 349 2257 nitro
366 2209 438 2284 post
452 2219 542 2276 ‚reges
558 2218 603 2256 ex·

156 2296 232 2344 notos
249 2286 403 2345 dedicatum
413 2286 542 2366 tempium
550 2284 601 2343 Te·

157 2376 226 2431 ritus
243 2375 272 2430 in
290 2374 352 2431 hist.
372 2377 398 2444 3,
416 2377 460 2434 72.
472 2375 540 2432 dicit
551 2373 601 2431 sed

154 2459 262 2536 „pulsis
280 2463 387 2537 regibus
398 2460 527 2520 Horatius
539 2459 601 2516 Pul·

155 2547 236 2606 viilus
254 2551 358 2605 iterum
376 2549 470 2606 consul
492 2547 600 2605 dedica·

155 2636 233 2694 vit“r
262 2635 388 2714 idemque
404 2618 514 2712 scripsit
530 2635 600 2694 Dio·

154 2742 214 2799 nys.
232 2723 266 2788 5,
286 2722 344 2787 35.:
374 2727 466 2782 eaden
489 2720 538 2782 tat
553 2723 602 2793 τῆς

156 2807 535 2883 τρῖτηςῦπατεῖαςὲὀτράκὲη.
551 2807 602 2864 sed

157 2914 218 2952 oum
230 2893 310 2969 Lirin
327 2898 461 2953 consentit
474 2895 602 2974 Polybius

155 2986 183 3052 ³,
201 2985 244 3043 dd.
264 3015 297 3026 -
316 2982 338 3044 Ι.
357 2982 401 3044 Fr.
420 2981 504 3040 Grou.
521 2977 602 3037 mele·

155 3069 202 3128 bet
212 3071 295 3128 scribi
306 3092 360 3140 „en
371 3071 454 3146 lege“
466 3067 508 3128 vel
517 3087 602 3138 „eam

153 3157 241 3234 legem
257 3160 358 3238 templo
374 3192 409 3203 -
428 3157 599 3243 dedimvit“r

97 3260 102 3275 ι
154 3266 270 3328 qnorum
289 3246 505 3305 emendationum
522 3245 599 3320 prior

153 3351 205 3392 nee
217 3333 342 3412 displicet
352 3355 402 3391 nec
414 3326 535 3391 difficilis
547 3343 599 3402 est,

155 3437 218 3476 eum
239 3420 321 3476 modo
345 3421 470 3485 similiter
490 3423 520 3478 in
540 3419 598 3497 ple-

153 3508 248 3581 risque
271 3506 350 3565 codd.
375 3528 412 3564 eo
433 3527 494 3583 qua
511 3517 599 3587 parte

153 3613 206 3679 pro
225 3612 266 3651 ee·
284 3613 345 3676 qua
361 3602 448 3668 porte
468 3595 600 3675 seriptum

152 3681 309 3740 viderimus.
334 3679 428 3738 eodem
446 3683 526 3737 etiem
541 3682 600 3741 iure

155 3770 252 3826 eoniici
274 3776 368 3845 posset
384 3755 481 3827 ex'ea
498 3769 565 3846 lege
581 3789 598 3826 a

77 3852 80 3858 ’
152 3852 231 3912 Livio
244 3859 374 3935 seriptum
384 3875 452 3925 esse,
471 3876 531 3913 omn
543 3874 599 3911 non

153 3945 242 4000 minus
264 3965 344 4022 saepe
366 3945 461 4001 harum
479 3947 598 4020 ipserum

152 4047 250 4087 rosum
264 4051 304 4089 er
316 4053 354 4092 eo
365 4031 447 4089 altera
459 4031 596 4107 negiegen·

154 4123 196 4174 ter
208 4137 223 4173 n
235 4112 351 4177 librariis
359 4122 545 4195 praetermissa
556 4138 597 4178 er·

746 1853 796 1925 nd]
818 1849 933 1929 perinde
954 1869 992 1906 rc·
1007 1844 1193 1924 reipublicae

746 1941 879 2015 gerendae
904 1957 936 1994 ae
964 1956 1024 1992 non
1048 1932 1193 1991 solvendae

746 2024 877 2100 religione
893 2024 976 2098 gretia
998 2030 1104 2078 oreatus
1120 2029 1193 2076 esset
1266 2011 1272 2024 ’

747 2111 917 2183 (Gelenius).
944 2142 980 2153 —
1008 2107 1080 2178 „nn
1104 2107 1139 2163 ob
1161 2126 1193 2162 er

745 2219 795 2257 zur
820 2196 949 2273 Fithmng
977 2199 1052 2254 eines
1078 2193 1191 2270 Krieges

742 2287 799 2346 und
818 2283 895 2342 nieht
912 2289 958 2340 dm
982 2285 1044 2342 eine
1064 2281 1190 2358 reiigidse
1252 2320 1256 2333 .

742 2370 973 2434 Verbindliehkeit
1007 2371 1042 2428 n'n
1076 2368 1188 2427 eriiillen

727 2459 859 2537 ,gewrite
867 2458 981 2517 worden
989 2462 1094 2517 wtre“.
1108 2455 1188 2514 Utra-

741 2569 795 2626 que
812 2567 875 2632 pers
887 2547 967 2605 huius
978 2545 1041 2616 loci,
1059 2565 1139 2622 quem
1153 2544 1188 2601 od

741 2635 853 2700 modum
870 2633 1030 2699 S.‚Gelenio
1046 2635 1188 2690 restituen-

742 2723 795 2782 dus
812 2721 957 2783 ridebatur,
973 2731 1002 2778 et
1017 2720 1040 2780 1.
1056 2720 1101 2779 rr.
1119 2718 1187 2776 Gro·
1207 2749 1210 2754 .

743 2811 827 2866 novio
850 2809 1059 2886 probatorem,
1088 2825 1138 2881 per
1158 2825 1189 2860 se

743 2895 853 2972 quidem
879 2894 1029 2949 rectissime
1052 2911 1083 2947 se
1108 2890 1188 2947 hebe-

743 2982 804 3040 brt:
834 3001 896 3039 nam
919 2989 947 3037 et
972 2999 1063 3056 remp.
1082 2998 1189 3060 gerere

709 3087 712 3095 ’
741 3068 834 3132 multis
850 3068 919 3127 loeis
938 3067 1053 3145 legimns
1068 3065 1120 3136 (rs.
1145 3085 1186 3126 ex.
1212 3107 1214 3111 «

740 3179 780 3236 gr.
798 3159 824 3228 ἢ,
841 3159 886 3218 64.
903 3160 930 3227 3,
949 3159 1026 3227 19.),
1049 3165 1076 3210 et
1096 3173 1186 3228 remp.

738 3248 805 3321 (29,
823 3248 882 3316 18.)
900 3243 944 3304 vel
957 3245 1101 3320 populum
1118 3240 1200 3299 reli?

738 3336 829 3414 gione
846 3333 1005 3390 exsolvere
1021 3331 1064 3399 (9,
1077 3331 1104 3383 8.
1122 3324 1186 3393 al.):

740 3419 879 3477 interdum
901 3420 981 3474 etiem
1006 3434 1056 3471 res
1072 3431 1123 3488 pro
1141 3431 1186 3467 re·

738 3508 858 3586 publica
880 3508 924 3574 (4,
949 3505 993 3560 43.
1012 3502 1042 3570 1,
1066 3502 1110 3558 Ἠ.
1132 3497 1186 3567 el.)

739 3594 872 3670 scriptum
898 3601 946 3650 est.
981 3587 1074 3648 Nihilo
1096 3589 1185 3645 minus

740 3670 831 3737 tomen
853 3679 947 3737 inerre-
965 3697 1020 3736 non
1042 3694 1185 3757 possumus

741 3769 809 3847 quin
831 3768 867 3824 id¹
883 3766 995 3846 quoda
1018 3764 1050 3824 O.
1073 3764 1185 3839 Sigonio

738 3855 773 3912 de
790 3854 844 3912 hoo
865 3855 926 3912 loeo
948 3855 1183 3933 disputaremest,

738 3945 829 4001 uerius
847 3943 999 4002 habeamus.
1029 3960 1096 3999 enm:
1112 3940 1184 3994 enim

739 4029 867 4100 dictator,
889 4029 1024 4107 quidquid
1039 4049 1054 4084 e
1071 4046 1128 4103 rep.
1145 4023 1181 4080 sn-

740 4127 821 4188 ceret,
837 4137 944 4194 semper
961 4134 1045 4192 remp.
1067 4113 1182 4188 gemisse
