2618 4590
73 262 76 271 '
154 254 221 338 tot
609 273 718 335 orons
735 270 806 365 nn.

244 441 395 515 XXXVI.
440 440 615 529 Postquam
637 436 774 505 dictator
795 433 978 530 praeposito
1000 430 1032 497 in
1055 429 1193 503 urbeL.
1208 431 1260 500 Pa-

157 551 237 643 pirio
252 551 368 617 Crasso
390 545 540 636 magistro
563 541 707 633 equitum
723 579 767 592 -
781 543 823 628 Q.
841 540 939 608 Fabio
962 535 1061 603 vetito
1084 535 1260 627 quicquam

157 678 218 746 pro
239 653 422 744 magistratu
445 671 538 741 ogero
561 684 603 699 -·
626 647 659 712 in
681 645 913 727 castrarent,
939 666 1045 733 neque
1067 642 1194 711 civibus
1216 665 1259 710 ss-

158 759 199 826 tis
220 758 324 825 laetus
348 757 503 825 adventus
526 754 595 821 eius
621 751 681 818 fuit
701 774 762 817 nec
784 749 929 816 hostibus
952 748 1127 839 quicquam
1150 749 1260 815 adtulit

122 858 295 936 trenortii.
331 884 470 952 namque
493 870 622 951 postero
646 855 697 922 dio
719 892 763 903 -
786 879 844 922 seu
866 853 963 944 ignari
984 852 1111 920 venisse
1131 852 1258 921 dictato

156 982 236 1051 rem,
258 990 316 1034 sen
340 966 467 1033 adesset
488 988 529 1030 sn
551 962 679 1029 abesset
693 958 783 1050 parvi
798 958 950 1027 facientes
964 999 1007 1011 —-
1024 958 1180 1025 instructo
1195 958 1257 1026 acie

158 1073 331 1139 adeastra
365 1078 576 1137 aecessenrnt.
616 1077 759 1133 ceterum
793 1076 918 1132 tanturn
952 1062 1107 1131 momenti
1135 1063 1170 1130 in
1198 1087 1259 1130 uno

158 1172 228 1243 viro
250 1175 287 1242 h.
309 1174 435 1264 Papirio
450 1173 518 1239 tuit
545 1183 596 1252 ut,
625 1170 651 1236 si
680 1169 768 1236 ducis
797 1169 926 1236 consilio
955 1169 1046 1236 favor
1068 1167 1259 1236 subsecutus

158 1279 295 1347 rnilitum
318 1278 411 1361 foret,
433 1274 583 1343 debellari
606 1299 646 1343 eo
670 1275 720 1340 die
743 1298 818 1342 curn
832 1273 1028 1341 Samnitibus
1042 1273 1189 1363 potuisse
1203 1296 1258 1363 pro

112 1381 245 1457 tohaut
267 1383 365 1452 dubio
387 1379 531 1499 habiturn
552 1380 607 1447 sit:
642 1379 685 1446 ita
707 1378 854 1447 instruxit
876 1377 978 1445 aciem
1005 1378 1079 1445 loco
1103 1401 1143 1445 ac
1165 1376 1259 1444 subsi-

224 1577 328 1652 ‚qnibus
346 1566 470 1634 utebitur
481 1571 558 1630 libris
572 1570 674 1648 aliquid

150 1682 153 1687 ’
228 1671 334 1741 postre
342 1665 473 1739 scriptum
481 1661 591 1729 vidisse,
601 1658 675 1736 qnod

229 1750 296 1827 quin
319 1749 345 1810 b.
364 1749 382 1810 l.
401 1754 413 1807 i
435 1749 514 1807 fuerit
536 1746 603 1805 nihil
627 1747 676 1804 du-

231 1835 298 1896 bito.
315 1840 344 1894 in
359 1837 381 1894 P
399 1838 508 1916 quidem
525 1838 677 1913 invonirnns

171 1945 174 1952 ’
231 1926 315 1993 „eius
332 1933 396 2004 pop.
413 1945 436 1984 r.
460 1925 565 1982 neniam
587 1921 677 1978 dedis-

230 2017 312 2080 σαψ,
333 2014 381 2070 sed
400 2014 458 2068 eius
476 2011 579 2068 codicis
597 2010 677 2067 libra·
695 2028 701 2041 ¹

231 2101 289 2155 rius
300 2110 327 2155 et
335 2100 394 2157 eliis
405 2099 474 2155 loeis
486 2101 514 2154 in
524 2098 567 2155 bis
579 2097 677 2154 litteris

233 2173 346 2244 errarit:
365 2206 407 2245 ex.
418 2206 440 2242 r.
451 2189 529 2253 chit.
544 2206 597 2262 quo
615 2186 677 2241 loco

233 2273 261 2328 in
288 2273 315 2329 Μ
341 2272 533 2339 „tribuniciam
560 2283 677 2348 potesta·

231 2367 285 2412 torn
304 2358 364 2433 pl.“
388 2358 415 2415 b.
433 2378 456 2416 e.
477 2360 587 2433 plebis,
610 2361 638 2413 in
656 2352 678 2413 P

232 2443 426 2510 „tribuniciam
437 2453 595 2519 potestatem
613 2451 678 2522 pr.“

170 2548 174 2554 ’
232 2519 358 2588 iidimus.
371 2532 457 2587 necin
470 2529 581 2608 reliquis
593 2535 679 2590 omni·

172 2616 679 2697 'mmmmm

233 2703 342 2762 ridetur
364 2704 460 2773 fnisse,
487 2723 548 2762 cnm
570 2707 600 2762 in
618 2706 679 2765 cod.

233 2788 332 2851 Klork.
349 2789 383 2852 at.
397 2794 534 2851 inventum
546 2795 583 2851 sit
600 2796 681 2863 „eius

206 2878 210 2883 ’
232 2876 611 2956 populoneniamdedisset“.
629 2901 681 2938 nee
722 2888 724 2895 '

164 3016 167 3025 ,
233 2965 332 3023 idonea
355 2985 435 3023 cansa
461 2979 517 3036 est,
543 2988 592 3025 rur
613 2968 640 3024 b.
660 2968 680 3028 l.

232 3055 321 3110 maior
330 3053 550 3131 quaedamrisin
558 3073 680 3112 romono

233 3139 360 3217 ponenda
379 3140 473 3210 fuerit,
498 3159 560 3199 eum
581 3141 681 3198 milites

233 3226 354 3283 eiusdem
363 3225 459 3304 populi
467 3229 572 3285 romoni
581 3238 679 3289 essent.

226 3311 303 3369 nltitt
332 3313 426 3389 igitur.
448 3318 539 3374 verius
573 3316 681 3375 videtur

187 3415 198 3443 t
232 3418 315 3476 qrnm
333 3407 363 3457 ut
380 3402 490 3462 milites
507 3413 681 3488 ⁸opponantur

234 3488 346 3560 populo
371 3487 398 3546 h.
417 3509 440 3547 e.
464 3496 561 3567 togatis
584 3491 636 3563 (of.
652 3495 680 3560 3,

232 3574 307 3642 bb).
338 3575 413 3650 qnod
430 3597 495 3635 vero
513 3597 551 3635 ea
568 3598 617 3636 res
639 3598 680 3635 re·

232 3657 338 3715 ierntur
354 3671 461 3737 oportet
478 3664 513 3721 ad
532 3664 626 3740 quod,
650 3664 680 3722 id

118 3752 123 3769 ¹
209 3752 213 3777 ³
234 3737 337 3802 nentini
355 3750 453 3806 mirum
469 3751 557 3809 videri
579 3762 680 3828 potest,
725 3798 731 3805 .

170 3858 174 3863 ·
235 3849 298 3889 com
306 3831 375 3890 nibil
383 3835 547 3917 frequentius
556 3841 593 3896 sit
601 3859 681 3916 quam

169 3944 172 3949 ·
235 3919 679 4003 utbteipsrsvoeessibirespon·

139 4064 143 4071 ,
235 4005 325 4069 deant.
343 4010 378 4070 ci.
397 4013 476 4082 ΗΘ.
494 4015 522 4081 3,
533 4013 622 4098 38,“4,
637 4017 679 4071 h:

816 1568 923 1628 nullane
932 1588 976 1626 res
987 1589 1056 1626 nova
1068 1569 1174 1626 institut
1185 1569 1261 1627 debet

816 1668 843 1716 et
861 1657 945 1736 quod
961 1656 1080 1714 nondum
1098 1667 1142 1713 est
1165 1653 1274 1714 sactnm'

816 1776 851 1787 -
876 1766 912 1802 ea
939 1765 972 1800 ne
998 1747 1023 1801 si
1049 1743 1125 1801 utilia
1154 1744 1260 1822 quidem

817 1844 881 1890 sunt
898 1832 958 1888 {ieri
978 1833 1103 1908 oportet?
1132 1835 1161 1901 9,
1179 1836 1222 1892 h:
1240 1833 1261 1888 si

817 1920 883 1998 quid
902 1939 1012 1978 eorum.

766 2011 792 2069 2.
822 2009 857 2085 Q
877 2007 971 2065 Fabio
996 2007 1085 2065 uetito
1105 2008 1263 2084 quicquam

816 2116 872 2172 pro
899 2095 1077 2173 magistratu
1103 2114 1213 2172 agere:
1239 2093 1264 2150 bl

819 2180 1263 2259 nhR-Mnhqwh

820 2270 866 2327 bio
885 2277 936 2326 cet.
949 2299 983 2310 ·-
1002 2267 1036 2322 P:
1055 2288 1143 2344 neque
1161 2270 1264 2327 ciuibus

820 2357 886 2414 satis
898 2354 983 2411 laetus
992 2354 1124 2413 adrentus
1135 2359 1197 2414 eius
1209 2358 1264 2417 fnit

819 2444 848 2501 bl
865 2463 900 2501 m.
919 2446 958 2503 t:
976 2463 1064 2519 neque
1076 2445 1184 2501 ciuibus
1200 2448 1265 2502 ostis

819 2530 905 2588 laetus
923 2532 981 2587 eino
998 2529 1049 2586 fuit
1071 2550 1122 2588 nec
1142 2531 1264 2589 hostibus

820 2626 872 2676 cet.
901 2637 937 2676 m.
955 2619 995 2676 3.:
1016 2619 1082 2673 satis
1102 2616 1191 2677 laetus
1209 2623 1266 2677 eius

821 2704 873 2760 fuit
890 2704 997 2761 aduent'
1013 2725 1064 2761 nec
1079 2704 1204 2764 hostibus
1216 2717 1264 2766 ret.

768 2793 795 2851 5.
822 2811 951 2868 namque
977 2801 1098 2867 postero
1128 2794 1180 2851 dic
1214 2815 1266 2852 seu

821 2881 923 2960 ignari
948 2882 1067 2937 uenisse
1091 2879 1267 2938 dictatorem

821 2964 1046 3024 scandam-tan
1054 2968 1269 3042 obessetparui

814 3052 968 3127 facientes
986 3053 1130 3112 histructa
1140 3055 1207 3110 acie
1225 3054 1268 3110 ad

822 3147 924 3196 castra
945 3134 1149 3199 acces-seron&
1174 3138 1208 3200 P.
1232 3170 1266 3184 -

820 3223 861 3282 bl:
878 3228 994 3304 notoque
1007 3237 1117 3303 postero
1130 3227 1176 3286 die
1193 3229 1264 3285 euni·

821 3313 1265 3389 gnrriueniuodictntorern.m.⁴i.:

820 3402 983 3476 senuignari.
1010 3400 1086 3460 Harl.
1104 3402 1265 3463 1.‘tei‹t.1.:

821 3490 940 3546 uenisset
964 3489 1131 3551 dictatorem.
1156 3489 1200 3548 M:
1222 3491 1266 3548 ib·

820 3585 922 3635 structa
941 3579 1007 3636 acie.

769 3666 796 3722 9.
819 3680 876 3738 pro
903 3664 989 3721 haud
1017 3664 1108 3722 dubio
1135 3664 1265 3722 habitum

822 3752 877 3807 eit.-
895 3750 953 3810 Phi.
965 3782 1000 3797 ·-
1012 3749 1089 3809 beiti.
1105 3772 1122 3811 ι,
1141 3751 1207 3813 Patt.
1220 3752 1276 3810 ahs·

819 3856 872 3916 pro
889 3835 960 3896 houd
979 3837 1062 3895 dubio
1081 3839 1210 3898 habitum.
1232 3869 1264 3881 --

820 3923 894 3985 Harl.
914 3944 947 3987 t:
979 3928 1077 3994 „omni
1104 3932 1187 3983 arte“
1217 3935 1263 3983 cet

820 4014 1007 4087 praetermissa
1025 4033 1093 4072 voce
1111 4016 1163 4073 ita.
