2618 4590
521 255 633 315 neela
648 254 694 317 vl.

1111 248 1155 322 27

59 420 156 489 vebat
177 418 314 486 excitata
334 416 513 508 praesentia
527 418 626 501 ducis,
647 418 704 486 sed
726 417 813 508 quod
828 418 1021 489 vulscorum
1042 425 1155 494 animis

10 577 16 582 .
59 526 138 592 nihil
159 523 330 609 terribilius
352 533 419 590 erat
446 528 544 614 qua'm
570 522 669 612 ipsius
691 521 816 588 Camilli
842 523 923 592 forte
950 528 1058 597 (ablata
1085 554 1155 622 spe.

58 631 141 698 cies:
162 630 207 696 ita
230 651 433 718 quocumque
455 651 491 695 se
512 627 670 694 intulisset
685 626 850 697 victoriam
870 652 980 699 secum
993 633 1078 701 baud
1100 638 1155 703 du·
1206 672 1209 679 ·

59 735 149 800 biam
169 733 323 801 trahebat.
357 732 497 800 maxime
518 733 551 800 id
566 733 696 800 evidens
719 732 786 816 luit,
807 754 884 798 cum
899 734 933 800 in
946 736 1074 805 laevum
1089 764 1156 809 cer·

60 862 142 903 nurn
163 861 262 927 prope
273 837 347 903 iam
367 838 498 928 pulsum
512 848 638 932 arrepto
653 848 785 928 repente
807 854 894 930 equo
908 862 984 907 curn
997 855 1088 912 scuto
1102 861 1186 935 pe·5

50 941 160 1018 destri
185 943 336 1010 advectus
363 954 542 1034 conspecte
552 965 631 1039 pauo·
652 942 811 1032 proelium
832 944 969 1025 restituit
996 958 1157 1018 ostentans

58 1046 239 1114 vincentem
261 1060 401 1116 ceteram
422 1049 534 1116 aciem
570 1047 635 1115 iarn
656 1047 804 1115 inclinata
825 1072 876 1115 res
899 1062 966 1117 erat
987 1053 1045 1119 sed
1066 1050 1173 1121 turba¹
1214 1124 1223 1137 ,

58 1150 201 1219 hostium
222 1164 260 1221 et·
276 1152 352 1244 luga
371 1150 562 1244 inpediebat,
584 1152 724 1243 etslonga
745 1153 843 1220 caede
852 1155 1057 1238 conficienda
1078 1159 1159 1224 mul-

58 1256 161 1324 titudo
183 1269 270 1326 tanta
292 1259 377 1326 fesso
399 1258 491 1326 militi
512 1269 593 1342 erat,
622 1280 697 1331 curn
723 1270 854 1348 repente
881 1259 1060 1357 ingentibus
1087 1287 1161 1354 pro-

60 1361 149 1428 cellis
175 1363 267 1431 fusus
292 1364 396 1451 imber
422 1376 542 1433 certam
567 1350 668 1453 magis
689 1362 855 1432 victoriam
882 1367 1159 1457 quam-proelium
1173 1383 1207 1439 1⁰

61 1466 196 1535 diremit.
228 1469 319 1559 signo
342 1469 457 1537 deinde
477 1464 620 1558 receptui
642 1467 715 1533 dato
730 1491 798 1535 nox
812 1468 955 1537 insecuta
970 1472 1085 1561 quietis
1097 1472 1159 1540 Ro·

59 1571 162 1638 manis
183 1573 316 1662 perfecit
330 1574 468 1643 bellum:
489 1572 596 1641 Latini
605 1594 744 1662 namque
761 1584 795 1640 et
807 1572 936 1642 Hernici
950 1575 1067 1644 relictis
1082 1577 1159 1645 Vul-

60 1676 123 1742 scis
145 1676 261 1746 domos
280 1680 417 1770 profecti
438 1691 512 1748 aunt
538 1679 630 1746 inalia
652 1677 791 1747 consiliis
817 1701 910 1769 pares
938 1681 1045 1770 adepti
1066 1706 1160 1750 even·

81 1824 107 1883 1.
134 1825 265 1880 excitata
286 1803 457 1900 praesentia
477 1824 577 1887 duciae

73 1916 74 1920 ’
135 1909 194 1968 ΡΜ.
215 1941 246 1951 -
263 1908 392 1972 Leid.1.a
409 1912 486 1981 ducis
503 1934 579 1995 prae·
613 1908 617 1917 ¹

134 2000 230 2058 sentia.
243 2029 276 2041 -
289 1998 324 2056 P':
343 2001 400 2057 aed
417 2002 500 2077 quod
516 2004 580 2060 uul-

58 2087 65 2101 ”
134 2106 253 2142 acorum
269 2091 385 2147 aninzia.
476 2086 478 2093 ’

78 2174 105 2229 3.
133 2189 318 2251 quocumque
346 2196 380 2232 ae
414 2176 579 2234 intulisset:

133 2259 194 2319 ΡΜ.
224 2262 269 2322 Cl'.
287 2265 313 2330 Μ,
331 2264 388 2322 38.:
412 2265 578 2350 utxquisque

133 2350 269 2408 eveniret.
281 2348 315 2410 al.
325 2381 359 2391 -—
371 2349 398 2406 Μ
415 2370 451 2409 m.
465 2354 489 2408 1.
501 2374 508 2410 ι
526 2359 578 2407 tra·

135 2432 230 2493 aiebat.¹
246 2457 281 2496 m.
300 2438 337 2495 t:
355 2438 466 2498 traebat.

82 2523 109 2583 d.
135 2543 201 2579 cum
214 2526 245 2580 in
254 2525 373 2581 laeuum
385 2546 521 2584 cornum.-
538 2525 577 2600 Μ]

114 2598 195 2666 'cum
218 2613 246 2666 in
273 2611 377 2670 laevum
401 2635 486 2671 cornu
510 2615 578 2684 (Ptz

23 2767 29 2777 .,
68 2726 72 2737 =
132 2697 192 2756 scil.
209 2697 399 2761 Romanorum.
418 2700 473 2761 *ct
492 2705 518 2769 3,
536 2705 579 2761 b‘l.

134 2789 178 2844 70.
198 2784 230 2845 al.
249 2819 283 2830 -
306 2786 381 2847 Pm.
399 2781 426 2847 l.
443 2785 523 2846 Mra.
539 2793 580 2847 -1.:

134 2872 234 2934 laeum.
257 2903 291 2915 ··-
314 2871 393 2932 Leid.
411 2893 428 2934 1.
447 2873 496 2928 al:
521 2892 581 2930 eum

135 2981 202 3020 eum
220 2963 248 3017 in
266 2959 370 3016 laevum
390 2981 413 3035 c.

82 3051 109 3108 ὅ.
134 3069 200 3105 cum
212 3057 294 3106 acuto
310 3043 460 3125 pedestri:
477 3047 535 3108 ΡΜ.
546 3079 581 3092 ·-

74 3132 80 3141 “
137 3135 165 3192 Μ
182 3157 217 3194 m.
232 3136 275 3195 2:
294 3135 432 3212 pedester.
541 3181 546 3186 ,

91 3225 119 3283 7.
147 3224 207 3278 iem
224 3225 367 3282 inclinata
384 3244 434 3280 rea
453 3232 532 3280 eret.-
555 3221 583 3278 Μ

138 3329 175 3367 m.
193 3312 219 3368 3.
230 3309 261 3367 P.
279 3309 306 3369 h.
326 3331 349 3368 e.
367 3313 419 3366 iam
437 3310 582 3368 inclinaba-

94 3396 98 3405 '
140 3397 581 3462 turbastiumaoiea.-lllm.l.=
636 3403 641 3425 ’

140 3484 328 3552 rea†ratsed.
436 3530 438 3534 .

32 3598 41 3608 ·
85 3575 113 3632 8.
141 3578 170 3627 et
175 3567 261 3647 fuga
270 3571 519 3646 inpediebat(scil.
530 3571 586 3628 Ro·

140 3662 267 3728 manos):
285 3657 333 3714 ΡΜ
351 3660 410 3718 cod.
428 3660 515 3719 Rben.
534 3659 585 3731 al]

30 3800 33 3806 ,
141 3755 170 3801 et
185 3745 246 3820 luga
259 3744 455 3820 impediebatur
467 3746 556 3818 (Harl.
569 3765 587 3805 1.

141 3831 219 3892 Laid.
229 3837 271 3904 1.).
290 3833 381 3891 Simili
394 3853 484 3890 errore
495 3835 523 3891 in
536 3835 587 3890 eia·

142 3920 205 3976 dem
226 3919 301 3981 Harl.
321 3941 338 3980 r.
363 3919 440 3979 Leid.
461 3942 479 3980 1.
506 3921 587 4000 paulo

57 4066 60 4073 ,
133 4020 206 4098 ⁸ante
223 4012 352 4089 scriptum
376 4017 433 4064 erat
443 4008 589 4081 feruntur·

128 4095 319 4170 proferunt,
337 4099 434 4165 etta.
446 4093 588 4156 lebaldi.

642 1886 647 1895 ,
664 1846 668 1863 =
718 1824 839 1883 deretur
855 1824 1006 1904 proderet.
1025 1827 1069 1889 Gi.
1081 1831 1107 1899 5,
1120 1832 1163 1891 40.

718 1921 830 1980 „cetera
853 1915 924 1970 inter
947 1935 977 1971 aa
1000 1935 1082 1973 onere
1102 1936 1164 1994 par-

660 2078 677 2091 !
718 2000 769 2054 tite
776 1998 916 2068 ferunt“.
935 2002 968 2061 al.
980 2035 1014 2046 --
1026 2002 1088 2059 PM:
1112 2007 1163 2059 im·

720 2086 773 2141 ber
780 2095 891 2142 certam
902 2091 999 2167 raugia
1012 2092 1165 2159 uictoriam

722 2176 964 2246 quamproelium
977 2177 1102 2235 diremit.
1120 2175 1164 2237 cf.
1191 2166 1196 2173 ¹

720 2261 753 2326 6,
771 2260 829 2319 82:
860 2269 887 2315 et
908 2269 938 2317 ut
960 2264 1080 2321 nondum
1097 2266 1165 2322 satta

719 2343 818 2402 claram
836 2349 976 2407 victoriam
994 2353 1038 2407 eie'
1052 2371 1164 2428 prospe·

593 2485 596 2491 .
718 2450 765 2487 rae
778 2436 838 2511 spei
849 2456 965 2512 pugnam
976 2439 1062 2495 imber
1072 2441 1164 2513 ingen·
1283 2468 1286 2473 ·

722 2523 796 2580 tibus
815 2523 940 2599 procellis
958 2525 1033 2582 fusus
1047 2524 1165 2586 diremit.

720 2614 809 2681 7,33.:
820 2631 869 2667 nec
876 2613 1071 2689 superluiaaent
1079 2613 1166 2681 multi,

720 2702 749 2756 nl
767 2719 823 2755 nox
834 2700 975 2757 victoriam
992 2703 1077 2775 magia
1087 2720 1167 2777 quam

720 2785 853 2863 proelium
872 2784 1032 2845 diremisset.
1050 2786 1084 2845 al.

653 2875 697 2932 ll.
725 2893 788 2928 noce
815 2874 949 2927 insecuta
976 2873 1083 2946 quietis
1109 2873 1169 2929 lib·
1245 2892 1248 2896 ·

723 2959 821 3015 martie
831 2957 959 3033 perfecit
970 2959 1092 3037 bellum:
1110 2957 1169 3018 ΡΜ.

722 3074 759 3088 ·-
780 3043 857 3101 Leid.
879 3064 897 3104 1.
925 3053 1054 3106 etrecc.
1076 3044 1169 3106 cedda

722 3134 831 3213 perlicit
849 3132 955 3192 bellum.
968 3164 1002 3175 -
1020 3131 1084 3191 Plll:
1101 3135 1168 3190 reli·
1214 3141 1219 3149 '

723 3223 778 3277 ctis
796 3221 923 3277 uolacia:
950 3220 1085 3299 pauloque
1107 3222 1173 3305 po}

724 3310 822 3365 uelaci
838 3308 894 3367 ubi.
907 3339 941 3348 ·-
960 3306 998 3363 P:
1018 3328 1051 3363 ae
1070 3308 1170 3363 deser-

724 3405 772 3453 tor
782 3394 820 3450 ab
829 3396 872 3450 eis
883 3394 985 3449 uidere
996 3395 1171 3469 quoeprimo

726 3481 918 3539 camilluaeet.
930 3479 1171 3554 Quaeinccntinua

728 3570 851 3626 eratione
866 3567 1028 3637 exciderant,
1048 3567 1173 3645 leguntur

728 3660 756 3714 in
767 3657 884 3728 margine
894 3657 946 3728 sic:
957 3697 973 3725 „
981 3676 1094 3734 quorum
1103 3656 1175 3715 litle-¹
1227 3711 1232 3715 .

729 3747 769 3800 cia
792 3741 984 3800 rebellauerant
1007 3743 1108 3801 relictis
1131 3765 1173 3802 ca·

729 3833 793 3887 stria
809 3833 950 3889 moenibus
962 3835 1069 3890 satricia
1086 3853 1115 3889 ae
1133 3835 1174 3888 in·
1233 3899 1237 3906 1

731 3918 872 3981 cludunt“.
897 3952 931 3963 -
960 3919 989 3978 Μ
1010 3942 1047 3979 m.
1071 3923 1096 3978 1.
1114 3921 1176 3982 aad.

730 4005 999 4067 memoratam
1014 3996 1127 4066 Sairiei
1141 4031 1176 4068 ee
1276 4080 1279 4087 .

731 4095 894 4155 includunt.
911 4094 940 4154 Μ
952 4115 988 4159 mr
1005 4096 1047 4157 &a
1064 4095 1177 4158 Satrici.
