2618 4590
154 233 219 304 ⁴18
614 238 723 299 HBRR
739 237 786 299 ut

144 436 225 504 »que
248 411 296 478 dis
322 407 409 476 cordi
437 404 496 495 fuit
517 402 619 494 subigi
648 425 707 468 nos
730 400 770 466 ad
797 395 1019 465 necessitatem
1049 387 1199 458 dedendi
1219 409 1256 453 res

160 541 244 608 quae
267 515 307 585 ab
330 512 422 580 nobis
452 534 492 577 ex
520 508 649 575 foedere
677 505 828 596 repetitae
851 504 991 580 fuerant,
1018 497 1046 562 is
1076 518 1152 561 non
1175 491 1257 559 fune

161 618 249 688 cordi
270 630 336 686 tam
365 615 502 705 superbe
531 614 571 680 ab
594 611 751 678 Romania
771 607 909 677 foederis
936 600 1164 692 expiationem
1189 619 1257 688 spre

165 734 241 791 tam.
280 723 356 812 quid
379 721 464 788 enim
486 719 567 785 ultra
595 714 663 784 fieri
689 715 729 781 ad
756 713 929 803 placandos
958 709 1036 775 deos
1062 702 1256 795 mitigandos

38 844 45 883 ²
134 832 229 919 itque
251 827 397 894 homiues
420 824 523 915 potuit
546 845 643 913 quam
667 818 755 909 quod
777 840 836 883 nos
859 814 1011 882 fecimus?
1047 834 1105 878 res
1128 807 1257 876 hostien

163 932 197 1000 in
218 932 335 1022 praeda
358 942 467 1020 captas
490 951 573 1018 quae
596 924 672 991 belli
693 924 760 991 iure
782 932 909 988 nostrae
932 918 1126 985 videbantur
1155 909 1257 981 remisi

163 1058 246 1119 mus,
268 1046 414 1102 auctores
435 1033 512 1103 belli
535 1029 611 1121 quia
628 1028 719 1095 vivos
740 1050 808 1095 nou
823 1023 985 1115 potuimus
1000 1021 1197 1112 perfunctos
1211 1017 1259 1083 ian

166 1140 233 1208 tato
256 1138 441 1217 dedidimus,
462 1137 548 1203 bona
571 1157 698 1215 eorum,
723 1156 764 1199 ne
787 1130 928 1221 quidex
950 1126 1146 1217 contagione
1170 1142 1259 1190 noxae

167 1254 347 1311 remaneret
373 1264 473 1332 penes
501 1265 576 1324 nos,
602 1240 741 1306 Romam
767 1232 964 1327 portavimus
986 1256 1045 1296 -r
1084 1229 1168 1321 quid
1193 1227 1260 1294 ultre

122 1348 224 1415 10tibi
244 1347 398 1430 Romane,
420 1344 497 1435 qnid
519 1344 640 1423 foederi
662 1343 739 1436 quid
761 1342 819 1410 diis
842 1337 965 1406 arbitris
983 1334 1126 1404 foederis
1149 1329 1262 1405 debeo?

169 1475 269 1544 quem
290 1449 347 1517 tibi
369 1462 495 1519 tuamm
517 1449 635 1517 irarum
657 1472 755 1539 quem
776 1468 923 1514 meorum
942 1439 1180 1532 suppliciomm
1199 1435 1262 1504 indi

170 1554 244 1625 cern
265 1554 381 1637 seram,
408 1554 569 1622 nemincm
591 1577 697 1644 neque
724 1552 882 1645 populum
908 1570 1016 1637 neque
1043 1543 1208 1636 privatum
1227 1540 1263 1606 tu·

826 1745 861 1782 m.
881 1726 921 1780 3.:
940 1720 1006 1798 quid
1021 1716 1235 1778 ultra—dim.
1247 1718 1265 1772 1.
1306 1726 1308 1737 '

825 1813 860 1869 P:
879 1806 945 1889 quid
963 1808 1017 1866 diis
1035 1808 1166 1866 arbitriis.
1195 1805 1221 1861 Μ
1237 1823 1266 1861 n.

826 1901 867 1959 Ἅι
885 1898 1001 1955 arbitris.
1019 1926 1055 1938 —
1075 1895 1112 1951 P:
1132 1891 1269 1964 „foederis

826 1987 1007 2066 expiationem
1024 1982 1145 2042 debeo“.
1162 1981 1214 2038 sed
1226 2000 1269 2037 ec·

186 1731 212 1837 P.
239 1730 373 1874 punxi
395 1730 685 1874 nobismaexpssredere

243 1816 481 1964 :pobiptgtf
484 1904 523 1962 Μ
541 1925 575 1962 ex
586 1819 685 1961 fidili:

188 1991 271 2051 -··.r⁰s
292 2011 352 2048 nors
366 1991 473 2063 fuisse
494 1993 594 2049 cordi.-
617 1989 684 2063 PM]

210 2132 215 2155 ‚
238 2079 276 2141 iis
293 2097 347 2135 uon
370 2081 454 2137 luisse
476 2080 561 2140 cordi.
598 2078 641 2139 Cf.
660 2081 686 2145 4,

241 2164 300 2223 tu:
319 2187 353 2223 ex
370 2169 402 2228 is.
421 2166 454 2226 al.
472 2200 506 2210 —
525 2167 687 2224 dlzcordit

241 2253 327 2328 supbe
340 2254 372 2309 ab
383 2257 501 2311 romanis
514 2255 629 2310 foederis
642 2273 686 2310 ex·

824 2078 1000 2151 picticum,
1020 2093 1100 2160 'quae
1119 2091 1185 2129 ,vox
1214 2077 1269 2126 octo

827 2163 950 2220 versibus
973 2168 1034 2216 ante
1057 2158 1171 2235 legitur,
1197 2157 1270 2214 indu·

829 2259 900 2306 ctum
919 2258 969 2307 cet.

241 2340 387 2416 piatiouehr
415 2350 540 2416 spretam.
580 2362 615 2398 m.
645 2343 686 2401 2:
759 2339 803 2396 11.
831 2355 918 2414 quem
940 2338 1136 2393 tietmarum
1161 2337 1272 2392 irarum

245 2424 322 2481 cordi
341 2426 426 2503 aupbe
443 2435 494 2485 cet.

191 2514 218 2571 6.
246 2532 324 2586 quae
341 2514 413 2570 belli
429 2513 494 2569 iure
507 2522 629 2570 nostrae
646 2515 687 2571 ui-

244 2599 405 2671 debantur:
423 2599 457 2659 Μ.
475 2632 508 2641 -
527 2600 562 2656 P:
581 2600 688 2657 uidean-

243 2695 297 2746 tur.
322 2716 357 2728 -
382 2685 425 2743 Με
454 2690 620 2756 „remisimis
637 2710 688 2746 au-

218 2781 342 2833 ·otorcs
370 2774 444 2833 betti
470 2777 535 2854 iurp
548 2779 554 2846 1
569 2787 690 2834 poenae

182 2878 187 2887 ’
245 2860 424 2919 uidebantur
440 2866 608 2922 remisimus
622 2868 629 2938 Ι
644 2886 689 2922 an·

243 2956 332 3003 stores
354 2949 419 3006 hetti
442 2953 503 3026 quia
528 2955 607 3008 uiuos
633 2973 689 3009 non

132 3055 152 3131 ·“
217 3068 220 3083 ι
244 3037 382 3111 potuimus
394 3038 615 3112 perfunctoriam
633 3041 688 3097 iato

244 3120 377 3178 edidirnns
404 3123 474 3178 bona
496 3144 590 3181 eorum
611 3128 690 3185 donc

218 3234 221 3239 ·
244 3227 348 3266 eorum
365 3229 399 3266 ne
411 3209 477 3286 quid
489 3231 522 3267 cx
531 3215 689 3288 contagione

182 3316 199 3348 .‹
210 3324 214 3335 ν
225 3324 229 3331 ·
244 3313 334 3361 auae
344 3307 492 3353 remaneret
503 3318 603 3376 paenae
615 3307 689 3358 nos“

184 3404 188 3412 ¹
245 3393 295 3440 cet.
323 3384 372 3440 aed
389 3394 502 3464 utroque
519 3385 594 3458 loco,
620 3409 689 3465 quaa

245 3469 327 3527 rerba
345 3472 431 3529 media
450 3473 518 3530 male
529 3477 571 3534 bie
587 3479 687 3556 scripte

185 3590 191 3598 ·
224 3567 333 3625 'erunt⁹
358 3578 395 3619 nr.
412 3562 444 3645 3.
461 3553 593 3640 expuncta
615 3574 687 3625 sant.

244 3673 279 3687 -
306 3644 329 3703 P
350 3643 426 3720 Laid.
445 3667 465 3708 ι.
485 3649 552 3710 [ror.
574 3655 600 3711 t.
625 3652 688 3713 cod.

242 3728 351 3794 nott:
362 3734 524 3798 dedidimus.
532 3736 598 3798 Pali.
607 3737 686 3800 Vara.

242 3839 270 3880 u.
286 3820 358 3881 reli:
376 3822 508 3885 dedimus.

189 3908 217 3964 9.
244 3910 603 3984 quidnitratr'biramorre
612 3914 688 3989 quid

235 3995 376 4065 foederi:
392 3999 424 4060 P.
444 4034 477 4047 -
494 3999 534 4059 M:
553 4003 599 4080 qui
616 4001 685 4058 ultra

241 4081 292 4138 tibi
322 4102 447 4144 romanae
477 4088 542 4159 quid
573 4088 684 4146 foederi.

830 2443 916 2500 quem
922 2443 1054 2481 meorum
1063 2425 1272 2499 suppliciorum

829 2512 1064 2583 iudicemferom
1073 2513 1218 2569 nemirrem
1226 2530 1273 2566 ne·

830 2621 888 2675 que
903 2602 1046 2675 populum
1063 2619 1159 2676 neque
1174 2599 1273 2672 priua·

830 2697 893 2744 tum
902 2687 1012 2765 fugio.-
1029 2682 1087 2743 ΡΜ
1104 2683 1225 2743 -·Lov.
1235 2689 1272 2742 ts

805 2772 808 2779 ’
830 2795 910 2853 quem
932 2783 1103 2831 poenorum
1127 2771 1273 2849 supplicio-

829 2883 898 2922 rum.
910 2893 945 2905 -
957 2860 1024 2921 Pall.
1036 2860 1113 2919 Voss.
1124 2879 1152 2918 u.
1166 2859 1236 2917 [ιον.
1248 2862 1273 2917 4.

829 2950 960 3027 multique
993 2949 1037 3006 aiii
1069 2966 1138 3005 rece.
1175 2947 1274 3003 codd:

830 3040 986 3107 „neminem
1012 3052 1095 3112 neque
1122 3034 1275 3109 publicum

828 3146 916 3203 neque
933 3128 1067 3204 priuatum
1078 3121 1184 3196 iugio“.
1202 3123 1237 3182 ef.
1247 3125 1274 3190 8,

831 3213 887 3268 230:
907 3233 967 3269 cum
984 3230 1110 3269 romanus
1121 3208 1226 3284 legatus
1241 3206 1273 3265 ad

830 3298 1034 3379 disceptandum
1060 3317 1108 3354 eos
1135 3297 1180 3353 ad
1200 3316 1273 3352 eom·

829 3407 933 3445 murres
954 3389 1052 3444 socios
1070 3396 1152 3462 atque
1175 3387 1274 3440 amicos

829 3486 938 3532 vocaret
957 3484 1007 3532 cet.
1037 3476 1068 3542 ³,
1086 3476 1147 3532 71.2
1169 3471 1272 3530 Aricini

828 3575 908 3641 atque
930 3562 1061 3618 Ardeates
1088 3559 1123 3616 de
1151 3561 1272 3636 ambiguo

828 3671 892 3726 agro
910 3670 969 3707 cum
987 3667 1068 3725 saepe
1085 3646 1158 3704 bello
1176 3657 1273 3704 certas·

827 3748 902 3807 sent,
925 3738 1016 3795 multis
1033 3739 1063 3791 in
1081 3737 1170 3793 vicem
1193 3733 1271 3791 eladi·

826 3827 878 3884 bus
900 3826 964 3882 sesai
986 3823 1112 3880 iudicem
1132 3824 1273 3899 populum

826 3931 982 3971 romanum
998 3931 1110 3986 cepere.
1129 3911 1163 3970 al.
1176 3942 1211 3953 -
1229 3908 1271 3966 Cf.

827 4001 853 4070 3,
871 3994 929 4057 id:
951 3998 1029 4055 multi
1049 4000 1176 4075 privatim
1187 3997 1271 4071 fere·

824 4087 896 4146 tom
912 4084 1021 4146 Volscio
1039 4087 1173 4148 iudicem.
