2618 4590
175 282 218 348 9s
646 294 753 355 nrum
770 295 814 355 u.
867 370 873 385 s

174 456 206 522 id
217 457 315 524 modo
330 471 474 528 extremo
491 482 575 527 annu
590 459 817 527 tumultuatum
831 458 920 548 quod
938 455 1276 525 Praerrestiu'rroneita-

173 562 213 629 tis
230 561 415 631 Latinomm
437 564 567 656 pupulis
589 564 792 631 rebellarunt.
827 565 942 631 eodem
965 584 1048 628 anno
1063 561 1185 628 Setiam
1199 561 1274 653 ipsis

174 669 379 756 querentibus
406 671 573 762 penuriam
599 670 767 737 bominum
793 668 869 735 novi
897 667 1003 735 coloni
1032 666 1195 757 adscripti:
1228 690 1275 734 re

174 772 299 864 busque
321 772 408 840 haud
429 772 588 866 pmsperis
610 773 697 841 bello
720 774 894 841 domestica
925 773 1029 863 quies,
1059 794 1156 861 quam
1177 771 1274 873 tribu-

138 883 287 944 5norum
309 879 445 945 militum
467 902 510 946 ex
532 878 627 969 plebe
649 880 748 970 gratia
774 879 988 971 maiestasque
1016 878 1097 943 inter
1119 900 1195 943 suos
1219 876 1273 943 ob

134 964 137 969 ¹
172 980 273 1065 tinuit,
296 984 445 1050 solatium
466 983 534 1050 tuit.

260 1087 380 1154 XXXI.
426 1087 624 1179 lrrsequentis
647 1089 718 1154 anni
740 1088 891 1179 principia
920 1087 1026 1153 statim
1054 1086 1207 1154 seditione
1230 1086 1272 1152 in-

171 1191 258 1280 genti
280 1214 385 1257 arsere
407 1191 541 1259 tribunis
569 1192 706 1259 militum
735 1191 892 1260 consulari
916 1202 1075 1283 potestate
1097 1190 1154 1282 Sp.
1176 1191 1272 1258 Furio

172 1295 213 1380 Q.
236 1293 371 1362 Seriilio
397 1294 513 1363 iterum
534 1296 571 1364 L.
599 1298 750 1366 lllenenio
779 1297 907 1365 tertium
928 1297 965 1364 P.
988 1295 1111 1363 Cloelio
1139 1296 1186 1367 M.
1208 1296 1273 1363 Ho-

828 1535 906 1582 vere,
924 1515 1052 1572 tumultus
1070 1517 1142 1571 enim
1160 1515 1211 1571 lult
1228 1535 1272 1572 ve·

827 1605 883 1658 rius
901 1622 981 1680 quam
998 1603 1105 1661 bellum.

172 1544 175 1549 ·
217 1516 318 1589 peret
335 1515 364 1571 in
387 1515 577 1590 integrioribus
599 1486 685 1575 libris.

240 1599 345 1657 Eodem
362 1603 522 1660 emendundi
539 1604 629 1660 studio
647 1604 661 1661 l
675 1638 686 1648 -

238 1697 310 1745 dum
329 1698 375 1767 m
396 1699 427 1747 αι
450 1692 479 1746 ἰ“
502 1710 534 1746 ⁶⁰
561 1690 631 1748 libm
653 1711 687 1748 ⁰¹
774 1735 800 1791 2.
827 1734 931 1790 eodem
963 1755 1041 1791 anno
1072 1733 1203 1795 Setiam:
1239 1755 1271 1791 ex

239 1794 293 1852 quo
311 1774 424 1834 'Harl'n
448 1777 560 1833 haustus
587 1789 629 1833 est
651 1809 685 1819 -

238 1882 300 1918 nam
328 1863 361 1918 ab
389 1861 525 1920 Harleiaui
548 1884 566 1923 1.
596 1865 684 1922 scriba

238 1949 305 2005 baec
331 1951 482 2008 emendatio
513 1963 625 2030 propter
653 1973 684 2009 es

238 2056 307 2113 quae
325 2037 352 2096 b.
370 2038 388 2097 l.
407 2037 575 2116 neglegenter
599 2042 632 2096 ab
650 2061 683 2096 eo

140 2185 146 2207 Ι
234 2127 424 2197 praetermissa
448 2139 538 2196 erant,
564 2128 683 2206 prefectu

238 2217 683 2288 mmmmm-mmm

237 2315 288 2370 pra
300 2297 419 2367 fuisset
442 2300 605 2355 scriberetur
616 2300 684 2372 fuit

237 2383 296 2437 aeti
306 2382 340 2437 td
350 2384 449 2451 modo,
460 2400 619 2464 quamquam
629 2388 686 2444 scd

238 2469 336 2524 rationi
361 2469 415 2526 loci
439 2471 603 2534 adversatur.
639 2475 683 2533 Cl.

237 2555 268 2621 2,
286 2556 343 2614 su:
367 2577 460 2632 „quae
482 2560 557 2627 (scil.
580 2560 682 2619 discor·

237 2638 281 2696 dia
289 2644 300 2711 )
308 2644 431 2720 prolecto
442 2655 510 2702 orta
518 2657 605 2718 esset,
615 2650 682 2706 adeo

235 2728 337 2786 tribuni
362 2723 415 2788 iam
437 2732 557 2808 ferocem
578 2757 628 2814 per
652 2758 682 2794 se

234 2813 341 2892 plebem
359 2819 536 2896 instigabant:
564 2824 622 2881 red
637 2846 681 2883 ex·

234 2910 326 2960 ternus
344 2908 577 2988 timorsuspeetos
595 2913 681 2969 inlen-

114 3040 121 3047 ,
234 3007 335 3066 sosque
353 2994 423 3051 iuter
441 3017 471 3052 ss
488 2999 615 3073 iungebat
626 3002 681 3056 aui·

236 3082 332 3133 mos“:
350 3079 378 3137 hj
391 3098 414 3138 e.
432 3084 507 3148 „nisi
520 3086 681 3147 iunxisset“.

202 3203 208 3218 .
237 3161 272 3216 id
288 3164 376 3220 medo
395 3175 620 3248 estremsanno
638 3183 682 3230 tu·

236 3250 432 3311 multuatum:
450 3252 501 3311 ΡΜ
507 3255 616 3324 :'‚‚Nur
633 3259 682 3316 das

172 3383 181 3394 .
208 3364 212 3373 =
234 3336 400 3396 veranlasste
426 3330 508 3416 gagen
533 3343 582 3400 das
604 3344 682 3403 Ende

235 3422 283 3479 des
301 3424 396 3483 dabres
416 3446 453 3484 zu
476 3418 680 3504 Gegeuvarleb-

234 3528 351 3585 rungen,
378 3515 443 3570 dass
467 3515 512 3572 die
529 3517 606 3580 Prt'n.
626 3542 680 3578 vsu

234 3594 337 3659 Neuern
347 3601 391 3656 (lie
402 3598 510 3659 Wsilen
520 3604 645 3682 ergriffen
652 3614 677 3668 “.

238 3679 281 3742 Ol.
294 3687 338 3754 at,
352 3691 406 3744 16.:
422 3689 528 3766 Illyrios
540 3692 681 3763 lacessisse

234 3772 318 3846 magis
346 3794 425 3850 quam
451 3783 604 3839 exercuisse
626 3783 680 3840 Ro-

233 3875 311 3914 mana
330 3874 411 3933 arma,
429 3875 455 3921 et
466 3886 526 3923 eum
540 3869 624 3926 Gallis
640 3881 680 3927 tu·

232 3943 390 4006 mulluatum
403 3955 492 4013 verius
506 3975 585 4031 quam
603 3958 678 4013 belli-

230 4041 359 4105 geratum.
389 4041 415 4105 2,
434 4041 491 4098 bb:
514 4043 677 4108 „confestim

229 4127 257 4172 et
284 4118 379 4178 Sabini
407 4120 543 4183 Romanos
571 4133 676 4185 tenita-

768 1878 772 1887 ,
828 1823 898 1879 roni.
925 1821 1029 1897 Siguui.
1063 1822 1138 1879 ldem
1168 1826 1197 1879 in
1224 1821 1271 1879 Pb

825 1912 1007 1986 repperimus,
1043 1912 1270 1991 quamquamflibi

825 1999 956 2074 seriptum
978 2007 1021 2053 est
1047 1999 1151 2055 eodem
1174 2018 1271 2065 aranos

825 2087 922 2143 dium.
951 2087 980 2140 in
999 2084 1020 2153 Ρ
1039 2084 1101 2155 dein
1119 2108 1135 2142 s
1154 2084 1271 2143 deletum

825 2179 875 2238 est,
894 2181 973 2248 atque
990 2171 1056 2228 illud
1069 2174 1173 2229 eodem
1191 2195 1270 2230 anno

824 2259 1079 2319 etiaminllerl.1
1105 2258 1182 2320 Leid.
1195 2281 1212 2319 1.
1230 2267 1270 2318 in·

825 2353 875 2401 est.
910 2346 938 2402 in
960 2346 1094 2424 plerisque
1111 2369 1176 2405 vere
1200 2370 1269 2408 rece.

826 2431 905 2492 codd.
935 2437 1064 2510 scriptum
1094 2443 1135 2491 est
1165 2437 1270 2492 eodem

824 2539 903 2575 anno
923 2523 995 2596 ipsis
1013 2526 1102 2587 etium
1124 2525 1270 2600 querenti·

823 2607 879 2664 bus
898 2619 947 2668 cet
966 2610 1059 2667 —'lll:
1078 2613 1143 2667 noui
1160 2609 1272 2673 calonia

823 2693 958 2774 adscripti
976 2698 1109 2774 rebusque
1120 2697 1193 2771 baud
1205 2719 1269 2775 pro·

821 2785 904 2859 peris.
935 2782 970 2839 P:
993 2785 1125 2862 rebusque
1143 2795 1190 2843 aut
1206 2806 1268 2864 pra-

823 2873 919 2946 speris.
938 2903 972 2913 -—
991 2871 1031 2928 lll:
1050 2871 1180 2931 solacium
1197 2873 1256 2933 tuit.

770 3000 796 3058 9.
825 2998 860 3075 Q.
879 3002 1010 3060 Seruilio
1033 3005 1139 3060 iterum
1155 3004 1190 3065 L.
1209 3007 1269 3063 Me-

823 3090 909 3144 nenio
936 3092 1071 3164 tertium]
1093 3092 1268 3166 Q.·Serviliu

824 3176 972 3234 seeundum
1008 3176 1040 3237 C.
1076 3179 1183 3236 Licinio
1220 3188 1269 3251 (ex

824 3265 894 3323 coni.
913 3264 1008 3340 Sigoni
1025 3267 1172 3325 seeundum
1185 3268 1269 3328 Diod.

824 3352 867 3417 15,
887 3353 954 3422 52).
973 3353 1098 3409 Devaee
1115 3357 1268 3416 deremet.
1296 3358 1300 3373 ’

759 3456 779 3463 ’·
821 3437 849 3503 6,
865 3439 919 3493 1s.:
935 3438 1131 3507 „Cincinnatus
1145 3445 1267 3502 iterum“.

743 3588 745 3593 Α
783 3542 788 3549 ’
822 3520 886 3578 Plllt
909 3533 937 3603 ᾅ.
964 3530 1087 3584 sensiliu
1105 3529 1156 3587 11.'
1183 3529 1268 3585 Tertii

823 3612 923 3668 tribuni
946 3635 1043 3671 nomen
1062 3636 1095 3670 ex
1113 3625 1168 3693 upt
1192 3615 1269 3674 libris

822 3696 942 3758 Liuianis
961 3713 988 3758 et
1006 3701 1093 3782 Capit.
1114 3705 1167 3764 tub.
1191 3707 1267 3762 resti-

823 3789 930 3848 tuimus.
966 3793 995 3847 in
1013 3791 1035 3847 P
1058 3793 1266 3868 scriptumest:

792 3880 795 3887 '
821 3875 920 3931 licinia
939 3883 1100 3940 mommio.
1111 3895 1171 3938 111.
1188 3882 1217 3936 lu
1229 3879 1267 3935 lll:

820 3961 929 4020 lucinio
948 3969 1092 4026 menenio.
1110 3982 1170 4026 111.
1189 3966 1268 4033 Cib,
1290 4034 1293 4039 ι

782 4060 784 4065 “
820 4049 929 4128 27.'ubi
948 4051 1095 4133 desudem
1118 4055 1219 4112 mendo
1238 4056 1269 4111 li·
1291 4126 1295 4132 ἱ

819 4135 969 4193 brariurum
987 4136 1091 4196 dictum
1112 4151 1204 4233 ests·-
