2818 4728
539 333 701 422 marna.
782 330 787 354 ‘
921 307 925 324 ¹
1018 359 1020 366 ·
1107 343 1170 412 637
1289 391 1291 398 ι

69 525 118 592 nis
140 533 322 618 exponuntz
346 526 453 594 omnia
476 537 628 617 expertos
650 549 737 610 esse,
762 525 789 593 si
811 524 945 594 suismet
963 523 1107 614 ipsomm
1128 522 1171 589 vi-

67 631 154 697 ribus
177 632 314 700 tolerare
336 643 458 701 tantam
479 631 601 698 molem
623 629 700 697 belli
722 641 863 721 possent,
885 640 1059 720 temptasse
1075 628 1172 695 etiarn

65 733 153 802 haud
175 738 281 828 magni
303 735 459 805 momenti
485 735 689 802 finitimarum
716 735 858 826 gentium
886 733 1016 802 auxilia:
1051 732 1170 824 petisse

65 859 182 928 P³⁰⁰¹¹¹
211 866 229 906 ³
258 841 381 932 P⁰P1¹l⁰
402 842 565 923 R⁰¹¹¹³110‚
595 863 673 908 cum
699 839 985 908 bellum'tolerare
1009 861 1076 904 non
1097 859 1170 928 pos·
1239 853 1241 858 ’
1288 855 1289 862 “

64 955 152 1011 sent:
184 945 372 1030 rebellasse,
400 947 490 1038 quod
510 969 576 1036 pax
597 945 806 1013 servientibus
827 945 952 1034 gravior
973 966 1072 1033 quam
1093 943 1170 1010 libe
1180 948 1199 1002 5

62 1047 107 1144 ris
129 1049 253 1116 bellum
275 1062 370 1120 esset.
406 1073 505 1118 unam
527 1048 588 1118 sibi
608 1072 702 1140 spem
723 1049 913 1140 reliquam
903 1073 938 1116 m
958 1047 1100 1168 Etruscis
1122 1071 1170 1114 re-

62 1165 161 1221 stare.
184 1155 265 1222 seire
286 1166 463 1246 gentemt
432 1155 544 1222 ltaliae
567 1153 842 1244 opulentissimam
864 1135 959 1221 armis
976 1151 1052 1220 viris
1073 1176 1169 1242 pecu-

62 1259 116 1324 nia
137 1282 218 1342 esse,
240 1259 359 1328 habere
381 1259 508 1346 accolas
530 1258 671 1328 Gallos
662 1271 745 1328 mter
766 1259 887 1326 ferrum
908 1269 942 1324 et
956 1281 1044 1324 arma
1065 1268 1169 1338 natos,

62 1363 187 1430 feroces
210 1388 285 1431 cum
304 1376 422 1456 suopte
444 1361 570 1466 ingenio
593 1376 664 1432 turn
688 1365 840 1431 adversus
862 1362 1044 1430 Romanum
1067 1385 1167 1451 popu·

61 1465 146 1551 lum,
181 1491 278 1559 quem
305 1479 436 1558 captum
462 1495 482 1537 a
511 1493 547 1538 se
575 1492 719 1558 auroque
746 1468 949 1586 redemptum
977 1467 1063 1534 haud
1085 1487 1167 1534 vana
1180 1473 1216 1528 10

63 1571 217 1639 iactantes
239 1584 436 1641 memorent:
458 1573 537 1641 nihil
560 1573 729 1657 abesse,
705 1598 731 1640 ει
752 1572 793 1640 sit
808 1571 931 1638 animos
947 1570 1090 1640 Etruscis
1111 1569 1168 1661 qui
1288 1657 1290 1664 y

60 1677 234 1744 Porsinnae
256 1677 421 1768 quondam
442 1679 681 1769 maioribusque
704 1701 815 1746 eorum
834 1677 938 1768 luerit,
960 1676 1037 1768 quin
1050 1674 1167 1743 Roma-

60 1805 122 1850 nos
144 1781 234 1849 omni
255 1779 333 1872 agro
356 1782 401 1869 eis
424 1782 567 1875 Tiberim
588 1782 701 1874 pulsos
730 1781 880 1850 dimicare
902 1803 961 1870 pro
982 1781 1086 1849 salute
1108 1802 1167 1847 sua
1194 1803 1197 1810 ·

58 1910 125 1953 non
148 1888 187 1954 de
209 1886 409 1956 intolerando
421 1880 539 1956 ‘ltaliae
561 1911 660 1980 regno
677 1897 808 1976 cogantr
828 1885 1008 1954 Samnitem
1028 1884 1091 1952 illis
1111 1901 1166 1952 ex·

74 2033 101 2088 3.
126 2035 239 2109 petisse
258 2053 364 2109 pacem
384 2051 405 2090 a
419 2023 495 2113 Π
510 2047 577 2096 tum

126 2122 239 2179 bellum
266 2123 398 2179 talemne
423 2143 484 2181 non
506 2147 577 2202 pea-

127 2217 196 2264 reni
212 2208 378 2297 cet·².ll·..'’
396 2209 432 2266 P:
450 2244 467 2280 3,
475 2215 577 2289 petisse

129 2311 224 2370 panem
248 2318 261 2352 a
286 2319 313 2372 p.
326 2318 348 2357 r.
375 2298 450 2374 quod
475 2299 576 2358 bellurn

126 2389 164 2434 etc
190 2395 270 2438 unam
305 2384 360 2442 eibi
395 2392 493 2464 spem“
521 2398 577 2448 eet.

127 2465 162 2526 ll.
189 2469 215 2526 2.
245 2471 385 2530 inductum
422 2483 464 2532 est
492 2468 577 2552 quod

125 2557 291 2633 marginique
300 2559 434 2637 adscripta
444 2582 511 2655 quae
519 2583 573 2619 me·

30 2663 34 2671 ·
125 2641 170 2698 (lia
189 2645 218 2699 in
235 2645 338 2720 integra
360 2652 482 2706 aratione
498 2671 575 2728 prae·

124 2730 249 2786 termiasa
267 2742 352 2792 erant.
370 2737 507 2810 antiquior
524 2739 574 2811 igi·

125 2825 171 2871 tur
196 2814 322 2877 librarius
344 2839 399 2876 non
423 2841 491 2878 cum
513 2824 575 2880 bel·

123 2902 187 2958 ium
204 2904 254 2960 sed
273 2905 357 2981 qnod
372 2907 483 2968 bellum
500 2911 573 2967 tole»

126 3007 196 3044 rare
214 2993 275 3050 tion
289 3004 410 3068 possent
432 2997 516 3054 scribi
534 2999 573 3056 ri-

66 3115 75 3128 ,
126 3075 205 3134 detur
222 3079 349 3142 voluisse.

70 3164 98 3221 6.
126 3182 215 3220 unam
238 3165 400 3242 atilionem
422 3173 572 3248 reliquam

124 3252 156 3306 in
177 3253 316 3312 Etruscis
338 3265 468 3315 restore.-
492 3259 513 3314 Ρ
534 3281 571 3320 m.

125 3339 151 3396 2.
169 3337 204 3397 nl.
231 3369 265 3382 -
292 3339 315 3396 Ρ
338 3361 373 3399 m.
398 3347 439 3402 1.ι
466 3364 571 3414 ..unam

122 3424 176 3481 sibi
189 3433 326 3504 espem“:
339 3461 342 3466 >
353 3431 371 3489 i.
392 3451 418 3490 e.
441 3432 485 3490 vel
512 3437 571 3492 sibi

52 3533 55 3545 ·
121 3511 167 3571 vel
184 3513 254 3573 sibe.
274 3515 308 3576 el.
321 3515 435 3592 Quintil.
450 3525 474 3590 1,
488 3525 512 3581 7.
526 3525 569 3582 24.

121 3629 157 3641 -
168 3597 232 3656 Pllr
250 3606 344 3671 „seire
355 3615 461 3680 gentem
478 3608 570 3665 italiae

122 3685 355 3765 opulentissimam
384 3697 467 3752 armis
502 3697 569 3754 uiris

121 3777 235 3850 pecnnia
253 3783 347 3834 eese“:
364 3780 420 3840 te.
438 3801 472 3838 ae
484 3786 569 3844 seire.

122 3859 158 3919 cl.
172 3863 217 3930 30,
229 3863 267 3920 7.:
286 3866 357 3919 scire
374 3866 501 3925 incendio
512 3891 569 3928 non

119 3945 226 4023 proelio
244 3945 348 4008 cladem
372 3963 516 4028 acceptam.
539 3961 566 4026 8,

119 4035 176 4093 15.ι
196 4053 269 4090 arma
281 4037 407 4115 virosque
419 4039 454 4096 ad
467 4041 567 4102 bellurn

118 4119 287 4198 pollicentes.
315 4153 349 4166 -
376 4124 403 4182 tl
426 4147 462 4188 m.
486 4133 511 4190 1.
529 4129 567 4191 P:

119 4219 294 4287 cumauopte
316 4213 509 4290 ingeniatum.
540 4215 567 4276 ll

718 2051 755 2094 m.
773 2035 813 2093 ti:
831 2041 887 2090 tum
906 2041 1011 2112 suopte.
1030 2063 1064 2075 -
1085 2029 1165 2089 illm.

719 2123 745 2177 n.
757 2121 796 2177 Pr
815 2129 871 2176 turn
884 2121 1014 2177 aduersus
1026 2132 1167 2176 romanum

718 2205 858 2285 populum.
872 2205 941 2266 cot
951 2206 1077 2267 Havete:
1090 2217 1166 2276 ..nm

718 2295 847 2352 aduerus
853 2294 984 2373 populum
993 2299 1164 2351 romanum“=

714 2383 768 2440 sed
785 2381 820 2442 el.
836 2384 864 2450 Β,
878 2384 938 2442 aaz
956 2401 1035 2458 aegre
1052 2384 1109 2458 pati
1127 2382 1164 2437 ci·

717 2473 825 2528 vitatem
836 2467 1006 2537 Samnitium,
1018 2467 1092 2547 quod
1100 2467 1122 2526 F
1122 2489 1164 2524 re-

714 2556 799 2634 gellar
817 2589 853 2602 —
870 2559 1019 2615 restituerit
1037 2575 1164 2613 romanus

716 2644 842 2725 populns.
859 2645 893 2704 al.
916 2677 951 2688 ·-
980 2643 1013 2700 ln
1030 2642 1058 2702 Μ
1075 2645 1163 2720 primo

713 2736 845 2810 scriptum
864 2742 922 2788 erat
938 2741 1019 2800 „tum
1033 2731 1163 2787 aduersus

715 2839 843 2876 romanos
865 2817 996 2895 populum
1018 2837 1098 2894 qnam
1120 2837 1163 2873 ea·

715 2914 793 2983 ptum
810 2927 825 2962 a
844 2911 895 2961 se“
914 2914 964 2962 eet.
982 2925 1065 2981 quare
1083 2905 1105 2966 l.
1116 2903 1162 2964 Fr.

717 2992 801 3054 Gron.
815 2992 952 3052 dubitarit
963 3013 996 3050 an
1009 3013 1044 3052 m.
1058 2996 1083 3049 1.
1095 2995 1162 3050 aeri·
1252 3042 1258 3053 .

713 3089 792 3158 ptum
808 3080 891 3138 luerit
908 3079 1061 3149 ‚metuemus
1074 3100 1162 3138 roma·

713 3187 779 3237 nos,
801 3189 881 3248 quem
903 3170 1034 3248 populum
1055 3179 1162 3247 captum

712 3263 813 3318 ase‘t
837 3289 870 3300 -
897 3256 1021 3317 leiti:
1045 3277 1161 3334 querna

709 3364 744 3401 se
759 3353 878 3424 captum.
893 3377 928 3388 -
946 3344 1075 3403 Palinuri
1092 3364 1161 3402 uana

713 3435 843 3492 iactantes
860 3443 1018 3492 mernerunt.

643 3521 686 3581 11.
715 3524 744 3578 ai
761 3524 801 3580 ait
817 3523 935 3580 arimino
952 3521 1093 3578 Etruscis
1107 3520 1162 3596 qui

712 3607 882 3668 Porsinnae
899 3609 1067 3687 quondum.-
1084 3609 1122 3682 P]
1135 3610 1160 3666 si

711 3697 749 3754 sit
767 3698 872 3755 animus
889 3697 927 3768 (P
945 3718 980 3756 m.
997 3700 1024 3757 2.
1039 3697 1083 3768 Μ)
1101 3699 1159 3756 Etr.

711 3784 759 3860 qui
778 3782 934 3842 Porsennae
949 3783 1095 3862 quondam.
1124 3814 1158 3826 -

710 3869 754 3927 m:
767 3873 813 3948 qni
823 3874 938 3949 prinnae
951 3870 1095 3950 quondam.
1113 3868 1157 3930 Cl.

709 3961 737 4027 6,
754 3963 799 4021 to.
818 3962 903 4030 9,11.
922 3991 956 4002 ·-
974 3958 1011 4015 1³2
1028 3959 1136 4018 luerint

639 4046 683 4106 11.
710 4044 876 4106 Samnitem
904 4049 967 4106 illis
996 4047 1157 4104 exercitum

706 4144 849 4210 paratum
870 4137 1046 4194 narrantum
1063 4137 1157 4192 armis

710 4224 859 4298 stipendio
869 4225 989 4284 uenisse
998 4223 1156 4297 confertim
