2618 4590
508 234 625 309 'snm
640 247 689 311 nr
1086 238 1150 309 soa
1253 334 1255 339 Ι

55 404 269 497 dimicandum
291 420 341 477 est
355 410 538 478 oonsulibus
553 408 715 479 Tarentini
728 407 823 501 legati
837 423 1003 481 occursare
1020 418 1150 506 respom

54 538 127 585 sum
149 525 365 605 expectantes,
387 515 504 605 quibus
517 514 661 605 Papirius
682 514 726 583 ait
746 515 909 606 „auspicis
924 519 1065 587 secunda
1078 542 1149 589 esse

53 615 214 687 Tarentini
236 616 391 710 pullarius
416 618 554 690 nuntmts
580 619 705 687 litatum
725 630 851 710 praeter
872 643 911 689 ea
934 632 983 689 est
1009 623 1148 713 egregios
1234 643 1239 663 ·

53 720 234 791 auctoribus
257 723 316 791 diis
337 734 375 792 ut
395 724 507 795 videtis
528 725 570 792 ad
583 747 667 791 rem
693 725 866 814 gerendam
885 725 1148 817 proficiscimur“.

51 828 139 917 signa
167 828 241 895 inde
267 828 351 897 terre
379 829 470 901 iussit
496 839 530 896 ot
557 828 668 919 copies
694 828 804 897 eduxit
828 829 1030 899 vanissirnem
1050 830 1184 907 inere-t

50 955 131 1020 pane
154 944 294 1027 gentem,¹
313 954 397 1022 quae
418 955 549 1001 murum
568 931 718 1023 inpotens
739 956 848 1003 rerum
866 938 944 1027 prae
966 933 1149 1009 domesticis

50 1037 257 1105 seditionibus
279 1032 507 1128 discordiaque
530 1035 599 1105 aliis
620 1037 756 1105 modurn
775 1035 865 1128 pacis
886 1062 924 1105 ao
945 1037 1023 1106 belli
1043 1037 1148 1131 faeere
1227 1100 1230 1127 ,

49 1164 189 1232 aequum
220 1153 376 1210 censeret
411 1140 579 1210 Samnites.
599 1162 641 1211 ex
667 1153 759 1233 perte
787 1141 886 1211 altera
914 1165 990 1210 eum
1017 1154 1149 1214 omnem

120 1319 177 1375 que
187 1319 264 1374 quoe
273 1297 487 1371 adsolenteum
499 1299 563 1359 acie

118 1386 318 1444 dimicandum
335 1393 382 1442 est
391 1387 563 1445 consulibus

121 1474 275 1531 Tarentini
284 1473 379 1551 legati
391 1492 562 1530 occursaret

114 1558 147 1621 Ρ.
166 1592 201 1602 -
223 1560 265 1617 tlt-2
284 1559 424 1634 egentibus
441 1558 562 1636 dininsq.

117 1667 185 1724 quae
209 1644 332 1704 adsolent
355 1665 416 1702 eum
434 1647 504 1702 etiae
520 1645 561 1703 di·
631 1715 635 1721 ι

116 1732 270 1791 mirandum
291 1741 332 1789 est
355 1732 491 1791 eisolibus
508 1742 562 1790 sta-

117 1828 179 1877 rent
200 1822 228 1876 ni
250 1819 330 1895 legati
353 1839 493 1877 occursare
510 1829 561 1879 eet.

117 1904 161 1966 Cl.
173 1905 205 1965 Τ.
217 1905 279 1965 Livi
296 1905 315 1965 l.
333 1925 395 1966 m.
413 1929 440 1984 p.
452 1924 561 1966 xxrv.u.

62 1994 89 2053 2.
117 1995 253 2069 auspicio
269 1995 402 2052 seeundo
418 2015 485 2052 esse
506 1996 561 2052 Ta«

117 2083 226 2138 reatini
249 2082 401 2157 pullarius
428 2081 561 2139 nuntiate

117 2167 174 2228 PM.
199 2167 286 2233 Verba
311 2165 378 2223 haee
400 2166 433 2223 ab
456 2169 500 2228 ait
525 2164 560 2226 a'd

111 2257 263 2331 pullarius
283 2255 471 2334 praetermissa
496 2263 561 2313 sunt

114 2345 143 2400 in
166 2342 243 2402 Leid.
260 2362 278 2401 s.
302 2341 380 2400 llose.
397 2354 425 2405 s.
448 2339 560 2403 Leve

114 2431 148 2490 al.
161 2456 195 2475 e-
210 2430 251 2491 ll:
269 2431 389 2506 aegregie
406 2429 560 2487 auetoribos

115 2519 168 2574 diis
190 2517 318 2574 uiuidetis
341 2516 377 2575 ad
403 2519 558 2593 remiges·

704 1301 784 1356 etiam
802 1300 831 1354 in
848 1295 891 1355 lais
903 1295 1091 1378 similibusque
1107 1294 1148 1381 lsi

705 1384 987 1460 eisotrsquedieendi
1005 1388 1150 1444 radent&
1181 1400 1187 1407 '

635 1488 636 1492 ’
704 1472 811 1529 Livium
832 1491 910 1528 usum
932 1493 992 1530 esse
1012 1473 1146 1533 videmnus

704 1561 735 1627 5,
752 1560 810 1617 ssa
837 1560 955 1616 exercitu
977 1559 1066 1619 diviso
1087 1580 1148 1636 petr

703 1646 752 1701 tim
784 1663 834 1722 per
868 1644 997 1704 finitimos
1031 1646 1148 1727 populos
1173 1702 1177 1709 .

703 1729 827 1808 praedari
848 1730 950 1807 placuit
974 1735 1073 1810 partim
1099 1732 1147 1790 ob·

701 1818 786 1876 sideri
796 1837 893 1879 arcem.
911 1822 955 1888 ts,
967 1822 1025 1876 Tse
1037 1822 1088 1877 nee
1098 1808 1147 1877 tr'o'·

701 1925 752 1964 vos
774 1914 892 1965 statuere
914 1906 983 1966 fines
1004 1905 1054 1965 sed
1073 1904 1146 1965 vele*
1160 1892 1184 1939 .:··
1211 1912 1214 1917 '

702 2010 747 2050 res
769 1993 907 2052 observari
931 1995 960 2051 in
986 1993 1146 2052 animabar

701 2079 775 2139 bere.
793 2077 827 2139 el.
840 2111 874 2122 —
886 2080 926 2138 lllt
943 2081 1145 2148 sedicionibm*

704 2164 768 2224 Plll:
795 2165 855 2224 eliis
881 2168 991 2226 modum
1017 2169 1146 2246 patient

701 2252 765 2310 belli
782 2253 871 2310 lacere
888 2274 986 2331 equum
1004 2261 1134 2336 censeret.

646 2343 675 2400 8.
700 2332 851 2400 Samnites
877 2362 919 2419 eq:
936 2350 1023 2416 porta
1047 2342 1146 2399 alteru

701 2447 768 2485 eum
784 2426 824 2496 (P
841 2448 877 2488 m.
896 2431 934 2488 1.s
956 2433 1007 2496 ori)
1030 2444 1145 2486 omnem
1225 2466 1229 2470 -

699 2534 802 2572 eurem
818 2516 891 2573 delli
906 2515 1104 2574 remisissent:
1122 2512 1145 2571 l’

114 2605 175 2660 dam
192 2604 397 2681 proficiscimur.
424 2603 446 2658 P
464 2623 499 2663 m.
518 2605 558 2660 l.t

116 2691 271 2747 auctoribus
289 2690 343 2745 diis
360 2699 390 2745 nt
406 2688 506 2746 uidetis
523 2689 559 2748 ad

115 2775 257 2851 regendam
268 2776 473 2853 proficiseimur.
489 2775 512 2832 P
522 2795 559 2835 m.

117 2866 158 2922 2:
177 2863 211 2921 ad
228 2861 424 2938 rigerendam„
495 2888 498 2893 ·

61 2954 88 3012 5.
114 2952 204 3030 signa
214 2936 494 3023 indeferreb'ussit:
510 2943 560 3006 ΡΜ

114 3037 194 3097 eodd.
221 3035 280 3097 Gel.
301 3046 448 3114 omnesque
474 3056 560 3114 prope

113 3124 214 3197 Dral.]
237 3126 313 3198 signa
334 3123 399 3181 inde
423 3123 488 3181 ferri
504 3125 560 3182 tus-

113 3213 160 3272 sit.
176 3241 211 3253 ·-
228 3210 292 3270 Non
309 3231 454 3288 numquam
471 3212 507 3267 ita
525 3210 559 3267 ab

116 3299 226 3372 optimis
249 3299 400 3375 quibusque
421 3299 560 3376 scriptori-

115 3385 167 3440 bus
183 3385 315 3461 seriptum
337 3386 452 3441 inveniri
469 3395 559 3441 uteo·

116 3473 264 3529 cusativum
287 3491 397 3529 neeesse
420 3480 492 3527 esset
509 3490 560 3547 pro

115 3556 281 3634 singulorum
307 3558 429 3615 locorum
449 3559 572 3614 rationi*⁴

117 3647 168 3703 bus
190 3643 310 3724 suppleri
331 3655 425 3701 notum
445 3653 495 3704 est.
525 3644 559 3704 el.

117 3753 158 3789 ex.
173 3751 211 3807 gr.
230 3734 279 3801 23,
297 3735 336 3791 5.:
358 3751 484 3800 „morem
505 3751 560 3788 rna·

116 3821 159 3893 gis
180 3822 268 3896 inquit
287 3818 415 3896 loquendi
438 3839 499 3879 eum
515 3839 560 3876 so·

119 3906 169 3960 oiis
195 3908 322 3963 servastis
349 3905 495 3982 Campani,
520 3907 560 3963 iu*

117 3992 211 4047 bootes
234 4011 304 4068 quae
324 4012 393 4071 opus
415 4002 505 4051 essent
525 3993 560 4050 ad

118 4077 217 4137 bellam
229 4081 406 4155 imperore“.
423 4079 560 4140 Interdum

700 2600 1143 2662 mdfflmfflfflfflmm

700 2689 818 2746 alteram.
848 2686 984 2748 Pm.1.s
1012 2689 1144 2744 remissis⁴

699 2783 768 2831 sent.
794 2800 829 2816 --
856 2773 937 2833 Reae.
958 2773 1033 2849 quid.
1050 2773 1144 2832 cedda
1260 2784 1277 2821 '-

700 2859 829 2915 samnites
850 2867 927 2936 parte
954 2859 1043 2919 altera.
1074 2858 1144 2920 Cot.

699 2944 807 3005 Klarios
829 2949 957 3003 samnites
979 2948 1027 3024 qui
1042 2946 1083 3004 ad
1104 2945 1145 3005 tu·

699 3036 799 3091 neriam
822 3041 908 3091 cestra
932 3033 1067 3092 habebant
1083 3053 1145 3093 eum

700 3139 806 3179 omnem
834 3140 924 3179 euram
946 3121 1009 3180 belli
1031 3131 1082 3182 eet.
1095 3146 1167 3205 --s

699 3207 760 3267 PM:
789 3211 872 3286 „quia
897 3220 943 3265 aot
963 3229 1055 3287 paoem
1080 3228 1144 3266 nere
1190 3223 1195 3231 “

702 3297 845 3372 cupiebant
864 3304 910 3351 eut
932 3296 1090 3372 expediebat
1106 3298 1144 3353 si*

700 3380 838 3462 mulatef‘:
859 3381 917 3439 soil.
935 3403 965 3438 se
986 3403 1080 3461 pacem
1098 3376 1163 3440 ons

700 3486 783 3544 pere:
804 3496 839 3512 -
869 3467 949 3527 Pata
979 3472 1143 3530 uoeil'emre:

701 3556 735 3612 el.
754 3560 784 3624 7,
803 3557 847 3612 12.
871 3588 904 3597 -
931 3555 993 3614 PM:
1016 3558 1143 3636 deceptos

700 3644 793 3720 potius
810 3643 999 3721 quodcumque
1011 3664 1087 3702 essue
1105 3646 1143 3702 le‹

700 3740 743 3786 rat
758 3750 898 3807 passuros:
922 3733 1045 3801 „bereit‚
1062 3752 1144 3791 wana
1187 3732 1193 3745 ¹

700 3838 763 3874 man
780 3819 821 3875 sie
837 3817 965 3875 ttuselren
982 3818 1076 3890 welle,
1095 3820 1141 3877 lie·

700 3905 749 3962 ber
771 3905 835 3962 alles
859 3926 917 3962 eros
939 3905 989 3963 das
1009 3907 1143 3966 Gesebiels
1204 3914 1208 3922 '

700 3992 850 4069 verhtngeo
876 3992 973 4050 wttrde
1002 4014 1035 4052 zo
1060 4004 1142 4052 estre·

701 4087 783 4157 gen“.
801 4080 871 4142 Cod.
887 4079 996 4142 Kloek.:
1014 4082 1143 4159 deinceps

878 4171 945 4237 bb*
