2618 4590
522 247 633 306 ιιιιιι
648 245 707 308 vn
1104 229 1170 297 233

66 428 134 475 non
155 408 241 475 urbis
264 411 471 500 amplitudine
493 433 560 477 non
582 410 648 499 agri
674 410 819 476 ubertate
848 409 906 475 ulii
932 409 1054 499 populo
1078 431 1168 500 prae-

66 522 215 603 terquam
229 515 321 582 vobis
344 517 493 582 cedentes
515 514 602 582 haud
623 537 721 603 parva
743 525 780 579 ut
796 511 928 578 arbitror
950 514 1089 581 accessio
1111 512 1168 583 bo·

66 615 116 681 nis
138 616 234 683 rebus
253 620 366 686 vestris
387 621 420 686 in
435 618 606 686 amicitiam
620 618 766 691 venimus
781 628 934 686 vestram:
956 616 1076 708 Aequis
1090 617 1167 686 Vul-

62 719 195 809 seisque
218 725 354 793 aeternis
375 724 520 792 hostibus
535 723 629 791 huius
644 722 742 805 urbis,
765 722 1035 813 quandocumque
1050 746 1085 788 se
1100 745 1168 789 mo·
1261 758 1269 783 .

67 825 181 909 verint,
204 828 244 892 ab
267 839 357 918 tergo
380 827 507 907 erimus,
530 838 564 894 et
586 828 674 917 quod
688 851 748 895 vos
763 853 822 918 pro
838 827 940 893 salute
957 839 1066 894 nostra
1087 826 1203 927 prio-5

66 951 119 994 res
142 931 288 1016 feceritis,
309 932 342 999 id
363 956 423 1000 nos
445 956 504 1023 pro
526 931 660 1022 imperio
676 944 783 1001 vestro
806 945 839 1000 et
855 932 955 1022 gloria
977 955 1104 1023 semper
1125 930 1169 998 ia·

25 1034 27 1041 '
66 1032 205 1102 ciemus:
242 1036 380 1104 subactis
402 1036 453 1103 his
475 1035 621 1127 gentibus
645 1061 728 1127 quae
749 1036 831 1104 inter
857 1060 917 1105 nos
940 1060 1064 1128 vosque
1087 1045 1171 1119 sunt,

68 1139 158 1226 quod
179 1164 281 1230 prope
304 1142 390 1208 diem
411 1140 555 1209 futurum
577 1143 714 1232 spondet
737 1152 770 1208 et
790 1140 890 1208 virtus
913 1152 947 1211 et
968 1142 1095 1208 fortuna
1118 1164 1170 1208 ve-

63 1251 138 1326 stra,
161 1244 327 1312 continens
347 1245 519 1337 imperium
540 1269 643 1337 usque
666 1248 707 1314 ad
728 1269 788 1314 nos
810 1244 978 1313 habebitis.
1017 1244 1170 1313 acerbum

67 1369 107 1419 ac
128 1347 282 1417 miserum
311 1361 361 1417 est
389 1352 478 1440 quod
505 1351 597 1419 fateri
624 1375 686 1419 nos
713 1352 841 1420 fortuna
862 1361 971 1417 nostra
994 1348 1094 1441 cogit:
1131 1370 1171 1416 eo
1185 1355 1219 1411 to
1300 1416 1303 1429 Ι

65 1461 199 1519 ventum
222 1465 271 1521 est
291 1465 399 1544 patres
422 1455 602 1548 conscripti,
623 1467 661 1524 ut
683 1467 737 1523 aut
759 1455 936 1523 amicorum
958 1467 1013 1522 aut
1029 1453 1171 1522 ininrico-
1258 1507 1262 1522 ,

138 1642 202 1704 sint.
221 1646 272 1715 „iu
291 1647 435 1705 amicitiam
447 1648 529 1723 igitur
539 1667 586 1706 re·
704 1646 871 1706 'hauebitia
892 1647 920 1704 Μ
936 1667 972 1707 ιιι.
991 1649 1018 1706 2.
1035 1646 1071 1703 P:
1091 1647 1172 1703 habe-

137 1728 222 1789 strim
245 1740 395 1792 venimus“
418 1739 491 1806 (non
518 1756 585 1806 „ve-
726 1734 799 1792 bitis.

138 1820 272 1892 nimus“)
298 1821 394 1878 fortius
417 1822 520 1880 dietum
544 1832 586 1879 est
673 1822 700 1880 9.
728 1821 868 1878 acerbum
897 1841 934 1876 ao
959 1822 1099 1878 miserum
1128 1827 1175 1875 est

141 1927 220 1982 quarn
233 1920 371 1976 „vestram
383 1910 528 1967 amicitiam
538 1929 585 1988 pe-

140 1994 216 2050 tituri
243 1999 403 2067 venimus“,
433 1998 510 2075 quasi
538 1997 586 2052 du·

138 2080 212 2136 bium
236 2103 296 2139 csse
318 2105 375 2153 nonv
401 2095 497 2162 posset
522 2086 588 2159 quin

141 2168 258 2244 benigno
277 2174 366 2228 animo
379 2172 495 2230 Romani
509 2169 588 2227 Cam·

139 2276 225 2332 panos
243 2260 365 2336 accipere
382 2259 490 2319 vellent.
505 2291 536 2303 -
556 2259 588 2316 In

140 2340 214 2402 Harl.
233 2363 251 2402 1.
268 2347 367 2404 excidit
385 2356 526 2406 uestram.

86 2474 115 2531 3.
143 2477 249 2549 aequis
272 2480 442 2555 uolscisque
458 2482 588 2537 oeternis

142 2560 277 2620 hostibus
297 2564 387 2622 huius
415 2569 513 2623 urbis:
538 2565 589 2623 PM

143 2648 204 2707 eod.
221 2648 317 2710 Kloelr.
336 2652 370 2711 al.
388 2683 423 2694 -—
441 2655 472 2710 lu
485 2653 558 2713 Harl.
570 2673 589 2709 ι.

78 2762 99 2795 μ
141 2732 219 2792 Leid.
236 2755 254 2793 1.
272 2736 338 2796 Pell.
365 2742 391 2797 1.
413 2742 440 2798 3.
463 2739 543 2799 Voss.
562 2759 590 2799 ιι.

143 2819 256 2898 aliisque
275 2822 380 2879 doctius
399 2846 479 2901 quarn
499 2828 591 2882 verius

142 2909 274 2984 scripturn
296 2919 350 2966 cst:
373 2914 520 2980 „alternis
542 2912 592 2969 ho·

142 2995 231 3052 stibus
254 2997 335 3054 huius
358 3001 465 3058 urbis“.
502 2997 545 3058 Cf.
563 3002 591 3067 3,

144 3085 202 3141 16.:
224 3087 325 3142 aeterni
342 3085 434 3143 hostes
452 3084 546 3144 Vuisci
565 3096 592 3142 et

142 3170 239 3246 Aequi.
257 3203 292 3221 -ν
310 3172 332 3229 P
350 3195 386 3232 m.
404 3176 430 3232 2.
448 3173 489 3231 tt:
508 3170 592 3251 quim·

113 3266 117 3273 '
146 3256 306 3335 donumque.
336 3259 590 3339 Pm.1.rquando

146 3366 262 3422 quoque.
281 3379 315 3390 —
335 3346 358 3403 P
375 3369 411 3406 m.
429 3351 469 3406 2:
492 3348 522 3405 id
539 3367 591 3404 nos

145 3453 197 3511 pro
207 3436 321 3509 imperio
332 3423 387 3491 ὦ
394 3446 421 3491 et
429 3435 513 3512 gloria
523 3456 592 3492 sem·

146 3539 197 3596 per
227 3520 363 3578 iaciemus.
392 3523 414 3578 P
445 3543 480 3583 m.
511 3527 535 3581 1.
565 3520 594 3582 Μ

147 3604 225 3672 Leid.
242 3627 274 3663 n:
298 3608 327 3663 id
339 3597 394 3665 nro
417 3611 530 3687 imperio
549 3630 594 3665 ue·

145 3701 204 3750 stro
227 3704 254 3750 et
275 3694 360 3775 gloria
384 3716 490 3773 semper
516 3695 595 3751 iacie-

148 3800 218 3840 mus.
236 3781 309 3840 Harl.
322 3801 354 3841 ιε
372 3781 402 3838 id
420 3803 470 3839 nos
482 3783 596 3862 irnperio

151 3878 244 3925 uestro
263 3880 291 3926 et
308 3869 392 3945 gloria
411 3880 462 3928 cet.

95 4002 124 4058 7.
152 4001 283 4059 subactis
299 4002 347 4064 Iris
358 4004 513 4083 gentibus:
530 4000 596 4075 ΡΜ]

152 4086 273 4149 subactis
295 4089 329 4148 iis
352 4109 378 4166 g.
402 4119 436 4132 --
457 4088 485 4148 Μ
504 4093 598 4149 m.·1.z

730 1909 814 1986 quod
836 1908 938 1980 fateri
965 1929 1021 1964 nos
1041 1907 1175 1980 fortuna

730 2005 835 2052 nostra
847 1997 940 2073 cogit:
958 1993 1015 2052 ΡΜ.
1025 2027 1055 2036 -
1070 1992 1147 2050 Leid.
1156 2010 1175 2052 ι.

729 2081 905 2142 Voss.11.al.:
920 2083 1015 2156 coegit.
1032 2081 1063 2138 ln
1075 2080 1148 2139 Harl.
1157 2100 1174 2161 ι.

729 2180 833 2244 septem
854 2172 946 2250 priora
963 2169 1045 2228 verba
1069 2167 1175 2227 excide-
1278 2192 1283 2205 =

729 2267 800 2317 runt.

660 2347 703 2404 10.
730 2366 765 2403 eo
790 2355 909 2403 uentum
932 2353 985 2402 cst.
1004 2348 1051 2422 ῇῐ.
1071 2353 1104 2401 ut
1124 2351 1177 2400 aut
1223 2347 1225 2361 ‘

731 2435 892 2489 amicorum
914 2440 968 2489 aut
993 2424 1177 2488 inimicorum

732 2521 879 2596 Campani
895 2522 1003 2577 simus:
1021 2518 1130 2577 Pmud.
1142 2515 1177 2573 Μ.
1216 2524 1223 2535 ’

731 2638 767 2652 -
796 2606 872 2665 Pm.
897 2611 934 2665 1.:
961 2627 1062 2666 sumus.
1085 2637 1122 2648 -
1146 2602 1178 2659 1¹1

731 2691 808 2750 Leid.
822 2713 840 2751 ι.
858 2693 959 2749 excidit
969 2703 1039 2762 „aut
1056 2692 1178 2749 inimico-

733 2784 823 2840 rum“.
843 2809 876 2821 -·
898 2778 995 2836 Mirum
1013 2781 1122 2859 quidem
1139 2781 1179 2834 vi·

734 2865 793 2920 deri
817 2874 908 2946 potest
933 2868 992 2945 qui,
1016 2886 1077 2921 eum
1100 2865 1180 2920 Carn-

733 2955 798 3030 pani
827 2951 910 3008 modo
940 2954 1020 3014 amici
1045 2951 1179 3013 Romano·

732 3061 793 3100 turn
810 3039 870 3098 fieri
883 3038 951 3099 velle
964 3041 1125 3110 dicerentur,
1142 3040 1180 3097 le·
1264 3089 1265 3093 ,

733 3135 810 3204 gatus
827 3129 865 3184 ita
882 3127 958 3211 loqui
979 3131 1106 3208 potuerit.
1135 3148 1181 3188 re·

734 3234 795 3272 rum
812 3214 843 3275 id
860 3236 893 3277 ex
912 3225 967 3275 tota
991 3219 1112 3274 oratioue
1135 3237 1181 3295 ep-

732 3311 817 3385 paret,
836 3304 954 3382 speciem
973 3304 1081 3380 quidem
1100 3324 1182 3380 qusn-

735 3389 796 3447 dam
826 3391 957 3466 pristinae
991 3391 1183 3465 magnitudinis

736 3475 927 3558 dignitatisque
949 3473 1102 3555 Campanos
1128 3499 1183 3534 ser·

737 3584 801 3620 vare
830 3562 914 3632 velle,
945 3566 994 3622 sed
1023 3564 1131 3624 eosdem
1159 3568 1185 3624 si

738 3650 816 3708 aliter
838 3672 868 3709 se
890 3655 960 3711 tueri
983 3673 1039 3714 nou
1064 3664 1185 3738 possent,

737 3749 851 3824 paratos
869 3761 929 3800 esse
941 3739 1072 3800 Romanis
1090 3763 1120 3798 se
1139 3742 1183 3798 de·

740 3826 812 3882 dere.
851 3827 905 3885 huc
932 3831 1056 3912 inprimis
1081 3828 1186 3913 speciat
1241 3866 1244 3870 -

740 3914 814 3997 quod
832 3916 886 3973 iam
903 3917 981 3975 initio
996 3918 1126 3974 orationis
1146 3917 1185 3975 di·

740 4011 811 4061 ctum
825 4014 882 4061 erat
899 4005 1037 4074 „subiecti
1050 4015 1128 4086 atque
1140 4002 1197 4060 ob-‘

740 4093 814 4151 noxii
827 4093 904 4151 vobis
922 4094 1011 4153 miuus
1024 4098 1174 4153 essemus“.
