2618 4590
611 238 718 311 tusa
735 249 805 309 rur.

158 415 207 484 uis
229 415 409 485 communis
431 412 601 481 Lanuvinis
630 413 841 506 municipibus
864 436 938 480 cum
966 413 1088 504 populo
1111 413 1256 482 Romano

160 533 253 589 esset.
290 518 405 588 Aricini
420 517 679 609 Nomentanique
701 530 734 586 et
749 519 867 585 Pedani
891 519 1007 586 eodem
1027 519 1095 585 iure
1120 542 1190 609 quo
1204 518 1259 586 La-

159 624 268 691 nuvini
289 625 321 689 in
343 624 503 690 civitatem
517 623 649 712 accepti.
686 623 876 690 'llrsculanis
892 633 1016 690 servata
1032 623 1145 690 civitas
1163 647 1257 715 quum

17 735 22 745 '
89 748 92 755 ’
158 728 327 811 habebunt,
350 729 534 817 crimenque
555 726 735 794 rebellionis
758 753 776 793 a
798 728 924 818 publica
947 729 1059 795 iraude'
1081 727 1114 793 in
1137 750 1256 817 paucos

125 844 144 898 ⁵
161 843 308 900 auctores
323 857 462 901 versum.
490 833 523 899 iu
534 832 716 900 Veliternos
732 844 856 899 veteres
872 833 958 901 cives
972 834 1149 915 Romanos,
1173 832 1257 923 quod

158 938 274 1005 totiens
301 938 525 1019 rebellassent,
552 936 688 1026 graviter
715 938 887 1005 saevitum:
923 949 955 1004 et
981 937 1061 1003 muri
1092 935 1208 1003 deiecti
1230 947 1259 1003 et

76 1028 81 1037 ’
158 1052 287 1111 senatus
321 1042 394 1109 inde
424 1041 579 1108 abductus
606 1041 746 1131 iussique
774 1053 860 1108 trans
883 1041 1024 1109 Tiberim
1052 1039 1198 1106 habitare
1227 1051 1261 1106 ut
1303 1042 1305 1047 ’

59 1146 74 1173 Ι

159 1148 236 1229 eius,
258 1146 315 1236 qui
337 1144 382 1212 cis
398 1145 539 1210 Tiberim
562 1144 777 1235 deprehensus
801 1158 886 1213 esset
900 1170 1004 1236 usque
1027 1145 1067 1210 ad
1088 1144 1177 1211 mille
1192 1167 1260 1233 pas

53 1238 56 1243 ⁵
159 1275 248 1334 sum,
271 1249 431 1338 clarigatio
454 1259 620 1316 essetnec
642 1249 729 1339 prius
752 1275 849 1341 quam
872 1274 944 1318 acre
967 1249 1134 1339 persoluto
1158 1248 1184 1314 is
1207 1248 1259 1338 qui

114 1356 297 1448 recepisset
324 1365 413 1421 extra
440 1353 566 1420 vincula
599 1365 729 1443 captum
757 1354 898 1423 haberet.
936 1354 969 1419 in
998 1378 1108 1444 agrum
1137 1362 1259 1420 senato-

16 1448 20 1457 *
161 1448 234 1527 rum
256 1458 362 1527 coloni
389 1458 493 1540 missi,
527 1456 643 1546 quibus
672 1459 836 1550 adscriptis
865 1459 1005 1550 speciem
1030 1458 1181 1547 antiquae
1203 1456 1260 1523 fre·

114 1662 152 1729 ,Ι

231 1650 310 1721 „und
333 1670 407 1706 zorar
429 1669 475 1706 um
496 1669 528 1706 so
546 1649 623 1707 mehr
641 1650 675 1708 da

230 1759 259 1795 os
273 1737 392 1795 dadurcb
406 1736 526 1812 zugleieb
540 1737 674 1794 einleueb·

222 1832 314 1884 ,tete“.
350 1828 399 1892 36,
423 1828 464 1883 5.:
488 1824 558 1901 apud
585 1845 674 1900 regem

228 1916 339 1989 gratiam
353 1915 446 1969 initam
461 1911 595 1980 volebant,
614 1933 674 1968 cum

229 2021 261 2056 eo
280 2010 310 2057 ut
329 2009 452 2056 caverant
465 1998 576 2076 nequid
590 2000 674 2055 oileu-

187 2104 193 2117 ‘
230 2089 324 2146 alerent
351 2087 496 2145 Romanos.
535 2089 586 2154 42,
613 2089 673 2145 50.:

228 2175 360 2254 quidquid
387 2176 526 2240 cessisset,
558 2194 616 2229 com
640 2195 672 2230 co

227 2261 309 2319 simul
326 2281 408 2336 regno
432 2263 555 2338 protinus
577 2260 672 2316 cerleo-

229 2352 292 2407 dum
311 2368 369 2402 esse
386 2346 569 2403 adfirmabant.

816 1674 839 1711 c.
851 1651 959 1709 Klocl.:
973 1671 1056 1728 usque
1068 1648 1104 1705 ad
1112 1647 1261 1724 millepec-

748 1740 751 1745 ’
816 1761 877 1799 sus.
896 1738 947 1797 sed
958 1738 991 1797 ci.
1001 1744 1026 1803 5,
1037 1740 1080 1796 96.
1093 1780 1110 1806 „
1119 1736 1193 1792 mille
1202 1755 1261 1815 pas-

816 1832 915 1882 som“:
944 1834 971 1881 et
996 1827 1044 1891 28,
1067 1825 1174 1883 biurio
1204 1824 1263 1883 Put

815 1913 894 1971 Colb.
914 1923 999 1989 ·‚‚post
1016 1912 1129 1967 duorum
1149 1913 1261 1988 impera·

815 2012 904 2058 torum
927 1999 1094 2076 duorumque
1116 2002 1262 2055 exercitum

815 2093 960 2162 stragem.“
980 2078 1006 2141 al
1016 2119 1057 2145 .—
1075 2085 1170 2142 Livius
1189 2086 1260 2142 vide·

748 2216 752 2221 -
814 2183 859 2230 tur
877 2175 904 2232 lr.
916 2172 934 2232 l.
947 2171 1013 2228 nilril
1026 2172 1099 2229 aliud
1113 2172 1202 2228 dicere
1215 2193 1259 2228 ro-

813 2260 897 2316 luisse
918 2280 997 2336 quam
1020 2259 1086 2316 boc:
1110 2258 1262 2315 Veliternos

814 2350 903 2404 iussos
922 2367 980 2402 esse
992 2356 1066 2402 trans
1078 2346 1197 2403 Tiberim
1216 2348 1260 2402 ba-

176 2440 201 2494 2.
229 2437 344 2493 Aricini
370 2434 608 2509 Nomentanique
644 2443 673 2489 et

230 2522 361 2597 Pedani:
388 2520 408 2575 P
432 2541 467 2575 m.
491 2521 516 2576 2.
534 2517 569 2577 lll.
592 2549 627 2561 -
651 2519 673 2575 P

228 2630 265 2668 m.
297 2612 334 2668 1.:
371 2610 595 2684 momentanique.
638 2637 674 2659 -η

172 2726 174 2731 ·
228 2695 340 2755 Haris:
351 2696 450 2772 etpedi
456 2695 550 2751 eodem
561 2697 616 2751 lure
624 2704 674 2754 cet.

175 2789 202 2846 b.
227 2788 259 2842 in
274 2778 443 2843 Veliternos
462 2792 576 2841 uetares
587 2786 675 2855 ,ciues

816 2435 901 2491 bitare
925 2438 963 2490 ita
986 2444 1016 2490 ut
1038 2437 1096 2489 oius
1126 2434 1259 2509 clarigatio

816 2531 887 2578 esset
905 2524 951 2598 qui
970 2531 1015 2578 aut
1028 2525 1067 2578 cis
1078 2521 1199 2578 Tiberim
1217 2522 1260 2576 de·

815 2608 964 2685 prehensus
983 2618 1054 2665 esset
1073 2620 1119 2666 aut
1132 2621 1204 2666 trans
1216 2607 1259 2664 Ti-

816 2696 901 2752 berim
929 2717 1015 2773 usque
1042 2697 1077 2753 ad
1104 2694 1177 2753 mille
1200 2715 1258 2772 pas·

815 2803 907 2850 suum,
938 2784 1012 2860 quod
1035 2785 1059 2839 si
1083 2787 1144 2860 quis
1169 2804 1260 2840 eorum

216 2879 253 2930 'ia
284 2871 367 2946 quod
395 2873 503 2927 totiens
531 2873 672 2937 rebellos-v

228 2957 388 3016 autc-PM.
411 2989 445 3001 -
467 2958 508 3013 lll:
535 2961 674 3032 „grauiter

162 3073 164 3077 ¹
228 3048 321 3102 saeuit
340 3054 366 3098 et
384 3046 454 3098 muri
477 3044 573 3098 deiecti
597 3065 673 3099 sena·

228 3140 273 3186 tus
292 3129 354 3184 inde
373 3129 526 3183 abductus“
546 3138 596 3185 cet.
615 3129 672 3185 Du·

187 3228 190 3233 '
228 3215 671 3291 bitoaumanuantiquascriptum

224 3288 310 3362 ¹luerit
320 3305 374 3359 sic:
394 3303 532 3378 „graviter
544 3304 674 3358 saevitum

229 3403 283 3449 est:
294 3393 363 3473 muri
376 3389 483 3459 deiecti,
491 3399 599 3446 senatus
610 3389 675 3446 inda

229 3479 360 3535 abductus
378 3480 498 3554 iussique
517 3486 566 3536 eet.

177 3570 203 3624 7.
230 3568 347 3632 ute-eius
375 3568 428 3641 qui
453 3568 496 3623 cis
516 3564 595 3634 (Plllt
618 3566 675 3635 eis)

233 3652 358 3710 Tiberim
378 3652 579 3727 deprehensus
598 3660 678 3710 esset

231 3734 325 3813 usque
339 3739 382 3794 od
392 3742 472 3797 milla
482 3760 606 3815 passum
614 3728 673 3796 cla·

230 3826 339 3905 rigatio
362 3836 457 3881 asset:
478 3826 542 3899 ΡΜ]
564 3836 594 3883 ut
616 3828 674 3884 eius
698 3901 703 3911 x

230 3944 264 3957 ·-
278 3932 363 3989 usque
380 3912 415 3968 ad
432 3913 507 3970 mille
517 3914 609 3994 pondo
622 3913 674 3970 cla·

229 4001 326 4074 rigatio
345 4009 422 4060 esset.
440 4035 473 4045 -
492 4000 614 4060 Leid.1.:
631 4021 675 4058 us·

815 2871 882 2927 abeo
896 2871 1001 2928 flumini
1011 2874 1260 2948 appropinquasset,

815 2961 861 3015 rix
880 2958 990 3016 dubium
1009 2979 1068 3014 esse
1083 2966 1175 3034 posset
1188 2959 1259 3032 quin

813 3046 913 3102 flumen
931 3050 1020 3125 ipsum
1034 3045 1143 3102 transire
1156 3041 1258 3100 voluis·

814 3142 864 3190 set.
883 3131 926 3190 cf.
945 3131 1058 3207 Quintil.
1075 3134 1101 3199 7,
1119 3133 1146 3187 3.
1165 3133 1209 3189 13.
1227 3160 1258 3177 -ι-
1286 3144 1289 3149 ’

813 3219 926 3294 Margini
937 3220 995 3276 cod.
1006 3220 1027 3275 Ρ
1041 3219 1206 3295 adscriptum
1219 3228 1259 3290 est

816 3310 886 3383 „qui
899 3310 941 3363 cis
952 3309 1091 3365 tiberim“.
1112 3305 1144 3362 Iu
1156 3305 1229 3363 llarl.
1242 3327 1260 3365 1.

816 3397 946 3472 scriptum
965 3406 1007 3450 est
1029 3397 1154 3471 „quiex
1171 3396 1210 3450 cis
1228 3396 1260 3450 ti·

815 3482 900 3539 barim
908 3488 934 3551 “,
951 3492 981 3538 ut
1000 3482 1110 3538 dubium
1123 3501 1184 3537 esse
1199 3502 1260 3558 pos·

815 3573 860 3639 sit,
879 3573 950 3627 auin
961 3571 1112 3646 antiquiore
1123 3568 1194 3632 libro
1207 3569 1259 3625 lue·

816 3658 853 3713 rit
877 3658 942 3715 boc:
970 3667 1020 3725 „ut
1043 3658 1090 3733 qui
1112 3676 1147 3712 ex
1165 3659 1204 3712 eis
1224 3658 1260 3712 cis

814 3745 920 3802 tiberim
938 3744 1120 3820 deprehensus
1134 3754 1207 3800 esset
1228 3775 1257 3786 -

816 3830 951 3908 clarigatio
970 3839 1064 3888 esset“
1090 3840 1140 3889 cet.
1165 3865 1198 3874 -
1221 3830 1260 3887 ll:

815 3920 839 3976 is
858 3925 903 3996 qui
922 3923 1054 3998 coepisset
1066 3929 1140 3975 extra
1154 3919 1259 3977 uincula

818 4017 923 4084 captum
942 4008 1010 4064 habe
1025 4012 1029 4079 1
1045 4008 1129 4063 beret.

233 4106 286 4161 que
303 4087 343 4145 ad·
357 4087 429 4144 mille
445 4095 551 4162 possus
573 4088 646 4148 Harl.
659 4108 675 4148 r.
747 4093 790 4152 112
820 4096 925 4168 quibua
948 4096 1109 4170 adscriptis
1135 4099 1259 4173 speciem
