2618 4590
511 221 696 284 ‚ruram
791 164 798 251 Ᾰ
912 172 917 177 ’
1093 210 1195 279 ror·
1288 200 1293 207 “

59 384 208 453 subrecto
230 407 306 451 eum
326 391 569 450 scuto-scutum
594 381 695 450 imum
722 384 909 474 perculisset
933 397 1065 477 totoque
1088 409 1156 455 cor-

57 513 136 580 pore
163 488 301 556 interior·
319 485 463 577 perieulo
490 486 629 555 vulneris
658 487 759 555 lactus
791 488 979 557 insinuasset
1006 513 1041 559 se
1074 491 1156 559 iuter

58 617 175 683 eorpus
198 615 447 680 numquamne
470 591 635 682 alteroque
656 592 791 661 subinde
813 594 878 661 ictu
890 605 1033 667 ventrem
1056 606 1152 686 atque

56 699 184 788 inguina
206 695 310 765 hausit
333 708 370 764 et
394 697 429 764 in
453 697 596 787 spatium
620 697 731 787 ingens
759 708 904 766 mentem
932 699 1072 788 porrexit
1097 700 1153 767 ho-

58 815 152 870 stem.
189 801 318 869 iaeentis
339 801 414 867 inde
437 824 553 891 corpus
575 801 616 868 ab
639 802 727 870 omui
744 803 806 868 elia
819 801 989 881 uexatione
1001 803 1189 873 intectum5

59 930 124 973 uno
146 916 260 995 torque
272 904 437 996 spoliauit,
457 912 556 993 q'uem
569 904 760 995 respersum
781 920 895 976 eruore
917 907 1003 974 eollo
1025 907 1154 975 eircum-

60 1012 146 1079 dedit
173 1034 243 1078 suo.
278 1009 433 1078 defixerat
460 1032 561 1099 pavor
595 1011 906 1080 curnzadmirarione
936 1011 1062 1082 Gallos:
1094 1011 1156 1079 Ro-

57 1101 149 1182 mani.
165 1115 284 1182 alacres
306 1114 346 1184 ab
369 1113 505 1182 statione
529 1114 657 1183 obviam
683 1116 863 1186 militiano
891 1117 1068 1207 praegressi
1089 1139 1156 1207 gra·

58 1220 196 1287 tulautes
222 1217 463 1310 laudantesque·
482 1220 524 1287 nd
544 1219 733 1295 dictatorem
760 1223 949 1314 perducunt.
986 1223 1068 1291 inter
1090 1248 1155 1291 car-

114 1357 235 1416 schssde
266 1358 320 1415 deri
349 1367 462 1416 unteren
490 1358 570 1421 Tlreil

13 1503 19 1513 ,
122 1467 185 1504 vom
194 1445 364 1503 Schildedee
372 1445 488 1504 Galliena
500 1446 569 1505 lrrdl·

121 1536 160 1610 rig
179 1532 425 1609 aurielgestossem
443 1533 498 1590 nod
510 1535 570 1592 siolr

50 1624 72 1653 ·’
98 1624 173 1680 'mit
202 1623 313 1678 seinsm·
333 1639 435 1696 gersen
463 1620 571 1698 Kdrper
637 1678 640 1683 ,

94 1724 110 1743 ”
123 1708 260 1766 awisclreo
278 1707 385 1786 Ktirper
402 1706 459 1765 und
476 1706 571 1765 Sehild

125 1796 174 1852 des
199 1794 320 1870 Gogoers
350 1793 572 1869 hirsingedrttngt

123 1884 205 1952 hatte,
221 1880 355 1939 wodoreh
373 1901 402 1939 er
413 1899 507 1937 eumer
518 1879 571 1938 Ge-

77 1994 79 2002 ’
126 1971 186 2027 fabr
203 1989 263 2026 war
274 1968 435 2027 rerwundet
452 1989 491 2027 m.
502 1988 571 2025 wer·

107 2058 191 2126 den,
215 2055 326 2114 brachte
349 2055 504 2114 demselben
521 2058 572 2113 mit

123 2146 226 2203 seinem
244 2143 385 2201 Sclrvrrrte
407 2153 571 2202 voozunten

123 2231 172 2286 her
199 2233 277 2287 einen
305 2230 382 2288 Stich
409 2231 478 2299 nacla
508 2231 570 2291 dem
603 2263 608 2279 x

122 2317 240 2381 anderen
258 2321 286 2375 in
305 2316 349 2375 die
365 2318 502 2389 Weichen
520 2318 569 2376 des

122 2405 246 2463 Banelres
277 2407 353 2466 bei“.
382 2438 416 2450 -
450 2405 524 2465 Harl.
542 2427 568 2472 J.

121 2492 198 2552 Leid.
217 2485 248 2552 ui
270 2486 405 2550 'mucrone
435 2494 568 2555 subrecto.

120 2579 202 2639 Reae.
215 2580 295 2657 quid.
314 2579 408 2640 codd:
432 2590 567 2658 surrepto.

123 2700 157 2712 -
170 2667 294 2743 Plerique
303 2688 371 2727 rece.
382 2667 476 2727 codd:
491 2677 569 2724 scuto

123 2764 228 2810 scutum
245 2774 328 2808 nnnm
344 2772 417 2831 pere.
436 2786 470 2796 -
501 2752 568 2810 Mul·

124 2844 146 2897 ti
171 2859 241 2898 rece.
278 2837 370 2897 codd:
405 2837 569 2917 pertulisset.

121 2927 227 3001 Fragm.
245 2923 372 2984 flavere:
392 2924 568 3004 periculisset.

120 3014 199 3076 Leid.
216 3034 234 3072 r.
252 3011 380 3090 periculis
394 3011 457 3090 sed.
475 3004 509 3054 ss-
527 3012 568 3073 tl:

122 3111 244 3160 uentrem
262 3101 353 3177 adque
371 3103 488 3174 inguina.

68 3192 95 3250 6.
109 3204 181 3248 'una
200 3197 307 3263 torque
318 3190 483 3263 spoliauit:
509 3186 567 3251 Pii.

121 3280 156 3321 ‘-
182 3266 264 3334 Reee.
291 3274 366 3360 quid.
391 3274 486 3337 ceddi
512 3285 567 3332 tor·

121 3383 254 3441 querno.

67 3450 99 3513 7:
121 3450 275 3526 chixcrat
282 3444 385 3524 pauor
392 3470 459 3509 cum
473 3450 567 3506 admi·

70 3542 73 3549 '
122 3538 238 3595 ratione
255 3527 376 3594 Gallos:
393 3536 423 3597 tl
440 3556 474 3595 m.
493 3539 520 3594 ἢ.
537 3536 567 3597 Ρ.

94 3618 105 3635 ⁵
122 3657 157 3672 -
170 3613 292 3682 limma
306 3616 567 3698 dexeratpauoreet.

67 3715 95 3771 8.
123 3713 241 3770 obuiam
260 3710 360 3767 'militi
394 3716 449 3769 sub
482 3730 568 3787 prac-

75 3801 78 3805 ’
119 3801 236 3880 gressi:
262 3795 327 3870 PM]
355 3797 462 3853 obviam
489 3797 568 3854 militi

121 3906 170 3942 suo
181 3878 325 3961 progressi.
337 3914 371 3926 ·-·
390 3876 571 3963 Praegrcssr'

121 3973 228 4031 videtur
245 3994 259 4029 a
278 3971 357 4029 Livio
376 3973 569 4049 scriptumst

121 4061 162 4116 sic
189 4062 382 4138 exprimeretur
411 4060 496 4117 nraior
522 4059 568 4117 illa

710 1362 832 1423 alacritas
850 1384 903 1443 qur
919 1363 1035 1421 llomaoi
1056 1362 1164 1421 milites·

645 1464 671 1497 .·,.
710 1470 741 1510 re
764 1448 863 1513 llanlio
890 1451 997 1509 obviarn
1023 1450 1157 1519 intueat,
1217 1506 1223 1523 ,

711 1558 772 1595 curn
789 1541 849 1614 ipse
866 1537 1000 1598 sedatiore
1020 1540 1104 1616 gradu
1122 1541 1156 1597 ad

711 1643 776 1680 snos
794 1623 903 1684 rediret.

659 1713 686 1770 9.
713 1713 794 1768 inter·
807 1711 970 1768 carminum
988 1731 1080 1786 prope
1097 1732 1156 1770 mo·

713 1798 786 1856 dom
821 1797 974 1855 mendac
1010 1799 1159 1873 quaedam

669 1920 673 1939 1
712 1886 882 1944 militariter
903 1885 1068 1943 ioculanter
1088 1885 1158 1942 Tor·

714 1975 801 2049 quati
823 1991 989 2050 cognomen
1012 1971 1157 2037 auditum,

712 2060 891 2119 celebratum
906 2057 1014 2115 demde
1027 2060 1158 2133 porteris

713 2147 804 2203 ctiam
821 2145 1023 2221 familr'rrcquc
1053 2144 1161 2201 honori

705 2232 789 2307 suit:
806 2232 864 2292 PM.
879 2263 913 2274 ——
932 2230 1003 2289 Cum
1019 2231 1065 2289 hic
1082 2229 1158 2287 loeus

677 2358 683 2369 »
712 2319 1019 2398 dilfieiliorquilrusdam
1027 2319 1157 2397 interpre-

710 2408 784 2466 tibus
798 2417 940 2486 corruptus
952 2406 1098 2476 videretur,
1117 2409 1157 2462 io·

683 2520 687 2533 ·
708 2505 805 2573 terque
823 2515 870 2552 eos
887 2493 991 2555 lllureto
1009 2495 1158 2553 amanter

711 2583 872 2662 probaretur
881 2583 930 2639 sed
940 2583 979 2651 iu,
988 2581 1009 2641 l.
1019 2581 1041 2639 F
1041 2603 1064 2639 r.
1072 2581 1157 2639 Gran.

644 2684 649 2721 ;
695 2679 786 2726 ¹recte
801 2673 939 2746 perspexit
960 2671 1036 2725 inter
1058 2668 1093 2724 ad
1116 2671 1157 2724 io-

705 2757 845 2814 culantes
870 2757 1013 2832 pertinere.
1042 2775 1104 2811 uem
1124 2752 1157 2812 li·

711 2843 804 2898 aetia
825 2841 860 2897 ad
882 2843 1047 2900 carminum
1065 2860 1157 2914 propa

633 2940 636 2945 '
711 2926 834 2983 madum
860 2925 975 2994 (beinah
1000 2925 1072 2980 nach
1096 2924 1157 2981 Lie-

656 3049 673 3065 ·.
711 3011 850 3080 der-Art)
874 3012 969 3069 referri
991 3013 1092 3088 possit,
1119 3024 1157 3069 ta·
1182 3058 1187 3073 .

632 3136 649 3152 -.
665 3138 679 3153 .·
710 3100 955 3157 mendcaulaatcs
976 3120 1030 3156 non
1048 3100 1174 3158 hebebit

630 3222 638 3231 ·
692 3206 765 3266 .quo
783 3197 897 3264 spectet,
923 3190 976 3245 nisi
993 3209 1044 3268 pro
1063 3210 1095 3246 eo
1115 3192 1155 3245 io·

633 3309 636 3313 ·
660 3290 674 3323 3·
708 3276 876 3338 amantibus
892 3277 1088 3353 scripserimus.
1109 3278 1157 3332 In-

708 3371 755 3417 ter
768 3420 770 3425 ,
782 3363 946 3419 ioculantes
970 3359 1100 3435 (luridi.
1123 3362 1155 3422 al.
1173 3416 1193 3439 ,ί
1271 3416 1276 3429 ,

710 3445 925 3517 ‚,iaenlantes“)
961 3447 1070 3505 lrivioa·
1090 3453 1156 3506 seri-

708 3536 767 3612 psit
780 3540 813 3590 'nt
828 3533 938 3603 diceret,
955 3554 1016 3595 eum
1028 3535 1156 3603 Manlium

674 3662 676 3666 Α
709 3621 809 3679 milites
832 3620 982 3680 militariter
1005 3624 1154 3682 iaculantes
1212 3672 1219 3681 .

710 3710 878 3786 accepissent
895 3699 923 3767 et
939 3710 974 3767 ad
996 3710 1154 3769 dictatorem
1213 3784 1216 3789 ι

708 3796 1153 3877 perducerent‚iuisseetiamqnos-

709 3884 772 3944 dam
790 3889 836 3963 qni
847 3885 945 3943 llaolio
958 3888 1011 3941 iam
1026 3895 1090 3943 tnnc
1108 3905 1153 3942 eo·

657 4045 660 4051 ἱ
690 4038 695 4051 .
709 3991 824 4047 gnomen
836 3972 968 4050 Torquati
984 3973 1153 4033 indidissent.

695 4062 751 4119 'sic
772 4062 848 4119 enirn
868 4059 997 4137 particula
1023 4061 1101 4119 artes·
1123 4058 1154 4120 L,
