2774 4718
45 413 47 422 ,
153 347 252 442 “fit
387 393 395 406 -
586 415 591 426 .
699 367 872 432 nusum

229 538 314 606 vallo
336 529 399 617 luci
420 535 474 603 rix
493 543 671 615 cemuntur‚
693 543 764 598 tum
786 534 874 622 quod
889 545 929 602 ,eq
944 557 1032 602 rarnc
1055 557 1112 624 per
1127 534 1247 600 eudem
1266 543 1354 600 tem-

228 667 308 734 pora
329 642 452 710 litterae
476 639 632 740 iuerela—
654 659 718 703 unu
741 639 884 706 custodia
906 639 1008 707 tidelis
1034 637 1207 706 memoriae
1230 661 1353 704 rerum

248 813 272 869 1.
296 817 359 866 tum
381 805 464 883 qnod
485 812 515 862 et
537 821 606 860 rnre
621 821 676 878 per
696 821 745 858 ea·

298 897 366 953 dem
375 904 507 969 tempora
516 890 745 962 litteruefuere:

886 802 1351 883 ptisinveuiretur‚cumilludscri·

885 893 1003 952 bendum
1027 885 1123 951 suisset
1145 903 1175 949 ut
1198 901 1232 948 et
1259 892 1352 968 quod

298 983 332 1055 P]
353 992 409 1040 tum
428 981 500 1058 qnod
512 997 610 1056 parvae
626 985 653 1030 et
670 996 745 1032 rarae

298 1090 348 1147 per
372 1068 466 1124 eadem
490 1075 611 1144 tempora
633 1072 682 1121 cet.
710 1093 744 1105 -

297 1157 353 1214 lem
363 1156 479 1232 antiquis
489 1153 614 1220 librariis,
626 1152 674 1227 qui
689 1171 744 1208 nou

297 1244 420 1302 viderent
445 1240 529 1317 qrtod
552 1247 580 1295 ct
607 1239 744 1314 aptissime

297 1329 442 1385 cohaerere
473 1347 533 1383 cum
561 1327 684 1402 sequenti
716 1334 744 1380 et
804 1336 810 1342 ‘

297 1416 392 1493 quod,
423 1411 584 1470 adiectivum
608 1411 745 1490 quoddam

295 1513 359 1562 aute
376 1512 406 1559 et
423 1522 512 1559 rurae
525 1499 657 1557 excidisse
668 1499 743 1558 ride·

296 1591 384 1650 betur.
398 1589 466 1676 inde
475 1589 575 1646 factum
586 1598 626 1645 est
635 1597 665 1646 ut
674 1605 743 1662 par·
759 1653 763 1662 ἱ

295 1699 361 1747 cae,
383 1678 451 1755 quae
468 1697 523 1735 vox
540 1697 590 1733 nec
607 1678 636 1733 iu
653 1662 676 1732 P
694 1694 744 1732 nec

296 1766 326 1823 in
344 1764 427 1821 altero
444 1758 567 1821 Parisino
585 1762 656 1821 libro
673 1763 743 1820 eius·

296 1851 550 1910 demdecimiseeuti
557 1859 701 1928 comparet,
714 1851 743 1907 iu

233 1987 237 1996 ,
295 1942 377 1998 tertio
396 1939 512 2018 quodam
532 1938 602 1996 libro
620 1937 743 1994 Parisino

216 2033 222 2046 '
295 2028 375 2108 paulu
385 2028 543 2084 recentioris
552 2029 647 2082 aetatis
660 2024 742 2081 altera

296 2115 403 2172 demum
421 2135 502 2172 manu
519 2115 634 2172 orationi
653 2113 742 2171 Livia·

294 2223 346 2258 nae
375 2201 535 2268 adderetur,
569 2211 597 2256 et
624 2203 654 2257 in
681 2200 742 2258 cad.

293 2287 416 2346 Rhenan.
435 2297 462 2344 et
479 2290 508 2366 iq
520 2286 549 2344 Μ
566 2289 595 2342 in
612 2288 743 2362 integram

294 2377 443 2433 oraticnem
465 2376 637 2450 reciperetur.
664 2371 743 2430 inti

293 2464 366 2518 enirn
387 2465 426 2520 ita
449 2471 503 2520 est:
527 2473 607 2532 „tum
625 2458 666 2538 qd
680 2480 741 2539 par-

293 2571 345 2606 uae
362 2560 390 2607 et
405 2569 465 2606 rare
473 2570 495 2628 ῃ
514 2549 607 2605 eadem
619 2559 741 2625 tempora

292 2636 355 2694 liter
380 2637 487 2694 inere‘t
521 2639 549 2693 in
570 2634 645 2697 Harl.
671 2655 688 2696 r.
714 2645 742 2691 et

292 2723 370 2784 Leid.
388 2743 420 2783 n:
446 2734 525 2795 „tum
550 2723 625 2801 quud
643 2743 742 2798 paruae

291 2816 389 2867 rarae“
403 2809 453 2871 cet.
471 2811 507 2868 Et
519 2814 619 2886 reipsa
631 2810 672 2868 illi
688 2810 742 2867 for·

292 2907 366 2955 tasse
387 2899 442 2955 sibi
458 2899 620 2956 ridebantur
641 2897 677 2954 ed
694 2919 741 2957 vo·
758 2941 762 2948 ,

292 2998 358 3042 ceru'
367 3005 482 3060 parvae
495 2987 567 3054 duci,
585 2985 659 3063 quod
677 2985 743 3042 haut

265 3101 269 3108 ·
291 3089 355 3126 raro
366 3089 399 3126 ex
412 3073 544 3129 similibus
556 3075 646 3130 verbis
657 3093 742 3129 unum

292 3151 439 3215 alterumve
461 3160 591 3216 omissum
608 3159 741 3227 viderent,

253 3273 256 3282 ·
291 3253 324 3302 nt
339 3247 425 3301 etiam
438 3240 495 3302 huc·
509 3245 570 3309 lucc
583 3237 677 3304 erdem
694 3267 740 3304 ne-

176 3372 181 3382 .
290 3331 422 3408 glegeutia
437 3351 552 3410 paruae
569 3343 682 3412 propter
698 3353 740 3391 se·

291 3441 377 3496 quens
393 3438 448 3496 per
460 3424 681 3501 praetermissum
699 3442 740 3479 cs·

290 3515 340 3562 set.
371 3508 421 3564 hac
448 3510 558 3584 quidem
581 3511 739 3588 iuterpreta-

289 3593 365 3649 tione
389 3594 476 3654 Aldus
500 3591 569 3664 usus
593 3619 741 3675 perrarae

289 3682 409 3756 scripsit:
420 3679 673 3756 'Drakenborchius
689 3689 739 3765 qui

288 3787 340 3823 uec
357 3767 437 3826 huius
460 3769 515 3829 loci
537 3793 588 3829 nec
609 3774 739 3834 similium

289 3855 422 3912 rationem
439 3863 621 3936 perspiceret,
643 3860 687 3918 vel
705 3883 739 3919 ex

290 3960 324 3997 ao
341 3940 487 4002 lectionem
505 3949 583 4006 nobis
596 3949 739 4026 probatem

288 4025 383 4088 falsam
413 4031 502 4090 rideri
532 4038 657 4112 opinatus
687 4047 738 4110 eat,

240 4142 259 4152 ι·
288 4115 364 4190 quud
382 4123 576 4196 uenetquod
587 4143 676 4182 rurae
687 4127 738 4183 sed

174 4235 180 4240 -
287 4202 373 4276 quad
388 4213 419 4264 et
435 4224 526 4266 rarae
543 4210 574 4268 iu
591 4216 735 4273 manuscri·

885 981 1082 1059 utroquelceo
1105 980 1159 1036 sibi
1185 977 1348 1055 responde·

885 1078 953 1128 rent.
971 1068 1021 1128 sed
1034 1070 1068 1127 ci.
1081 1087 1121 1126 er.
1134 1086 1173 1140 gr.
1186 1069 1214 1134 3,
1230 1067 1279 1120 26.
1295 1065 1346 1120 ubi

860 1205 862 1216 ,
886 1155 931 1211 iile
955 1157 1049 1213 eodem
1073 1173 1164 1211 errore
1187 1164 1216 1208 et
1245 1154 1349 1210 invitis

884 1239 970 1300 libris.
998 1244 1116 1319 antiquis
1146 1239 1254 1308 „nihil
1289 1259 1348 1294 nec

885 1341 1044 1388 tam—nec
1062 1333 1146 1386 tnm“
1164 1348 1217 1405 pro
1235 1325 1348 1394 3‚nihr'l

883 1427 945 1474 tam
968 1437 1119 1476 nce-enee
1140 1419 1229 1470 tam“
1255 1415 1346 1470 scribi

885 1505 980 1564 voluit.
1019 1523 1113 1562 verum
1143 1511 1257 1580 praeter
1290 1500 1344 1556 alia

884 1595 966 1652 etiam
984 1593 1058 1670 quod
1074 1595 1196 1668 sequitur
1217 1590 1344 1664 plerae-

885 1700 944 1756 que
960 1689 1017 1737 tum
1030 1679 1136 1736 demum
1147 1667 1289 1752 integrum
1302 1677 1342 1732 vi·

884 1767 1007 1839 debitur,
1034 1787 1095 1824 cum
1118 1764 1202 1842 quod
1231 1772 1342 1819 et-et

886 1855 970 1933 quod
990 1853 1140 1909 arctissime
1166 1850 1338 1926 coniungun-

885 1952 941 2000 tur:
969 1961 1051 2018 quare
1069 1938 1102 1998 C.
1119 1937 1264 2008 fluimus,
1293 1939 1340 2014 qui

880 2049 996 2108 paruae
1014 2031 1043 2084 iu
1056 2027 1181 2086 omnibus
1192 2025 1276 2082 libris
1292 2045 1337 2080 an·

884 2115 1046 2193 tiquioribus
1054 2117 1142 2170 inesse
1151 2115 1269 2191 putavit,
1275 2113 1337 2186 ple·

884 2222 980 2280 mque
997 2199 1202 2276 praeferendum
1218 2200 1336 2256 censuit.

884 2289 929 2348 cf.
951 2291 979 2357 7,
1003 2291 1043 2347 3.:
1072 2289 1158 2364 „quia
1180 2305 1261 2342 rarae
1288 2303 1336 2361 per

883 2397 916 2434 ea
943 2386 1063 2454 tempora
1092 2375 1196 2434 litterae
1224 2378 1334 2429 erant“.

884 2463 976 2533 „Was
994 2484 1048 2521 vnn
1061 2463 1110 2518 der
1121 2461 1275 2536 Griindung
1287 2459 1333 2515 der

869 2551 964 2608 ·Stadt
980 2549 1052 2608 Rom
1074 2570 1108 2607 an
1129 2549 1174 2606 his
1195 2569 1245 2606 zur
1266 2548 1332 2606 Eru-

883 2638 986 2714 berung
1005 2639 1073 2695 eben
1091 2638 1180 2694 dieser
1191 2636 1275 2694 stadt
1290 2637 1332 2692 die
1363 2643 1364 2647 ’

883 2723 985 2791 Rttrner
1010 2723 1167 2802 eusgei'uhrt
1196 2757 1233 2767 -
1264 2722 1331 2781 nach
1356 2711 1363 2778 's

885 2812 991 2883 dussen
1013 2813 1061 2870 hin
1084 2816 1142 2870 ihre
1158 2811 1273 2886 Kriege‚
1295 2812 1329 2867 im
1360 2859 1361 2866 ,

883 2899 983 2958 Innem
1001 2901 1045 2957 die
1063 2899 1267 2979 Zwistiglreiten
1285 2897 1329 2972 der
1359 2915 1360 2936 ι

884 2986 995 3056 sinu,
1013 2987 1062 3045 us
1079 2988 1149 3044 naue
1166 2987 1211 3044 ren
1226 2989 1256 3043 n
1273 2982 1331 3042 uir

832 3111 835 3119 .
883 3065 1358 3155 suenernrargstetttssecdwr'

883 3161 984 3232 heitem
1002 3163 1088 3220 denen
1105 3163 1247 3219 einerseits
1258 3159 1327 3216 ihres
1355 3189 1356 3227 q

883 3249 953 3306 atlzu
970 3250 1060 3308 hohen
1073 3250 1163 3308 Alters
1176 3267 1271 3324 wegen
1286 3246 1325 3302 dic
1354 3255 1355 3301 t

882 3337 994 3412 nttthige
1027 3337 1214 3412 Beleuuhtnng
1255 3333 1324 3400 fehlt
1353 3329 1354 3371 ¹

831 3425 836 3434 '
881 3424 1025 3500 gleichwie
1042 3445 1105 3484 vum
1117 3426 1193 3500 Auge
1212 3425 1263 3481 das
1272 3439 1322 3478 was
1351 3459 1352 3517 q

882 3515 910 3568 in
933 3513 1029 3574 notter
1046 3513 1133 3572 Ferne
1151 3513 1230 3592 liegt,
1253 3515 1323 3570 tunm

881 3601 953 3658 noch
978 3601 1215 3676 wahrgenemmen
1236 3598 1323 3659 ¹wird:

881 3689 1045 3748 andrerseits
1064 3692 1142 3761 aber,
1168 3684 1322 3748 weil'theils

881 3777 1033 3856 {uberhaupt
1051 3797 1103 3848 uur
1114 3779 1201 3837 seltcn
1212 3781 1244 3834 in
1254 3780 1322 3851 jener

881 3885 983 3940 ganzen
994 3868 1054 3924 Zeit
1064 3888 1118 3925 vun
1129 3867 1178 3924 der
1184 3863 1283 3924 Schrist
1291 3890 1319 3903 ·-

883 3955 933 4010 der
953 3957 1075 4028 eiuaigen
1098 3964 1193 4012 irenen
1216 3947 1319 4008 Beneh-

882 4043 955 4098 rerin
968 4041 1017 4098 des
1027 4041 1219 4098 Geschehenen
1231 4070 1261 4082 -·
1273 4035 1317 4092 Ge·

880 4120 1318 4204 branchgemdchtwurdemtheils

878 4216 953 4290 weil,
961 4217 1118 4278 wermuda
1126 4211 1315 4318 wirkiichdat·
