2618 4590
175 261 218 331 36
642 267 750 328 LIBER
769 266 812 327 Vt.

176 446 210 505 et
230 434 284 504 ille
306 435 388 502 inter
409 453 521 500 aurum
543 429 761 520 accipiendum
773 442 808 498 et
828 431 862 496 in
875 452 967 520 spem
981 430 1068 519 paris
1084 427 1198 496 solutis
1212 430 1274 496 ani-

176 541 237 608 mis
259 541 369 608 Gallos
392 538 557 626 adgressus
586 535 642 618 sit,
669 535 737 623 ipse
761 547 898 603 armatos
921 535 1145 625 capientesque
1168 557 1276 600 arcem

178 644 348 735 depulerit3
384 641 467 707 illius
489 640 607 730 gloriae
629 662 703 728 pars
724 639 820 705 virilis
850 640 934 728 apud
964 662 1075 705 omnes
1097 636 1214 704 milites
1236 638 1277 708 sit

178 749 234 838 qui
254 745 348 813 simul
370 745 516 826 vicerint,
543 767 620 810 suae
642 743 791 810 victoriae
813 743 973 810 neminem
996 743 1139 809 omnium
1160 753 1276 807 morta·

147 852 256 925 olium
282 849 406 917 socium
433 871 514 914 esse.
551 846 601 912 his
630 845 829 934 opinionibus
857 847 965 914 inllato
994 847 1117 926 animo,
1151 846 1277 912 adhoc

177 955 252 1024 vitio
274 976 405 1044 quoque
426 949 543 1039 ingenii
563 949 737 1016 vehemens
759 962 792 1017 et
813 951 974 1040 inpotens,
1002 962 1174 1039 postquam
1196 949 1277 1016 inter

175 1071 284 1149 patres
304 1081 371 1123 non
393 1065 548 1144 quantum
576 1078 715 1144 aequum
742 1055 892 1122 censebat
920 1056 1077 1122 excellere
1101 1077 1174 1119 suas
1199 1077 1276 1144 opes

177 1159 412 1242 animadvertit,
439 1157 577 1248 primum
599 1159 741 1225 omnium
763 1183 805 1225 ex
826 1158 967 1248 patribus
989 1159 1151 1249 popularis
1175 1157 1276 1225 lactrrs

178 1289 253 1336 cum
274 1262 396 1355 plebeis
418 1261 649 1352 magistratibus
672 1263 802 1331 consilia
817 1262 1062 1345 communicare,
1084 1261 1276 1329 criminando

250 1483 336 1540 oratio
349 1481 456 1560 obliqua
475 1483 519 1549 sit,
538 1490 566 1537 et
576 1482 694 1559 scriptor

178 1612 182 1620 „
249 1589 305 1647 non
333 1572 422 1626 minus
449 1569 501 1626 boe
524 1568 585 1625 loco
613 1590 693 1646 quam

246 1655 327 1734 paulo
346 1665 407 1712 ante
424 1654 511 1713 allatis
534 1676 566 1712 oo
585 1658 624 1711 uti
643 1677 691 1730 po-

244 1746 338 1800 tuerit:
357 1744 407 1800 sed
424 1743 454 1800 id
472 1745 621 1799 orationem
640 1741 691 1796 dil·

244 1829 344 1899 lieilem
360 1830 458 1897 reddit,
477 1830 551 1906 quod
569 1849 622 1884 non
634 1829 694 1885 sine

246 1919 369 1992 graviore
394 1918 509 1994 quadam
534 1935 612 1972 causa
632 1936 695 1972 oon·

193 2014 199 2033 '·
247 2007 360 2061 structio
379 2006 444 2060 inita
458 2005 556 2062 mutari
573 2005 696 2081 potuisse

247 2090 379 2150 videatur.
417 2091 524 2149 ridetur
551 2093 634 2165 igitur
662 2087 694 2147 L.

247 2177 301 2234 boe
328 2188 442 2255 utroque
467 2177 576 2234 dicendi
598 2195 695 2250 genere

249 2283 314 2320 usus
337 2284 410 2331 esse,
437 2285 492 2320 non
518 2273 549 2319 ut
572 2273 694 2319 constru-

251 2352 341 2405 etione
358 2360 458 2406 mutata
476 2349 621 2425 elegantiae
635 2370 695 2406 ora·

250 2436 333 2492 tionis
352 2437 521 2506 consuleret,¹
539 2439 588 2494 sed
610 2447 640 2494 ut
657 2441 696 2495 ita

250 2524 331 2579 etiam
343 2524 372 2579 id
384 2525 511 2595 efficeret,
523 2533 554 2581 ut
568 2545 637 2601 quae
649 2545 694 2581 an·

249 2608 404 2667 teoederent
432 2621 567 2689 tamquam
600 2630 696 2668 causae

249 2695 424 2768 haberentur,
440 2700 539 2776 quibus
558 2698 599 2766 id,
622 2697 696 2776 quod

249 2786 279 2840 in
297 2793 415 2842 extremo
429 2784 490 2843 loeo
503 2797 553 2855 est,
570 2805 694 2863 sequere·

249 2880 294 2928 tur
310 2892 421 2928 necesse
432 2883 516 2930 esset:
533 2873 563 2930 id
573 2873 649 2950 ¹quod
662 2893 694 2929 eo

248 2960 334 3033 magis
352 2963 499 3039 apparebit,
517 2963 541 3017 si
560 2951 595 3018 ad
612 2961 695 3019 rerba

251 3048 394 3102 neminem
403 3067 470 3103 esee
482 3047 696 3123 suppleverimus

210 3133 216 3153 ‘
251 3150 345 3208 „quae
357 3150 417 3187 eum
429 3134 467 3187 ita
478 3134 541 3199 sint,
554 3143 695 3189 cousenta-

249 3237 331 3274 neum
345 3238 412 3286 esse,
429 3221 563 3275 neminem
576 3222 695 3277 omnium

249 3303 402 3362 mortalium
420 3324 484 3360 suae
501 3306 629 3363 victoriae
650 3327 694 3364 so·

250 3394 322 3450 cium
340 3398 429 3450 ease“.
447 3386 586 3449 nonenim
604 3394 695 3451 iubeo

249 3489 291 3535 est
299 3480 572 3557 praetermittendum,
585 3500 615 3536 ea
625 3490 694 3558 quae

249 3575 313 3639 post
336 3588 401 3624 cum
422 3568 538 3623 iuterim
563 3565 693 3641 legantur,

249 3667 306 3704 non
324 3649 358 3704 ad
375 3655 496 3727 proxime
504 3655 693 3731 antecedentia

249 3734 388 3792 referenda
406 3758 474 3808 esse,
492 3742 605 3802 eumld.
618 3743 692 3800 Maa-

248 3821 302 3879 lius
319 3842 354 3878 ne
370 3824 493 3882 tribunus
508 3830 615 3903 quidem
633 3833 692 3886 eius

248 3912 312 3966 anni
324 3908 414 3977 luerit,
430 3913 479 3969 sed
497 3917 526 3970 in
538 3920 691 3975 universum

247 3997 282 4054 sd
299 3996 460 4072 singularem
472 3998 545 4058 illam
557 4003 632 4068 furii
645 4025 690 4060 au·

242 4085 691 4165 sturitatemquaomuisomuium

834 1481 962 1540 memoria
975 1483 1163 1540 obscuraretur
1174 1491 1202 1538 et
1220 1502 1277 1540 era-

835 1580 965 1628 neseeret.

780 1657 808 1714 5,
835 1659 879 1714 od
894 1657 965 1712 hoc:
978 1653 1033 1714 ΡΜ.
1047 1687 1080 1700 -
1093 1657 1175 1716 Reus.
1188 1656 1277 1716 codd:

835 1743 869 1800 ad
892 1743 967 1802 baec.
996 1741 1041 1802 cf.
1060 1746 1109 1813 30,
1130 1748 1168 1802 1.:
1192 1763 1279 1819 super

835 1832 915 1889 baec.
943 1861 977 1871 —
1004 1829 1046 1886 ll:
1071 1852 1126 1887 non
1153 1841 1279 1908 quantum

836 1938 914 1994 equm
933 1916 1067 1975 censebat.

784 2007 811 2065 8.
836 2008 963 2080 primum
982 2006 1127 2060 omnium:
1145 2002 1194 2060 PM
1211 2003 1278 2076 rell]

834 2094 937 2169 primus
951 2093 1078 2151 omnium.
1095 2092 1141 2149 Sic
1153 2091 1220 2150 Tan.
1233 2093 1254 2150 F
1254 2113 1280 2148 a·

836 2179 885 2234 ber
896 2179 978 2234 scribi
990 2177 1085 2246 voluit,
1103 2178 1178 2256 quod
1190 2200 1279 2256 quam·

835 2268 878 2324 vis
896 2268 995 2322 rectius
1015 2287 1046 2322 se
1068 2265 1192 2335 baberet,
1215 2269 1279 2323 reei-

834 2373 900 2431 pere
912 2373 967 2408 non
980 2355 1074 2413 ausim.
1097 2355 1197 2410 totiens
1210 2356 1279 2410 enim

834 2443 865 2497 in
889 2449 957 2517 optt.
978 2439 1059 2499 codd.
1080 2439 1202 2497 Liuianis
1229 2442 1280 2498 boe

835 2527 991 2584 adverbium
1007 2547 1058 2603 pro
1071 2527 1203 2586 adieetiro
1215 2532 1279 2587 scri·

835 2623 912 2692 ptum
929 2614 1064 2683 videmos,
1088 2618 1181 2673 utrix
1205 2617 1280 2675 dubi·

836 2702 947 2758 tandum
965 2704 1001 2757 sit
1022 2703 1087 2779 quin
1109 2705 1168 2780 ipse
1186 2703 1279 2762 Livius

835 2790 874 2844 ita
900 2790 1048 2866 scripserit.
1078 2790 1107 2846 id
1130 2811 1195 2848 vero
1222 2794 1281 2867 siup

835 2875 889 2933 ulla
901 2876 1068 2959 dubitatione
1078 2877 1210 2955 postulari
1221 2889 1280 2957 pot·

836 2974 890 3032 est,
915 2966 940 3019 si
958 2984 1027 3020 unus
1045 2964 1143 3022 alterve
1161 2967 1219 3022 eius
1236 2987 1280 3041 ge·

835 3053 909 3106 neris
929 3049 1007 3106 loeus
1032 3052 1213 3110 emendandus
1239 3057 1280 3111 vi·

835 3136 942 3207 deatur,
963 3138 1064 3194 similes
1082 3160 1174 3197 omues
1192 3161 1279 3198 emen·

835 3224 939 3281 dandos
958 3246 1030 3281 esse:
1061 3225 1135 3302 quod
1152 3231 1191 3284 eis
1210 3238 1280 3285 certe

833 3309 902 3369 loeis
928 3313 1053 3370 audacius
1078 3313 1227 3382 videbitur,
1250 3318 1279 3372 in

833 3402 933 3476 quibus
945 3401 999 3457 dun
1011 3404 1092 3459 rerba
1104 3407 1278 3482 reperiantur,

834 3485 869 3541 ad
888 3508 1001 3563 quorum
1019 3489 1130 3546 alterum
1148 3490 1216 3548 illud
1233 3491 1279 3548 ad·

833 3574 956 3632 verbium
978 3579 1043 3633 satis
1061 3585 1122 3654 apte
1144 3579 1279 3635 interdum

834 3659 927 3717 referri
945 3667 1039 3741 possit.
1075 3662 1118 3722 Cf.
1141 3667 1172 3733 ἦ,
1190 3667 1216 3724 5.
1235 3667 1278 3724 18.

832 3749 859 3816 8,
879 3750 921 3808 15.
940 3753 983 3810 26.
1001 3754 1045 3819 21,
1064 3754 1107 3810 18.
1126 3754 1169 3820 24,
1187 3751 1277 3819 43.,ε1.

747 3917 758 3929 .
780 3835 806 3890 9.
830 3855 897 3892 cum
918 3839 1031 3911 plebeis
1054 3840 1278 3916 magistratibus

832 3925 957 3979 consilia
968 3927 1199 3982 communicare.-
1217 3926 1276 3998 PM]

833 4029 893 4066 eum
905 4010 1017 4085 plebeiis
1028 4020 1078 4071 eet.
1089 4042 1123 4056 -·
1132 4012 1164 4070 Iu
1174 4011 1249 4070 Harl.
1259 4033 1276 4071 r.

830 4096 931 4185 excidit
947 4100 1081 4158 consilis.
