2618 4590
147 220 214 289 51⁰
331 227 342 249 ‘

610 234 720 297 ntum
735 234 782 299 lX.

152 398 273 468 territis
292 409 446 468 ostentat:
480 423 540 490 ego
569 400 632 465 iam
660 411 779 467 terrore
809 400 914 466 omnia
944 398 1098 489 inplebo,
1138 421 1202 467 vos
1223 423 1262 464 ar·

150 528 222 573 cem
243 505 354 571 intenti
378 511 519 573 tenete“.
556 504 694 572 decurrit
716 505 798 587 iude,
820 516 941 595 quanto
963 504 1114 570 maxime
1140 514 1261 593 poterat

150 635 223 678 cnm
249 610 386 677 trnuultu
407 611 473 693 „ad
494 617 605 677 anna“
628 620 661 677 et
682 634 764 699 „pro
787 622 926 678 vestram
941 608 1041 675 fulem
1059 608 1183 676 cives“
1205 609 1260 675 cla

151 715 279 782 mitens:
302 725 390 796 „arx'
407 715 447 784 ab
470 714 616 781 hostibus
638 727 731 805 capta
748 727 806 799 cst,
827 713 986 782 defendite
1007 714 1053 780 ite
1061 706 1208 813 ’.ης
1222 713 1259 778 in

117 820 273 887 tcedens
290 820 469 910 principum
492 819 612 887 loribus
635 821 715 887 haec
738 820 839 887 obviis
860 820 941 886 haee
962 817 1259 885 excurrentibusiu

151 923 319 1014 publicrun
341 926 462 1015 pavidis
484 926 640 1015 increpat:
670 937 838 1015 acceptum
859 924 906 989 ab’
921 946 987 990 uuo
1009 947 1180 1013 pavorem
1202 923 1260 1013 plu·

150 1052 283 1120 res=per
305 1031 418 1096 urbem
440 1029 556 1096 ferunt
592 1030 705 1120 trepidi
727 1031 926 1119 magistratus
954 1028 1061 1095 missis
1084 1030 1133 1096 nd
1157 1051 1257 1095 arcem

151 1134 406 1224 exploratoribus
428 1159 504 1202 cum
525 1136 589 1203 tela
612 1146 644 1202 et
667 1146 805 1202 armatos
832 1146 940 1201 tenere
969 1158 1080 1202 arcem
1111 1133 1256 1223 multipli

57 1311 67 1329 ι
152 1250 225 1306 cato
248 1263 382 1306 numero
405 1239 558 1324 audirent,
580 1252 728 1308 avertunt
750 1240 872 1307 animos
895 1264 913 1305 a
935 1262 993 1328 spe
1015 1238 1257 1330 recuperandae

106 1344 246 1411 toarcis:
275 1343 349 1434 luga
372 1355 486 1412 cuneta
509 1346 698 1436 conplentur
719 1357 896 1436 portaeque
918 1344 958 1410 ab
990 1344 1204 1419 semisomnis
1225 1366 1255 1409 ar

168 1477 196 1536 l.

170 2432 197 2490 l.

104 4121 112 4136 .
224 4088 379 4161 transfugae
400 4092 498 4150 Sorani
521 4094 555 4151 ad
581 4097 670 4157 omnia
725 4112 729 4120 ¹

222 1475 354 1534 decurrit
378 1476 448 1533 inde
471 1485 582 1552 quanto
605 1496 666 1532 mo·

221 1565 304 1621 {elme
318 1573 436 1639 poterut
447 1584 513 1620 eum
524 1566 666 1622 tanculfo:

807 1474 938 1533 turbanda
982 1475 1070 1549 magia
1117 1476 1256 1554 perspicua

807 1564 894 1622 fieret.
1129 1556 1137 1575 ⁸

221 1650 279 1711 Plt
307 1684 341 1694 -
372 1650 452 1710 llere.
476 1652 550 1730 quid.
572 1651 665 1711 codd:
755 1652 781 1712 l.
807 1651 882 1708 haec
890 1649 1029 1708 incedens
1035 1649 1255 1727 principumfe·

221 1748 322 1817 quanto
345 1741 460 1795 maximo
483 1748 589 1816 poterat
606 1759 667 1795 cum

220 1824 344 1884 tumultu.
381 1824 424 1884 Cf.
447 1829 478 1893 9,
503 1829 558 1884 10.:
581 1826 667 1882 feurur

222 1925 320 1992 quanta
331 1917 444 1970 maxime
453 1921 559 1990 poterat
570 1916 597 1969 ri
609 1933 668 1989 per·

222 2002 295 2060 colit.
309 2034 343 2044 -
357 2001 420 2058 Ptt:
439 2003 473 2059 ad
491 2022 564 2058 arma
579 2012 605 2056 et
617 2021 666 2079 pro

220 2098 338 2145 uestram
365 2089 446 2146 fidem
473 2093 546 2146 ciues
576 2089 667 2147 clami·

222 2185 291 2235 tans.
309 2175 429 2235 Leid.1.:
443 2198 492 2249 pro
503 2188 591 2233 uestra
604 2178 667 2236 fide.

223 2294 258 2304 -
282 2262 316 2318 P:
340 2282 401 2320 aran
425 2265 458 2321 ab
481 2264 606 2321 hostibus
625 2286 667 2320 ca·

222 2356 268 2423 pta
286 2354 336 2405 est.

224 2432 380 2504 defendite
403 2435 456 2491 ite:
481 2434 532 2494 Plll
555 2437 604 2510 al.]
632 2439 669 2494 ite

225 2518 361 2576 defendite
374 2524 384 2586 (
391 2521 451 2580 cod.
462 2522 518 2599 sig.
529 2523 563 2584 al.
574 2528 668 2595 rece).

223 2637 258 2651 -
277 2605 447 2682 Quamquam
463 2608 509 2668 ille
527 2613 668 2670 verborum

223 2693 306 2763 ordo,
329 2715 408 2772 quem
429 2697 569 2774 Sigouiani
593 2701 667 2758 codi-

222 2784 262 2839 cia
279 2781 405 2841 librarius
418 2788 552 2845 veriorem
565 2787 668 2856 babuit,

222 2868 295 2926 baud
318 2890 379 2926 raro
403 2873 477 2950 apud
496 2872 605 2933 Liviam
627 2896 667 2931 re-

222 2959 327 3033 peritur
352 2961 410 3027 (ex.
428 2980 468 3034 gr.
485 2965 517 3030 7,
536 2966 575 3022 6..
598 2965 669 3020 irent

223 3052 346 3100 crearent
364 3045 497 3106 consules.
528 3051 555 3115 9,
574 3052 612 3106 t:
631 3052 668 3104 ite

223 3129 347 3186 consules
359 3131 495 3190 redimite:
508 3133 568 3205 al),
580 3144 669 3192 tamen

222 3217 251 3277 b.
269 3218 287 3277 Ι.
305 3238 359 3275 non
382 3222 441 3276 sine
463 3241 542 3278 cansa
565 3223 669 3295 defeu-

224 3307 286 3364 da‘te
315 3309 355 3365 ite
384 3309 586 3387 (‚,vertbeidigt
620 3313 669 3380 sie,

222 3393 286 3466 geht
303 3394 387 3466 eilr‘)
405 3399 536 3476 scriptam
553 3398 670 3458 ridetur.

221 3480 346 3538 videmur
363 3484 434 3540 enim
451 3487 490 3542 ita
507 3506 594 3564 prope
607 3506 669 3543 ocn-

223 3565 257 3622 lis
276 3569 369 3626 videre
388 3582 586 3629 consternatam
604 3573 670 3630 mul-

224 3652 366 3711 titudinem
378 3656 553 3728 Soranorum,
563 3669 670 3716 cuncta·

224 3738 342 3795 bundam
369 3744 436 3817 quid
460 3748 578 3820 prImam
605 3747 671 3824 quid

224 3826 323 3883 deinde
341 3826 492 3888 laciendum
518 3843 597 3893 esset.
624 3834 670 3890 ad·

225 3915 369 3972 iiciendnm
381 3919 462 3995 igitur
474 3920 615 3978 videbatur
623 3924 670 3987 ite,

224 4011 254 4057 ut
288 4002 334 4057 illa
369 4025 499 4082 praecepa
534 4007 670 4064 festinatio

808 1739 907 1795 ribus:
930 1737 979 1795 ΡΜ
995 1737 1073 1810 rell]
1098 1738 1172 1795 baec
1195 1736 1254 1794 incl·

809 1826 876 1883 dens
895 1833 944 1884 cet.
964 1857 998 1869 -
1016 1824 1254 1883 Drakenborcbiua

810 1914 944 1970 incidens
973 1915 1109 1971 veriorem
1132 1915 1255 1991 scriptu

808 2021 867 2058 ram
898 2001 991 2058 babuit
1020 2002 1098 2078 quod
1123 2001 1256 2058 a'raeedere

809 2089 928 2146 solerent
942 2091 988 2166 qui
998 2109 1061 2147 cam
1070 2088 1164 2166 aliqua
1177 2088 1254 2163 digni·

810 2185 865 2232 tate
883 2177 1057 2236 ambularent.
1076 2177 1154 2254 quod
1171 2195 1254 2255 quam·

751 2264 756 2277 “
809 2284 890 2341 qnam
907 2263 1053 2322 multorum
1071 2264 1197 2323 locorum
1214 2279 1253 2316 aa·

810 2354 935 2409 ctoritate
946 2353 1088 2429 probatur,
1105 2363 1254 2406 tamennon

811 2440 909 2498 dacaru
925 2439 981 2496 loci
997 2439 1046 2515 qul
1056 2435 1102 2495 vel
1116 2436 1254 2494 vehemen-

809 2530 943 2585 tissimam
955 2529 1086 2602 impetum
1098 2522 1197 2581 eodem
1208 2522 1255 2578 boc

809 2617 893 2673 verbo
920 2614 1034 2693 exprimi
1061 2614 1188 2690 potuisse
1213 2608 1255 2666 do·

810 2713 896 2763 ceant.
914 2697 1255 2778 neclegerepotcat,illnm

809 2791 947 2848 bominem
973 2789 1137 2847 sanmaimo
1163 2793 1256 2844 mente

809 2875 1255 2948 foribnsincesaiaae,noninpro-

808 2967 912 3023 vidum
929 2966 1071 3023 incidisse.
1094 2960 1138 3019 Cf.
1156 2973 1200 3013 ax.
1216 2973 1254 3030 gr.

808 3056 836 3118 7,
846 3055 906 3110 33.:
925 3063 978 3119 „ut
994 3069 1037 3104 me
1054 3044 1180 3122 videritis
1192 3063 1255 3120 qua·

810 3156 925 3213 eumque
951 3138 1087 3191 incessero
1116 3132 1146 3188 in
1173 3133 1255 3188 aciem

795 3223 929 3281 -bostinm
958 3223 1030 3278 ferro
1058 3223 1132 3278 viam
1159 3217 1254 3275 facien·

809 3321 877 3380 tem,
902 3314 944 3368 sic
960 3329 1011 3389 pro
1029 3328 1059 3365 se
1077 3310 1195 3385 quisque
1212 3306 1255 3363 ab

809 3400 870 3458 vioa
887 3401 1032 3456 aternite“.
1049 3399 1076 3464 5,
1095 3399 1154 3454 ft:
1174 3413 1256 3463 „enm

810 3485 871 3562 faga
890 3486 1025 3564 trepidum
1043 3484 1154 3562 plenum
1167 3485 1255 3541 volne·

810 3594 871 3630 rum
901 3593 932 3629 ac
961 3592 1060 3648 pavore
1093 3570 1256 3640 incidentem

810 3663 898 3737 portis
932 3662 1078 3717 exereitum
1113 3659 1255 3716 viderint“

811 3759 862 3803 cet
891 3751 923 3817 5,
946 3751 990 3806 26.
1020 3750 1068 3814 27,
1091 3748 1135 3805 13.
1157 3744 1194 3804 al.
1223 3773 1254 3788 -

810 3831 888 3893 Leid.
906 3854 936 3892 ιε
964 3835 1125 3911 principiam
1145 3831 1255 3889 loribus.

811 3920 855 3980 Cf.
874 3925 900 3990 l,
918 3925 975 3980 35.:
994 3920 1151 3998 hospitium.

743 4010 784 4068 10.
808 4019 973 4087 portaeque
1002 4011 1039 4065 ab
1068 4007 1256 4065 semisomnis

811 4118 849 4155 ae
858 4099 992 4157 maxima
1000 4105 1086 4172 parte
1095 4095 1256 4154 inermibus
