2618 4590
523 280 632 348 ussa
647 288 705 349 m.
1099 234 1189 346 141⁸

65 452 167 542 ipsam
193 452 346 520 restituit:
384 470 446 541 par
467 448 585 517 deinde
613 473 673 540 per
697 447 839 540 quinque
866 461 900 517 ct
926 449 1033 542 viginti
1061 474 1163 519 annos

66 596 110 607 —-
132 569 182 625 tot
204 557 291 622 enim
319 566 432 645 postea
454 555 532 624 vixit
552 592 597 605 -
617 553 712 622 titulo
738 563 846 620 tantae
872 554 990 644 gloriae
1010 557 1085 642 fuit,
1117 557 1161 625 di-

67 685 216 751 gnusque
237 660 365 726 babitus
387 683 484 757 quem
504 659 683 727 secundnm
705 658 879 726 allomulo
900 661 1097 729 conditorem
1110 686 1161 730 un

66 767 114 830 bis
136 765 300 831 Romanae
321 764 447 830 tenent.

154 871 192 936 ll.
230 869 279 936 Et
301 869 367 934 boc
395 878 428 934 ct
455 866 635 959 insequenti
660 870 744 936 ¹auno
767 867 805 937 0.
828 868 970 962 Sulpicio
991 868 1101 939 Petico
1123 868 1198 940 (1.5

68 973 187 1039 Licinio
207 973 341 1041 Stolone
362 973 546 1039 consulibus
567 974 749 1066 pestilentia
769 973 838 1042 luit.
872 998 913 1042 eo
934 975 1012 1041 nibil
1033 973 1164 1064 dignum

63 1077 217 1145 memoria
239 1089 360 1161 actum,
387 1077 448 1144 nisi
470 1079 560 1168 quod
579 1079 667 1168 pacis
696 1079 793 1145 deum
821 1081 1044 1170 exposcendae
1067 1102 1163 1146 censa

61 1182 156 1248 tertio
177 1193 248 1249 tum
268 1193 343 1272 post
364 1168 526 1250 conditam
547 1184 661 1251 urbem
675 1184 904 1252 lectisternium
925 1184 995 1252 fuit.
1032 1196 1066 1251 et
1087 1208 1163 1251 cum

61 1287 110 1356 vis
131 1287 236 1354 morbi
255 1280 487 1355 ncc'hnmanis
515 1288 653 1356 consiliis
680 1313 741 1356 nec
770 1313 833 1380 ope
862 1289 968 1357 divina
993 1289 1162 1373 levaretur,

60 1393 151 1460 victis
173 1392 397 1482 superstitione
420 1392 532 1459 anisnis
554 1392 621 1458 ludi
643 1417 774 1484 quoque
795 1394 915 1463 scenici
935 1431 980 1442 -
1001 1418 1086 1463 nova
1107 1417 1160 1461 res
1173 1405 1208 1461 1⁰

59 1497 214 1565 bellicoso
236 1499 369 1588 populo,
390 1522 467 1564 nam
489 1496 563 1565 circi
584 1499 683 1567 modo
703 1499 926 1588 spectaculum
940 1499 1044 1566 lucrat
1057 1536 1102 1547 —
1115 1499 1161 1566 in-

59 1613 109 1668 tcr
131 1601 191 1668 alia
214 1602 359 1670 caelestis
381 1603 446 1670 irac
469 1603 647 1694 placamina
668 1603 802 1670 instituti
823 1603 980 1669 dicuntur.
1018 1614 1162 1670 ceterum

58 1731 157 1796 parva
181 1731 311 1798 quoque
333 1719 370 1776 ut
390 1704 500 1776 fermc²
513 1707 667 1799 principia
683 1706 789 1775 omnia
812 1717 846 1774 et
860 1730 897 1773 ca
912 1706 981 1797 ipsa
996 1709 1161 1798 peregrina

76 1856 103 1912 1.
128 1872 186 1929 per
204 1856 335 1932 quinque
353 1864 383 1912 et
400 1856 507 1935 uiginti
522 1875 575 1912 un·
716 1864 780 1934 post
796 1855 890 1912 urbem
908 1853 1052 1914 conditam.
1065 1886 1100 1897 -
1118 1853 1162 1915 Cl.

131 1962 203 1997 nos:
214 1939 291 1999 Leid.
299 1960 318 1997 1.
332 1939 405 2000 Harl.
415 1962 433 2001 1.
450 1942 484 2001 al.
501 1941 576 2000 Idem

130 2029 171 2086 lll:
195 2048 252 2106 per.
274 2047 300 2084 n.
318 2041 339 2083 tc
356 2048 401 2089 xx.
424 2049 517 2088 annos.
540 2029 576 2086 Pr

129 2136 180 2194 per
191 2137 208 2172 v
221 2125 249 2172 et
259 2135 314 2173 xxx
323 2136 415 2177 annos.
426 2149 460 2159 -
470 2116 503 2177 A.
513 2119 576 2177 364.

128 2203 215 2260 Roma
242 2225 257 2260 a
285 2203 370 2261 Gallis
396 2214 472 2283 cspts
503 2216 574 2262 erati

128 2294 247 2369 quinque
269 2293 351 2366 igitur
370 2301 398 2349 et
414 2295 509 2368 viginti
527 2314 574 2349 an·

129 2381 172 2436 nis
181 2379 293 2435 adiectis
304 2400 389 2436 sunus
397 2383 460 2439 389.
469 2380 509 2450 fit,
519 2399 574 2458 qun

128 2469 189 2543 ipso
208 2487 278 2523 anno
296 2466 331 2526 M.
349 2467 447 2525 Furius
467 2477 573 2542 octoge-

128 2556 221 2610 narius
238 2552 359 2611 mortuns
376 2566 426 2614 est.
449 2586 485 2596 —
510 2555 572 2613 Ptl:

129 2652 172 2698 tot
189 2644 260 2698 enim
277 2651 370 2720 postca
388 2645 465 2703 uixit.
491 2642 573 2703 lieet.

128 2728 204 2805 quid.
227 2729 319 2787 codd:
346 2739 388 2786 tot
414 2732 485 2786 enim
510 2739 576 2808 post

128 2818 206 2874 uixit.
225 2845 259 2858 -
278 2816 311 2872 l’:
330 2836 411 2891 quem
428 2822 494 2873 secia
510 2817 575 2874 dnm

129 2924 145 2959 a
164 2901 276 2960 romulo.
295 2934 329 2944 -
350 2900 390 2957 ld:
408 2903 504 2961 lerent.

75 2994 101 3051 5.
129 2991 162 3050 C.
193 2989 327 3066 Sulpicio
357 2989 475 3047 Petico:
505 2990 574 3067 Cap.

128 3076 222 3152 fragm.
246 3086 273 3132 ct
289 3075 373 3137 Diod.
398 3079 446 3147 15,
467 3079 511 3137 9⁶.
541 3108 574 3120 -

127 3162 167 3220 Pr
184 3207 201 3234 ,,
208 3173 229 3224 t.
246 3163 362 3243 sulpicio
373 3167 515 3242 poetico“.
532 3165 573 3223 ld:

131 3261 173 3322 „t
200 3250 316 3330 sulpicio
341 3255 462 3332 petico“.
497 3250 574 3311 Idem

97 3380 100 3386 ‹
129 3342 173 3399 vir
190 3343 216 3408 7,
229 3343 254 3400 9.
266 3343 294 3396 in
306 3340 360 3398 ΡΜ·
367 3343 519 3398 nominatus
532 3351 574 3398 cst

127 3427 239 3484 Lucius
252 3427 417 3503 Sulpicius.-
429 3428 478 3485 scd
490 3422 517 3497 7,
529 3432 573 3486 17.

130 3518 173 3572 18.
192 3513 226 3572 sl.
244 3523 317 3569 recte
328 3516 464 3592 scriptum
487 3519 575 3573 estin

128 3599 191 3658 PM:
210 3600 269 3667 „C.
287 3599 438 3674 Sulpicius
455 3601 575 3659 Peticus

128 3690 278 3746 tertium“.
297 3717 331 3728 -
357 3685 419 3742 Plll:
440 3709 463 3747 c.
481 3688 574 3746 licinio

128 3774 236 3831 stolone
253 3793 308 3833 cos.
326 3772 479 3851 pestilentia
497 3775 557 3834 luit.

76 3863 102 3920 8.
120 3863 216 3918 ‘tertio
241 3871 304 3917 tum
328 3869 399 3935 post
425 3863 575 3918 conditam

131 3950 232 4003 urbem
255 3949 469 4004 lectisternium
490 3947 574 4021 fuit:

116 4031 188 4090 ¹Pld.
202 4060 237 4075 -ε
253 4033 334 4093 llaec.
353 4033 462 4110 quidam
480 4034 574 4093 codd:

110 4120 242 4177 testim
263 4131 321 4179 tum
347 4131 399 4181 eet:
413 4150 416 4155 ·
430 4119 510 4181 Voss.
528 4141 573 4180 sn:

714 1947 822 2012 5‚13.=
848 1944 958 2018 „gravis
979 1942 1163 2020 pestilensque

717 2032 842 2087 omnibns
861 2028 1019 2086 animalibus
1031 2039 1118 2087 nestas
1128 2062 1161 2073 -

716 2117 881 2175 lectisternio
898 2127 969 2173 tunc
988 2120 1116 2192 primum
1133 2119 1163 2174 in

716 2207 783 2264 urbe
792 2205 912 2262 linmsua
922 2203 1016 2261 lacto“
1029 2216 1079 2265 cet.
1097 2205 1161 2282 Qun

717 2313 790 2350 anno
822 2292 936 2349 alterum
969 2291 1051 2350 luerit
1084 2291 1160 2351 lecti·

714 2383 855 2448 mercium,
872 2378 904 2439 L.
922 2400 977 2436 nou
995 2379 1108 2441 rettulit.

645 2468 689 2528 10.
717 2470 803 2526 uictis
816 2469 1027 2543 superstitione
1039 2470 1162 2527 animis.-

715 2554 1161 2617 MmQR—Mmh

716 2644 807 2703 animi.
837 2674 871 2687 -
901 2641 936 2700 P:
966 2645 1096 2702 scaenici.
1126 2676 1161 2685 -
1201 2686 1207 2705 .

653 2758 656 2763 ·
717 2730 794 2787 Circi
838 2729 920 2786 modo
967 2730 1162 2805 spectaculum
1207 2730 1214 2755 ⁸

717 2815 834 2892 „Spiele
852 2817 900 2871 aul
915 2816 963 2872 der
979 2815 1162 2872 Rennbnhn“.
1212 2850 1218 2857 -

640 2903 691 2960 13.
718 2909 748 2958 et
770 2923 807 2959 ea
834 2904 901 2976 ipsa
924 2903 1086 2980 peregrina
1111 2921 1163 2957 res

710 2985 792 3060 fuit:
809 2987 866 3049 ΡΜ.
884 2989 911 3048 b.
930 3009 954 3048 ε.
978 3009 1029 3045 nce
1050 3008 1081 3044 es
1103 2989 1162 3065 qui·

716 3075 778 3131 dem
811 3096 971 3154 quemquem
1004 3077 1082 3154 parvi
1110 3077 1180 3133 intr

714 3165 747 3219 tii
769 3183 813 3220 res
840 3164 987 3221 domestice
1011 3185 1043 3221 sc
1069 3184 1162 3222 verns·

715 3249 776 3308 cula
794 3251 852 3311 luit.
884 3253 981 3322 „Abas
998 3252 1163 3336 dieseersts

715 3339 854 3395 sceniscbe
892 3337 1064 3412 Darstellung
1103 3357 1163 3394 war

716 3427 772 3484 wie
794 3424 847 3481 last
867 3426 963 3480 immor
986 3424 1035 3481 der
1056 3424 1163 3499 Aniang

717 3533 770 3569 nur
786 3511 984 3581 antedonem,
1004 3512 1061 3569 und
1078 3511 1163 3570 selbst

718 3599 786 3657 datu
803 3600 901 3656 mulste
923 3619 985 3655 rnan
1005 3600 1065 3657 sicb
1082 3600 1161 3657 irem·

716 3686 766 3743 der·
777 3686 865 3744 illittcl
876 3687 1022 3745 bedicnen:
1040 3688 1111 3744 ohne
1127 3689 1164 3744 ei·

716 3795 769 3831 nen
779 3777 950 3832 bestimmten
960 3775 1076 3851 Gesang,
1092 3776 1165 3832 obus

716 3864 761 3918 ein
779 3863 831 3918 den
849 3861 938 3918 lnbnlt
961 3863 1009 3919 des
1028 3862 1165 3937 Gessnges

717 3948 932 4006 ausdruclrendes
988 3948 1163 4005 Gebcbtden·

715 4035 785 4113 spiel
812 4047 920 4094 tanrtsn
943 4035 987 4093 die
1012 4054 1061 4092 ans
1081 4035 1161 4091 Etru·

715 4124 774 4180 risu
792 4124 936 4198 geruleuen
948 4120 1078 4182 [nune
1091 4120 1160 4179 naclr
