<?xml version="1.0" encoding="UTF-8"?>
<!DOCTYPE html PUBLIC "-//W3C//DTD XHTML 1.0 Transitional//EN"
    "http://www.w3.org/TR/xhtml1/DTD/xhtml1-transitional.dtd">
<html xmlns="http://www.w3.org/1999/xhtml" xml:lang="en" lang="en">
 <head>
  <title>
</title>
<meta http-equiv="Content-Type" content="text/html;charset=utf-8" />
  <meta name='ocr-system' content='tesseract 3.04.00' />
  <meta name='ocr-capabilities' content='ocr_page ocr_carea ocr_par ocr_line ocrx_word'/>
</head>
<body>
  <div class='ocr_page' id='page_1' title='image "./titilivirerumro01alscgoog_0080.png"; bbox 0 0 2618 4590; ppageno 0'>
   <div class='ocr_carea' id='block_1_1' title="bbox 533 264 1167 339">
    <p class='ocr_par' dir='ltr' id='par_1_1' title="bbox 533 264 1167 339">
     <span class='ocr_line' id='line_1_1' title="bbox 533 264 1167 339; baseline 0.008 -5"><span class='ocrx_word' id='word_1_1' title='bbox 533 274 644 337; x_wconf 78' lang='lat' dir='ltr'>ldBllll</span> <span class='ocrx_word' id='word_1_2' title='bbox 658 276 706 339; x_wconf 80' lang='lat' dir='ltr'>vt.</span> <span class='ocrx_word' id='word_1_3' title='bbox 1124 264 1167 339; x_wconf 75' lang='lat'>61</span> 
     </span>
    </p>
   </div>
   <div class='ocr_carea' id='block_1_2' title="bbox 56 436 1284 1890">
    <p class='ocr_par' dir='ltr' id='par_1_2' title="bbox 56 436 1284 1890">
     <span class='ocr_line' id='line_1_2' title="bbox 67 436 1188 533; baseline 0.005 -29"><span class='ocrx_word' id='word_1_4' title='bbox 67 448 176 506; x_wconf 87' lang='lat' dir='ltr'>tamen</span> <span class='ocrx_word' id='word_1_5' title='bbox 197 438 449 529; x_wconf 78' lang='lat' dir='ltr'>qualescumque</span> <span class='ocrx_word' id='word_1_6' title='bbox 473 436 571 505; x_wconf 91' lang='lat' dir='ltr'>duces</span> <span class='ocrx_word' id='word_1_7' title='bbox 592 436 745 505; x_wconf 87' lang='lat' dir='ltr'>habuistis</span> <span class='ocrx_word' id='word_1_8' title='bbox 760 436 1007 533; x_wconf 67' lang='lat' dir='ltr'>qualescumque</span> <span class='ocrx_word' id='word_1_9' title='bbox 1029 441 1088 532; x_wconf 90' lang='lat' dir='ltr'>ipsi</span> <span class='ocrx_word' id='word_1_10' title='bbox 1110 440 1188 509; x_wconf 74' lang='lat' dir='ltr'>tut·</span> 
     </span>
     <span class='ocr_line' id='line_1_3' title="bbox 65 542 1167 633; baseline 0.004 -23"><span class='ocrx_word' id='word_1_11' title='bbox 65 544 139 627; x_wconf 90' lang='lat' dir='ltr'>stis,</span> <span class='ocrx_word' id='word_1_12' title='bbox 166 544 274 610; x_wconf 91' lang='lat' dir='ltr'>omnia</span> <span class='ocrx_word' id='word_1_13' title='bbox 302 544 406 609; x_wconf 91' lang='lat' dir='ltr'>adhuc</span> <span class='ocrx_word' id='word_1_14' title='bbox 426 580 471 590; x_wconf 91' lang='lat'><em>-</em></span> <span class='ocrx_word' id='word_1_15' title='bbox 493 554 751 633; x_wconf 86' lang='lat' dir='ltr'>quantacumque</span> <span class='ocrx_word' id='word_1_16' title='bbox 776 542 898 631; x_wconf 88' lang='lat' dir='ltr'>petistis</span> <span class='ocrx_word' id='word_1_17' title='bbox 919 546 1167 613; x_wconf 83' lang='lat' dir='ltr'>-obtinuistis</span> 
     </span>
     <span class='ocr_line' id='line_1_4' title="bbox 66 646 1166 736; baseline 0.005 -24"><span class='ocrx_word' id='word_1_18' title='bbox 66 670 128 713; x_wconf 89' lang='lat' dir='ltr'>sen</span> <span class='ocrx_word' id='word_1_19' title='bbox 149 648 182 714; x_wconf 88' lang='lat' dir='ltr'>vi</span> <span class='ocrx_word' id='word_1_20' title='bbox 203 672 264 714; x_wconf 92' lang='lat' dir='ltr'>seu</span> <span class='ocrx_word' id='word_1_21' title='bbox 286 649 412 715; x_wconf 71' lang='lat' dir='ltr'>fortuma</span> <span class='ocrx_word' id='word_1_22' title='bbox 426 659 540 714; x_wconf 87' lang='lat' dir='ltr'>vestra.</span> <span class='ocrx_word' id='word_1_23' title='bbox 575 659 703 736; x_wconf 84' lang='lat' dir='ltr'>tempus</span> <span class='ocrx_word' id='word_1_24' title='bbox 726 657 774 715; x_wconf 88' lang='lat' dir='ltr'>est</span> <span class='ocrx_word' id='word_1_25' title='bbox 795 647 892 713; x_wconf 88' lang='lat' dir='ltr'>etiam</span> <span class='ocrx_word' id='word_1_26' title='bbox 905 650 1023 717; x_wconf 91' lang='lat' dir='ltr'>maiora</span> <span class='ocrx_word' id='word_1_27' title='bbox 1043 646 1166 718; x_wconf 76' lang='lat' dir='ltr'>conari:</span> 
     </span>
     <span class='ocr_line' id='line_1_5' title="bbox 67 752 1166 843; baseline 0.005 -25"><span class='ocrx_word' id='word_1_28' title='bbox 67 753 260 841; x_wconf 84' lang='lat' dir='ltr'>experimini</span> <span class='ocrx_word' id='word_1_29' title='bbox 280 755 378 821; x_wconf 93' lang='lat' dir='ltr'>modo</span> <span class='ocrx_word' id='word_1_30' title='bbox 399 764 432 820; x_wconf 87' lang='lat' dir='ltr'>et</span> <span class='ocrx_word' id='word_1_31' title='bbox 452 763 591 819; x_wconf 89' lang='lat' dir='ltr'>vestram</span> <span class='ocrx_word' id='word_1_32' title='bbox 613 752 797 819; x_wconf 74' lang='lat' dir='ltr'>felicitatem</span> <span class='ocrx_word' id='word_1_33' title='bbox 818 763 851 818; x_wconf 94' lang='lat' dir='ltr'>et</span> <span class='ocrx_word' id='word_1_34' title='bbox 872 777 926 820; x_wconf 89' lang='lat' dir='ltr'>me</span> <span class='ocrx_word' id='word_1_35' title='bbox 947 765 985 819; x_wconf 91' lang='lat' dir='ltr'>ut</span> <span class='ocrx_word' id='word_1_36' title='bbox 1006 778 1098 843; x_wconf 86' lang='lat' dir='ltr'>spero</span> <span class='ocrx_word' id='word_1_37' title='bbox 1121 755 1166 823; x_wconf 85' lang='lat' dir='ltr'>le·</span> 
     </span>
     <span class='ocr_line' id='line_1_6' title="bbox 56 842 1284 951; baseline 0.007 -30"><span class='ocrx_word' id='word_1_38' title='bbox 56 857 172 923; x_wconf 89' lang='lat' dir='ltr'>liciter</span> <span class='ocrx_word' id='word_1_39' title='bbox 200 842 379 947; x_wconf 64' lang='lat' dir='ltr'>expertum}</span> <span class='ocrx_word' id='word_1_40' title='bbox 413 857 535 951; x_wconf 71' lang='lat' dir='ltr'>minore</span> <span class='ocrx_word' id='word_1_41' title='bbox 563 856 691 947; x_wconf 77' lang='lat' dir='ltr'>negotio</span> <span class='ocrx_word' id='word_1_42' title='bbox 719 856 774 946; x_wconf 91' lang='lat' dir='ltr'>qni</span> <span class='ocrx_word' id='word_1_43' title='bbox 801 856 937 946; x_wconf 91' lang='lat' dir='ltr'>imperet</span> <span class='ocrx_word' id='word_1_44' title='bbox 959 859 1101 947; x_wconf 90' lang='lat' dir='ltr'>patribus</span> <span class='ocrx_word' id='word_1_45' title='bbox 1123 860 1195 929; x_wconf 77' lang='lat' dir='ltr'>iri-a</span> <span class='ocrx_word' id='word_1_46' title='bbox 1279 858 1284 869; x_wconf 80' lang='lat'>&#39;</span> 
     </span>
     <span class='ocr_line' id='line_1_7' title="bbox 65 958 1277 1053; baseline 0.002 -27"><span class='ocrx_word' id='word_1_47' title='bbox 65 963 205 1049; x_wconf 89' lang='lat' dir='ltr'>ponetis,</span> <span class='ocrx_word' id='word_1_48' title='bbox 227 987 323 1052; x_wconf 90' lang='lat' dir='ltr'>qnam</span> <span class='ocrx_word' id='word_1_49' title='bbox 345 963 401 1053; x_wconf 88' lang='lat' dir='ltr'>qui</span> <span class='ocrx_word' id='word_1_50' title='bbox 422 964 605 1029; x_wconf 73' lang='lat' dir='ltr'>resisterent</span> <span class='ocrx_word' id='word_1_51' title='bbox 626 962 854 1050; x_wconf 80' lang='lat' dir='ltr'>imperantibus</span> <span class='ocrx_word' id='word_1_52' title='bbox 876 962 1071 1051; x_wconf 84' lang='lat' dir='ltr'>inposuistis.</span> <span class='ocrx_word' id='word_1_53' title='bbox 1096 964 1167 1029; x_wconf 87' lang='lat' dir='ltr'>solo</span> <span class='ocrx_word' id='word_1_54' title='bbox 1274 958 1277 965; x_wconf 64' lang='grc'><strong>’</strong></span> 
     </span>
     <span class='ocr_line' id='line_1_8' title="bbox 65 1065 1169 1157; baseline 0.003 -27"><span class='ocrx_word' id='word_1_55' title='bbox 65 1067 253 1154; x_wconf 80' lang='lat' dir='ltr'>aequandae</span> <span class='ocrx_word' id='word_1_56' title='bbox 274 1078 350 1133; x_wconf 87' lang='lat' dir='ltr'>smrt</span> <span class='ocrx_word' id='word_1_57' title='bbox 370 1066 543 1133; x_wconf 89' lang='lat' dir='ltr'>dictaturae</span> <span class='ocrx_word' id='word_1_58' title='bbox 565 1065 822 1155; x_wconf 82' lang='lat' dir='ltr'>consulatusque,</span> <span class='ocrx_word' id='word_1_59' title='bbox 848 1079 885 1133; x_wconf 92' lang='lat' dir='ltr'>ut</span> <span class='ocrx_word' id='word_1_60' title='bbox 906 1078 1004 1157; x_wconf 87' lang='lat' dir='ltr'>eaput</span> <span class='ocrx_word' id='word_1_61' title='bbox 1024 1068 1169 1134; x_wconf 82' lang='lat' dir='ltr'>attollere</span> 
     </span>
     <span class='ocr_line' id='line_1_9' title="bbox 62 1170 1170 1262; baseline 0.001 -26"><span class='ocrx_word' id='word_1_62' title='bbox 62 1170 212 1236; x_wconf 88' lang='lat' dir='ltr'>Romana</span> <span class='ocrx_word' id='word_1_63' title='bbox 232 1172 345 1260; x_wconf 87' lang='lat' dir='ltr'>plebes</span> <span class='ocrx_word' id='word_1_64' title='bbox 366 1172 478 1261; x_wconf 85' lang='lat' dir='ltr'>possit.</span> <span class='ocrx_word' id='word_1_65' title='bbox 516 1171 649 1261; x_wconf 84' lang='lat' dir='ltr'>proinde</span> <span class='ocrx_word' id='word_1_66' title='bbox 665 1171 782 1253; x_wconf 87' lang='lat' dir='ltr'>adeste,</span> <span class='ocrx_word' id='word_1_67' title='bbox 803 1172 971 1260; x_wconf 86' lang='lat' dir='ltr'>prohibete</span> <span class='ocrx_word' id='word_1_68' title='bbox 984 1172 1035 1237; x_wconf 89' lang='lat' dir='ltr'>ius</span> <span class='ocrx_word' id='word_1_69' title='bbox 1058 1172 1099 1239; x_wconf 92' lang='lat' dir='ltr'>dc</span> <span class='ocrx_word' id='word_1_70' title='bbox 1115 1194 1170 1262; x_wconf 92' lang='lat' dir='ltr'>pe·</span> 
     </span>
     <span class='ocr_line' id='line_1_10' title="bbox 64 1274 1170 1368; baseline -0.001 -26"><span class='ocrx_word' id='word_1_71' title='bbox 64 1275 168 1342; x_wconf 82' lang='lat' dir='ltr'>cuniis</span> <span class='ocrx_word' id='word_1_72' title='bbox 190 1275 267 1342; x_wconf 86' lang='lat' dir='ltr'>dici:</span> <span class='ocrx_word' id='word_1_73' title='bbox 306 1300 367 1366; x_wconf 79' lang='lat' dir='ltr'>ego</span> <span class='ocrx_word' id='word_1_74' title='bbox 389 1301 442 1343; x_wconf 93' lang='lat' dir='ltr'>me</span> <span class='ocrx_word' id='word_1_75' title='bbox 464 1288 635 1364; x_wconf 91' lang='lat' dir='ltr'>patronum</span> <span class='ocrx_word' id='word_1_76' title='bbox 655 1274 807 1364; x_wconf 86' lang='lat' dir='ltr'>profiteor</span> <span class='ocrx_word' id='word_1_77' title='bbox 833 1277 951 1366; x_wconf 93' lang='lat' dir='ltr'>plebis,</span> <span class='ocrx_word' id='word_1_78' title='bbox 980 1277 1069 1368; x_wconf 90' lang='lat' dir='ltr'>quod</span> <span class='ocrx_word' id='word_1_79' title='bbox 1090 1275 1170 1341; x_wconf 81' lang='lat' dir='ltr'>milri</span> 
     </span>
     <span class='ocr_line' id='line_1_11' title="bbox 58 1379 1216 1473; baseline 0.005 -28"><span class='ocrx_word' id='word_1_80' title='bbox 58 1403 144 1445; x_wconf 82' lang='lat' dir='ltr'>cura</span> <span class='ocrx_word' id='word_1_81' title='bbox 165 1404 238 1446; x_wconf 77' lang='lat' dir='ltr'>ntea</span> <span class='ocrx_word' id='word_1_82' title='bbox 261 1392 293 1447; x_wconf 91' lang='lat' dir='ltr'>ct</span> <span class='ocrx_word' id='word_1_83' title='bbox 313 1381 393 1448; x_wconf 90' lang='lat' dir='ltr'>fides</span> <span class='ocrx_word' id='word_1_84' title='bbox 416 1404 535 1447; x_wconf 90' lang='lat' dir='ltr'>nomen</span> <span class='ocrx_word' id='word_1_85' title='bbox 556 1380 665 1446; x_wconf 87' lang='lat' dir='ltr'>induit.</span> <span class='ocrx_word' id='word_1_86' title='bbox 703 1404 761 1447; x_wconf 85' lang='lat' dir='ltr'>vos</span> <span class='ocrx_word' id='word_1_87' title='bbox 784 1379 810 1445; x_wconf 91' lang='lat' dir='ltr'>si</span> <span class='ocrx_word' id='word_1_88' title='bbox 839 1406 904 1470; x_wconf 92' lang='lat' dir='ltr'>qno</span> <span class='ocrx_word' id='word_1_89' title='bbox 933 1382 1045 1473; x_wconf 80' lang='lat' dir='ltr'>insigni</span> <span class='ocrx_word' id='word_1_90' title='bbox 1066 1380 1167 1471; x_wconf 72' lang='lat' dir='ltr'>magis</span> <span class='ocrx_word' id='word_1_91' title='bbox 1182 1396 1216 1451; x_wconf 83' lang='lat' dir='ltr'>to</span> 
     </span>
     <span class='ocr_line' id='line_1_12' title="bbox 60 1482 1167 1575; baseline 0.004 -26"><span class='ocrx_word' id='word_1_92' title='bbox 60 1482 191 1572; x_wconf 85' lang='lat' dir='ltr'>imperii</span> <span class='ocrx_word' id='word_1_93' title='bbox 215 1484 387 1551; x_wconf 76' lang='lat' dir='ltr'>honorIsvc</span> <span class='ocrx_word' id='word_1_94' title='bbox 415 1486 543 1553; x_wconf 91' lang='lat' dir='ltr'>nomine</span> <span class='ocrx_word' id='word_1_95' title='bbox 572 1496 715 1552; x_wconf 88' lang='lat' dir='ltr'>vestrum</span> <span class='ocrx_word' id='word_1_96' title='bbox 741 1485 939 1575; x_wconf 87' lang='lat' dir='ltr'>appellabitis</span> <span class='ocrx_word' id='word_1_97' title='bbox 967 1486 1099 1567; x_wconf 90' lang='lat' dir='ltr'>ducem,</span> <span class='ocrx_word' id='word_1_98' title='bbox 1127 1510 1167 1553; x_wconf 90' lang='lat' dir='ltr'>co</span> 
     </span>
     <span class='ocr_line' id='line_1_13' title="bbox 60 1587 1168 1679; baseline 0.003 -26"><span class='ocrx_word' id='word_1_99' title='bbox 60 1588 199 1654; x_wconf 82' lang='lat' dir='ltr'>utenrini</span> <span class='ocrx_word' id='word_1_100' title='bbox 220 1589 400 1679; x_wconf 89' lang='lat' dir='ltr'>potentiore</span> <span class='ocrx_word' id='word_1_101' title='bbox 423 1590 463 1654; x_wconf 93' lang='lat' dir='ltr'>ad</span> <span class='ocrx_word' id='word_1_102' title='bbox 491 1590 662 1655; x_wconf 87' lang='lat' dir='ltr'>obtinenda</span> <span class='ocrx_word' id='word_1_103' title='bbox 689 1613 728 1654; x_wconf 86' lang='lat' dir='ltr'>ca</span> <span class='ocrx_word' id='word_1_104' title='bbox 756 1613 839 1678; x_wconf 89' lang='lat' dir='ltr'>quac</span> <span class='ocrx_word' id='word_1_105' title='bbox 860 1587 988 1655; x_wconf 77' lang='lat' dir='ltr'>vultis“.</span> <span class='ocrx_word' id='word_1_106' title='bbox 1026 1591 1099 1656; x_wconf 88' lang='lat' dir='ltr'>inde</span> <span class='ocrx_word' id='word_1_107' title='bbox 1126 1589 1168 1656; x_wconf 88' lang='lat' dir='ltr'>de</span> 
     </span>
     <span class='ocr_line' id='line_1_14' title="bbox 58 1678 1168 1782; baseline 0.003 -24"><span class='ocrx_word' id='word_1_108' title='bbox 58 1716 165 1781; x_wconf 80' lang='lat' dir='ltr'>regno</span> <span class='ocrx_word' id='word_1_109' title='bbox 190 1695 301 1782; x_wconf 81' lang='lat' dir='ltr'>agendi</span> <span class='ocrx_word' id='word_1_110' title='bbox 324 1678 430 1760; x_wconf 80' lang='lat' dir='ltr'>ortum</span> <span class='ocrx_word' id='word_1_111' title='bbox 450 1694 574 1759; x_wconf 89' lang='lat' dir='ltr'>initium</span> <span class='ocrx_word' id='word_1_112' title='bbox 589 1694 710 1775; x_wconf 84' lang='lat' dir='ltr'>dicitnr,</span> <span class='ocrx_word' id='word_1_113' title='bbox 732 1693 789 1759; x_wconf 87' lang='lat' dir='ltr'>scd</span> <span class='ocrx_word' id='word_1_114' title='bbox 812 1718 871 1759; x_wconf 88' lang='lat' dir='ltr'>nec</span> <span class='ocrx_word' id='word_1_115' title='bbox 888 1717 963 1758; x_wconf 91' lang='lat' dir='ltr'>cum</span> <span class='ocrx_word' id='word_1_116' title='bbox 977 1694 1092 1782; x_wconf 88' lang='lat' dir='ltr'>quibus</span> <span class='ocrx_word' id='word_1_117' title='bbox 1107 1717 1168 1761; x_wconf 87' lang='lat' dir='ltr'>nec</span> 
     </span>
     <span class='ocr_line' id='line_1_15' title="bbox 59 1797 1145 1890; baseline 0.002 -28"><span class='ocrx_word' id='word_1_118' title='bbox 59 1821 168 1888; x_wconf 75' lang='lat' dir='ltr'>«prem</span> <span class='ocrx_word' id='word_1_119' title='bbox 190 1797 230 1861; x_wconf 91' lang='lat' dir='ltr'>ad</span> <span class='ocrx_word' id='word_1_120' title='bbox 251 1797 350 1863; x_wconf 87' lang='lat' dir='ltr'>finem</span> <span class='ocrx_word' id='word_1_121' title='bbox 370 1797 500 1864; x_wconf 88' lang='lat' dir='ltr'>consilia</span> <span class='ocrx_word' id='word_1_122' title='bbox 522 1797 732 1889; x_wconf 82' lang='lat' dir='ltr'>pervenerint,</span> <span class='ocrx_word' id='word_1_123' title='bbox 754 1797 829 1865; x_wconf 90' lang='lat' dir='ltr'>satis</span> <span class='ocrx_word' id='word_1_124' title='bbox 852 1799 983 1890; x_wconf 93' lang='lat' dir='ltr'>planum</span> <span class='ocrx_word' id='word_1_125' title='bbox 1004 1797 1145 1864; x_wconf 88' lang='lat' dir='ltr'>traditur.</span> 
     </span>
    </p>
   </div>
   <div class='ocr_carea' id='block_1_3' title="bbox 42 2014 1207 4095">
    <p class='ocr_par' dir='ltr' id='par_1_3' title="bbox 80 2014 1171 2353">
     <span class='ocr_line' id='line_1_16' title="bbox 80 2014 1169 2092; baseline 0.003 -21"><span class='ocrx_word' id='word_1_126' title='bbox 80 2016 111 2074; x_wconf 91' lang='lat'>1.</span> <span class='ocrx_word' id='word_1_127' title='bbox 130 2014 583 2092; x_wconf 78' lang='lat' dir='ltr'>tanrcn(„glcichwoltl⁴‘)quoles·</span> <span class='ocrx_word' id='word_1_128' title='bbox 723 2026 824 2074; x_wconf 79' lang='lat' dir='ltr'>uestra</span> <span class='ocrx_word' id='word_1_129' title='bbox 839 2018 971 2089; x_wconf 81' lang='lat' dir='ltr'>fortuna</span> <span class='ocrx_word' id='word_1_130' title='bbox 993 2016 1100 2074; x_wconf 78' lang='lat' dir='ltr'>felicem</span> <span class='ocrx_word' id='word_1_131' title='bbox 1123 2036 1169 2074; x_wconf 86' lang='lat' dir='ltr'>ex·</span> 
     </span>
     <span class='ocr_line' id='line_1_17' title="bbox 138 2103 911 2181; baseline 0.006 -23"><span class='ocrx_word' id='word_1_132' title='bbox 138 2122 264 2180; x_wconf 80' lang='lat' dir='ltr'>cumque</span> <span class='ocrx_word' id='word_1_133' title='bbox 276 2103 367 2159; x_wconf 78' lang='lat' dir='ltr'>ducas</span> <span class='ocrx_word' id='word_1_134' title='bbox 379 2103 540 2161; x_wconf 78' lang='lat' dir='ltr'>habuistis:</span> <span class='ocrx_word' id='word_1_135' title='bbox 552 2103 583 2162; x_wconf 87' lang='lat' dir='ltr'>P.</span> <span class='ocrx_word' id='word_1_136' title='bbox 724 2107 796 2181; x_wconf 88' lang='lat' dir='ltr'>perti</span> <span class='ocrx_word' id='word_1_137' title='bbox 814 2107 878 2160; x_wconf 88' lang='lat' dir='ltr'>estis</span> <span class='ocrx_word' id='word_1_138' title='bbox 885 2111 911 2163; x_wconf 84' lang='lat'>“.</span> 
     </span>
     <span class='ocr_line' id='line_1_18' title="bbox 140 2188 1171 2269; baseline 0.004 -26"><span class='ocrx_word' id='word_1_139' title='bbox 140 2220 174 2229; x_wconf 94' lang='lat'>-</span> <span class='ocrx_word' id='word_1_140' title='bbox 195 2188 227 2244; x_wconf 89' lang='lat' dir='ltr'>ln</span> <span class='ocrx_word' id='word_1_141' title='bbox 247 2188 275 2244; x_wconf 99' lang='grc' dir='ltr'><strong>Μ</strong></span> <span class='ocrx_word' id='word_1_142' title='bbox 293 2188 394 2245; x_wconf 85' lang='lat' dir='ltr'>excidit</span> <span class='ocrx_word' id='word_1_143' title='bbox 413 2199 527 2257; x_wconf 74' lang='lat' dir='ltr'>tarraco,</span> <span class='ocrx_word' id='word_1_144' title='bbox 553 2193 583 2246; x_wconf 90' lang='lat' dir='ltr'>in</span> <span class='ocrx_word' id='word_1_145' title='bbox 671 2193 698 2249; x_wconf 85' lang='lat'>5.</span> <span class='ocrx_word' id='word_1_146' title='bbox 724 2194 838 2248; x_wconf 75' lang='lat' dir='ltr'>rainere</span> <span class='ocrx_word' id='word_1_147' title='bbox 850 2193 983 2269; x_wconf 81' lang='lat' dir='ltr'>negotio:</span> <span class='ocrx_word' id='word_1_148' title='bbox 997 2190 1027 2250; x_wconf 91' lang='lat' dir='ltr'>P.</span> <span class='ocrx_word' id='word_1_149' title='bbox 1038 2192 1171 2247; x_wconf 85' lang='lat' dir='ltr'>minorem</span> 
     </span>
     <span class='ocr_line' id='line_1_19' title="bbox 136 2275 1169 2353; baseline 0.003 -21"><span class='ocrx_word' id='word_1_150' title='bbox 136 2275 211 2334; x_wconf 84' lang='lat' dir='ltr'>Harl.</span> <span class='ocrx_word' id='word_1_151' title='bbox 223 2295 240 2334; x_wconf 90' lang='lat'>1.</span> <span class='ocrx_word' id='word_1_152' title='bbox 256 2277 386 2351; x_wconf 77' lang='lat' dir='ltr'>qualeae.</span> <span class='ocrx_word' id='word_1_153' title='bbox 405 2277 497 2334; x_wconf 84' lang='lat' dir='ltr'>duces</span> <span class='ocrx_word' id='word_1_154' title='bbox 515 2277 582 2336; x_wconf 80' lang='lat' dir='ltr'>tat.</span> <span class='ocrx_word' id='word_1_155' title='bbox 724 2281 846 2353; x_wconf 83' lang='lat' dir='ltr'>negotio:</span> <span class='ocrx_word' id='word_1_156' title='bbox 860 2278 896 2338; x_wconf 90' lang='grc' dir='ltr'>Μ.</span> <span class='ocrx_word' id='word_1_157' title='bbox 910 2312 944 2321; x_wconf 94' lang='grc'>-</span> <span class='ocrx_word' id='word_1_158' title='bbox 961 2278 995 2337; x_wconf 89' lang='lat' dir='ltr'>H.</span> <span class='ocrx_word' id='word_1_159' title='bbox 1010 2297 1049 2336; x_wconf 74' lang='lat' dir='ltr'>et</span> <span class='ocrx_word' id='word_1_160' title='bbox 1063 2278 1169 2335; x_wconf 75' lang='lat' dir='ltr'>facilius</span> 
     </span>
    </p>

    <p class='ocr_par' dir='ltr' id='par_1_4' title="bbox 48 2365 1168 2445">
     <span class='ocr_line' id='line_1_20' title="bbox 48 2365 1168 2445; baseline -0.001 -23"><span class='ocrx_word' id='word_1_161' title='bbox 48 2420 52 2427; x_wconf 83' lang='lat'><strong><em>‚</em></strong></span> <span class='ocrx_word' id='word_1_162' title='bbox 73 2366 107 2425; x_wconf 82' lang='grc'>3.</span> <span class='ocrx_word' id='word_1_163' title='bbox 136 2372 252 2436; x_wconf 79' lang='lat' dir='ltr'>tempus</span> <span class='ocrx_word' id='word_1_164' title='bbox 280 2373 325 2420; x_wconf 78' lang='lat' dir='ltr'>est</span> <span class='ocrx_word' id='word_1_165' title='bbox 351 2365 440 2421; x_wconf 67' lang='lat' dir='ltr'>etlam</span> <span class='ocrx_word' id='word_1_166' title='bbox 466 2367 583 2422; x_wconf 81' lang='lat' dir='ltr'>maiora</span> <span class='ocrx_word' id='word_1_167' title='bbox 723 2369 869 2443; x_wconf 83' lang='lat' dir='ltr'>imponetis</span> <span class='ocrx_word' id='word_1_168' title='bbox 901 2366 1022 2444; x_wconf 85' lang='lat' dir='ltr'>patribus</span> <span class='ocrx_word' id='word_1_169' title='bbox 1058 2386 1168 2445; x_wconf 73' lang='lat' dir='ltr'>regam,</span> 
     </span>
    </p>

    <p class='ocr_par' dir='ltr' id='par_1_5' title="bbox 134 2449 1195 3050">
     <span class='ocr_line' id='line_1_21' title="bbox 136 2449 1195 2530; baseline 0.002 -24"><span class='ocrx_word' id='word_1_170' title='bbox 136 2451 256 2506; x_wconf 80' lang='lat' dir='ltr'>conari:</span> <span class='ocrx_word' id='word_1_171' title='bbox 275 2449 324 2506; x_wconf 90' lang='grc' dir='ltr'>ΡΜ</span> <span class='ocrx_word' id='word_1_172' title='bbox 341 2449 415 2510; x_wconf 83' lang='lat' dir='ltr'>Harl.</span> <span class='ocrx_word' id='word_1_173' title='bbox 432 2470 450 2512; x_wconf 87' lang='lat'>1.</span> <span class='ocrx_word' id='word_1_174' title='bbox 467 2450 545 2512; x_wconf 82' lang='lat' dir='ltr'>Leit.</span> <span class='ocrx_word' id='word_1_175' title='bbox 563 2473 582 2512; x_wconf 86' lang='grc' dir='ltr'>ῐ.</span> <span class='ocrx_word' id='word_1_176' title='bbox 724 2474 804 2530; x_wconf 86' lang='lat' dir='ltr'>quam</span> <span class='ocrx_word' id='word_1_177' title='bbox 820 2456 955 2511; x_wconf 84' lang='lat' dir='ltr'>tribunos</span> <span class='ocrx_word' id='word_1_178' title='bbox 972 2454 1020 2529; x_wconf 85' lang='lat' dir='ltr'>qni</span> <span class='ocrx_word' id='word_1_179' title='bbox 1041 2454 1082 2509; x_wconf 76' lang='lat' dir='ltr'>eis</span> <span class='ocrx_word' id='word_1_180' title='bbox 1104 2453 1171 2508; x_wconf 82' lang='lat' dir='ltr'>resi·</span> <span class='ocrx_word' id='word_1_181' title='bbox 1191 2456 1195 2461; x_wconf 82' lang='lat'>&#39;</span> 
     </span>
     <span class='ocr_line' id='line_1_22' title="bbox 135 2536 1018 2618; baseline 0.005 -24"><span class='ocrx_word' id='word_1_182' title='bbox 135 2536 170 2594; x_wconf 86' lang='lat' dir='ltr'>al.</span> <span class='ocrx_word' id='word_1_183' title='bbox 188 2568 222 2586; x_wconf 65' lang='lat' dir='ltr'>v-</span> <span class='ocrx_word' id='word_1_184' title='bbox 240 2536 367 2614; x_wconf 84' lang='lat' dir='ltr'>Sigonius</span> <span class='ocrx_word' id='word_1_185' title='bbox 385 2560 486 2596; x_wconf 82' lang='lat' dir='ltr'>exsec</span> <span class='ocrx_word' id='word_1_186' title='bbox 505 2541 582 2600; x_wconf 77' lang='lat' dir='ltr'>cod:</span> <span class='ocrx_word' id='word_1_187' title='bbox 722 2550 825 2597; x_wconf 82' lang='lat' dir='ltr'>sterent</span> <span class='ocrx_word' id='word_1_188' title='bbox 845 2542 1018 2618; x_wconf 84' lang='lat' dir='ltr'>imposuistis.</span> 
     </span>
     <span class='ocr_line' id='line_1_23' title="bbox 136 2625 1169 2703; baseline 0 -18"><span class='ocrx_word' id='word_1_189' title='bbox 136 2625 217 2685; x_wconf 80' lang='lat' dir='ltr'>unde</span> <span class='ocrx_word' id='word_1_190' title='bbox 245 2634 361 2700; x_wconf 76' lang='lat' dir='ltr'>tempus</span> <span class='ocrx_word' id='word_1_191' title='bbox 390 2630 444 2687; x_wconf 75' lang='lat' dir='ltr'>cst.</span> <span class='ocrx_word' id='word_1_192' title='bbox 485 2628 507 2688; x_wconf 88' lang='lat' dir='ltr'>l.</span> <span class='ocrx_word' id='word_1_193' title='bbox 535 2628 580 2687; x_wconf 84' lang='lat' dir='ltr'>Fr.</span> <span class='ocrx_word' id='word_1_194' title='bbox 669 2628 696 2686; x_wconf 86' lang='grc'>8.</span> <span class='ocrx_word' id='word_1_195' title='bbox 718 2628 846 2703; x_wconf 81' lang='lat' dir='ltr'>proinde</span> <span class='ocrx_word' id='word_1_196' title='bbox 863 2629 982 2686; x_wconf 72' lang='lat' dir='ltr'>calcate:</span> <span class='ocrx_word' id='word_1_197' title='bbox 999 2628 1022 2684; x_wconf 92' lang='lat' dir='ltr'><strong>P</strong></span> <span class='ocrx_word' id='word_1_198' title='bbox 1039 2646 1075 2687; x_wconf 88' lang='lat' dir='ltr'>m.</span> <span class='ocrx_word' id='word_1_199' title='bbox 1094 2626 1119 2685; x_wconf 70' lang='lat'>2.</span> <span class='ocrx_word' id='word_1_200' title='bbox 1132 2625 1169 2685; x_wconf 87' lang='lat' dir='ltr'>H.</span> 
     </span>
     <span class='ocr_line' id='line_1_24' title="bbox 134 2710 1169 2793; baseline 0.005 -26"><span class='ocrx_word' id='word_1_201' title='bbox 134 2710 218 2770; x_wconf 87' lang='lat' dir='ltr'>Gron.</span> <span class='ocrx_word' id='word_1_202' title='bbox 245 2714 355 2789; x_wconf 87' lang='lat' dir='ltr'>scripsit</span> <span class='ocrx_word' id='word_1_203' title='bbox 385 2724 512 2793; x_wconf 85' lang='lat' dir='ltr'>„tempus</span> <span class='ocrx_word' id='word_1_204' title='bbox 539 2725 582 2772; x_wconf 82' lang='lat' dir='ltr'>est</span> <span class='ocrx_word' id='word_1_205' title='bbox 723 2746 757 2757; x_wconf 88' lang='lat'><em>-</em></span> <span class='ocrx_word' id='word_1_206' title='bbox 775 2714 798 2770; x_wconf 92' lang='lat' dir='ltr'>P</span> <span class='ocrx_word' id='word_1_207' title='bbox 815 2734 850 2772; x_wconf 90' lang='lat' dir='ltr'>m.</span> <span class='ocrx_word' id='word_1_208' title='bbox 872 2719 908 2773; x_wconf 83' lang='lat'>1.:</span> <span class='ocrx_word' id='word_1_209' title='bbox 927 2715 1080 2774; x_wconf 75' lang='lat' dir='ltr'>adesso-</span> <span class='ocrx_word' id='word_1_210' title='bbox 1098 2714 1169 2773; x_wconf 83' lang='lat' dir='ltr'>l&#39;m.</span> 
     </span>
     <span class='ocr_line' id='line_1_25' title="bbox 134 2800 1170 2878; baseline 0.002 -23"><span class='ocrx_word' id='word_1_211' title='bbox 134 2802 196 2855; x_wconf 81' lang='lat' dir='ltr'>iam</span> <span class='ocrx_word' id='word_1_212' title='bbox 220 2802 320 2855; x_wconf 88' lang='lat' dir='ltr'>maiora</span> <span class='ocrx_word' id='word_1_213' title='bbox 344 2803 473 2868; x_wconf 81' lang='lat' dir='ltr'>ccua1·i“,</span> <span class='ocrx_word' id='word_1_214' title='bbox 501 2823 581 2878; x_wconf 90' lang='lat' dir='ltr'>quem</span> <span class='ocrx_word' id='word_1_215' title='bbox 724 2804 766 2860; x_wconf 81' lang='lat'>1.:</span> <span class='ocrx_word' id='word_1_216' title='bbox 784 2801 857 2859; x_wconf 84' lang='lat' dir='ltr'>duci.</span> <span class='ocrx_word' id='word_1_217' title='bbox 881 2822 916 2858; x_wconf 91' lang='lat' dir='ltr'>m.</span> <span class='ocrx_word' id='word_1_218' title='bbox 935 2804 974 2858; x_wconf 56' lang='grc' dir='ltr'>Ἅι</span> <span class='ocrx_word' id='word_1_219' title='bbox 993 2802 1060 2859; x_wconf 80' lang='lat' dir='ltr'>dici.</span> <span class='ocrx_word' id='word_1_220' title='bbox 1083 2832 1118 2841; x_wconf 93' lang='lat'>-</span> <span class='ocrx_word' id='word_1_221' title='bbox 1142 2800 1170 2857; x_wconf 93' lang='grc' dir='ltr'><strong>Μ</strong></span> 
     </span>
     <span class='ocr_line' id='line_1_26' title="bbox 134 2886 1169 2964; baseline 0.002 -21"><span class='ocrx_word' id='word_1_222' title='bbox 134 2886 171 2943; x_wconf 81' lang='lat' dir='ltr'>ad</span> <span class='ocrx_word' id='word_1_223' title='bbox 188 2886 298 2943; x_wconf 89' lang='lat' dir='ltr'>modum</span> <span class='ocrx_word' id='word_1_224' title='bbox 320 2907 400 2961; x_wconf 84' lang='lat' dir='ltr'>saepe</span> <span class='ocrx_word' id='word_1_225' title='bbox 423 2887 488 2943; x_wconf 88' lang='lat' dir='ltr'>alias</span> <span class='ocrx_word' id='word_1_226' title='bbox 507 2908 582 2964; x_wconf 88' lang='lat' dir='ltr'>repc-</span> <span class='ocrx_word' id='word_1_227' title='bbox 725 2886 1036 2959; x_wconf 85' lang='lat' dir='ltr'>m.1.:prolitcrelebis.</span> <span class='ocrx_word' id='word_1_228' title='bbox 1055 2887 1129 2945; x_wconf 82' lang='lat' dir='ltr'>Hm.</span> <span class='ocrx_word' id='word_1_229' title='bbox 1142 2890 1169 2945; x_wconf 70' lang='lat'>2.</span> 
     </span>
     <span class='ocr_line' id='line_1_27' title="bbox 134 2971 1169 3050; baseline -0.001 -20"><span class='ocrx_word' id='word_1_230' title='bbox 134 2975 203 3030; x_wconf 81' lang='lat' dir='ltr'>titur</span> <span class='ocrx_word' id='word_1_231' title='bbox 233 2977 319 3041; x_wconf 82' lang='lat' dir='ltr'>„inm</span> <span class='ocrx_word' id='word_1_232' title='bbox 353 2983 468 3049; x_wconf 82' lang='lat' dir='ltr'>tempus</span> <span class='ocrx_word' id='word_1_233' title='bbox 504 2980 581 3035; x_wconf 83' lang='lat' dir='ltr'>est“.</span> <span class='ocrx_word' id='word_1_234' title='bbox 723 2973 759 3029; x_wconf 86' lang='lat' dir='ltr'>P:</span> <span class='ocrx_word' id='word_1_235' title='bbox 782 2973 912 3050; x_wconf 87' lang='lat' dir='ltr'>profiteor</span> <span class='ocrx_word' id='word_1_236' title='bbox 938 2972 1034 3049; x_wconf 88' lang='lat' dir='ltr'>plebis.</span> <span class='ocrx_word' id='word_1_237' title='bbox 1057 3003 1093 3017; x_wconf 96' lang='lat'><em>-</em></span> <span class='ocrx_word' id='word_1_238' title='bbox 1115 2971 1169 3029; x_wconf 84' lang='lat' dir='ltr'>Ha-</span> 
     </span>
    </p>

    <p class='ocr_par' dir='ltr' id='par_1_6' title="bbox 80 3059 1172 3310">
     <span class='ocr_line' id='line_1_28' title="bbox 80 3059 992 3119; baseline 0.004 -5"><span class='ocrx_word' id='word_1_239' title='bbox 80 3086 84 3107; x_wconf 92' lang='lat'>:</span> <span class='ocrx_word' id='word_1_240' title='bbox 132 3060 261 3118; x_wconf 86' lang='lat' dir='ltr'>hocvero</span> <span class='ocrx_word' id='word_1_241' title='bbox 280 3059 342 3117; x_wconf 90' lang='lat' dir='ltr'>loco</span> <span class='ocrx_word' id='word_1_242' title='bbox 360 3079 415 3116; x_wconf 88' lang='lat' dir='ltr'>nou</span> <span class='ocrx_word' id='word_1_243' title='bbox 434 3063 522 3117; x_wconf 87' lang='lat' dir='ltr'>minus</span> <span class='ocrx_word' id='word_1_244' title='bbox 540 3082 582 3117; x_wconf 88' lang='lat' dir='ltr'>re·</span> <span class='ocrx_word' id='word_1_245' title='bbox 718 3079 808 3119; x_wconf 56' lang='lat' dir='ltr'>«verca</span> <span class='ocrx_word' id='word_1_246' title='bbox 826 3080 895 3117; x_wconf 82' lang='lat' dir='ltr'>mea</span> <span class='ocrx_word' id='word_1_247' title='bbox 911 3080 992 3119; x_wconf 84' lang='lat' dir='ltr'>cura.</span> 
     </span>
     <span class='ocr_line' id='line_1_29' title="bbox 135 3138 1172 3224; baseline 0.003 -22"><span class='ocrx_word' id='word_1_248' title='bbox 135 3157 179 3202; x_wconf 86' lang='lat' dir='ltr'>cte</span> <span class='ocrx_word' id='word_1_249' title='bbox 203 3148 343 3204; x_wconf 80' lang='lat' dir='ltr'>etiamad</span> <span class='ocrx_word' id='word_1_250' title='bbox 366 3150 482 3205; x_wconf 79' lang='lat' dir='ltr'>maiora</span> <span class='ocrx_word' id='word_1_251' title='bbox 500 3147 581 3204; x_wconf 87' lang='lat' dir='ltr'>reler-</span> <span class='ocrx_word' id='word_1_252' title='bbox 653 3148 696 3207; x_wconf 90' lang='lat'>11.</span> <span class='ocrx_word' id='word_1_253' title='bbox 723 3168 757 3205; x_wconf 83' lang='lat' dir='ltr'>eo</span> <span class='ocrx_word' id='word_1_254' title='bbox 785 3138 908 3205; x_wconf 74' lang='lat' dir='ltr'>utemini</span> <span class='ocrx_word' id='word_1_255' title='bbox 932 3149 1099 3224; x_wconf 75' lang='lat' dir='ltr'>potentiore</span> <span class='ocrx_word' id='word_1_256' title='bbox 1126 3148 1172 3205; x_wconf 80' lang='lat' dir='ltr'>ad</span> 
     </span>
     <span class='ocr_line' id='line_1_30' title="bbox 134 3233 1169 3310; baseline 0.004 -21"><span class='ocrx_word' id='word_1_257' title='bbox 134 3244 180 3290; x_wconf 88' lang='lat' dir='ltr'>tur</span> <span class='ocrx_word' id='word_1_258' title='bbox 196 3235 291 3304; x_wconf 85' lang='lat' dir='ltr'>„noch</span> <span class='ocrx_word' id='word_1_259' title='bbox 309 3233 453 3292; x_wconf 82' lang='lat' dir='ltr'>Grttsseres</span> <span class='ocrx_word' id='word_1_260' title='bbox 474 3256 508 3293; x_wconf 88' lang='lat' dir='ltr'>zn</span> <span class='ocrx_word' id='word_1_261' title='bbox 525 3256 581 3293; x_wconf 81' lang='lat' dir='ltr'>wa·</span> <span class='ocrx_word' id='word_1_262' title='bbox 723 3236 883 3309; x_wconf 77' lang='lat' dir='ltr'>optinenda</span> <span class='ocrx_word' id='word_1_263' title='bbox 901 3256 938 3291; x_wconf 83' lang='lat' dir='ltr'>co</span> <span class='ocrx_word' id='word_1_264' title='bbox 961 3256 1039 3310; x_wconf 83' lang='lat' dir='ltr'>quae</span> <span class='ocrx_word' id='word_1_265' title='bbox 1062 3236 1169 3293; x_wconf 79' lang='lat' dir='ltr'>uultis:</span> 
     </span>
    </p>

    <p class='ocr_par' dir='ltr' id='par_1_7' title="bbox 42 3320 1207 3396">
     <span class='ocr_line' id='line_1_31' title="bbox 42 3320 1207 3396; baseline 0.002 -21"><span class='ocrx_word' id='word_1_266' title='bbox 42 3376 48 3383; x_wconf 81' lang='grc'><strong>,</strong></span> <span class='ocrx_word' id='word_1_267' title='bbox 135 3327 217 3396; x_wconf 81' lang='lat' dir='ltr'>gen“.</span> <span class='ocrx_word' id='word_1_268' title='bbox 722 3321 829 3381; x_wconf 85' lang='lat' dir='ltr'>Pll.—</span> <span class='ocrx_word' id='word_1_269' title='bbox 848 3322 927 3379; x_wconf 84' lang='lat' dir='ltr'>Voss.</span> <span class='ocrx_word' id='word_1_270' title='bbox 939 3341 966 3380; x_wconf 86' lang='lat'>11.</span> <span class='ocrx_word' id='word_1_271' title='bbox 982 3320 1029 3379; x_wconf 83' lang='lat' dir='ltr'>al:</span> <span class='ocrx_word' id='word_1_272' title='bbox 1048 3342 1094 3376; x_wconf 74' lang='lat' dir='ltr'>ma</span> <span class='ocrx_word' id='word_1_273' title='bbox 1112 3332 1169 3377; x_wconf 87' lang='lat' dir='ltr'>ute·</span> <span class='ocrx_word' id='word_1_274' title='bbox 1202 3378 1207 3383; x_wconf 85' lang='grc'><strong>,</strong></span> 
     </span>
    </p>

    <p class='ocr_par' dir='ltr' id='par_1_8' title="bbox 92 3405 1170 4095">
     <span class='ocr_line' id='line_1_32' title="bbox 92 3405 1170 3485; baseline 0.001 -21"><span class='ocrx_word' id='word_1_275' title='bbox 92 3455 101 3470; x_wconf 91' lang='grc'><strong>.</strong></span> <span class='ocrx_word' id='word_1_276' title='bbox 136 3416 167 3464; x_wconf 81' lang='lat' dir='ltr'>et</span> <span class='ocrx_word' id='word_1_277' title='bbox 184 3427 228 3463; x_wconf 86' lang='lat' dir='ltr'>me</span> <span class='ocrx_word' id='word_1_278' title='bbox 243 3420 275 3465; x_wconf 80' lang='lat' dir='ltr'>ut</span> <span class='ocrx_word' id='word_1_279' title='bbox 285 3432 372 3485; x_wconf 82' lang='lat' dir='ltr'>spero</span> <span class='ocrx_word' id='word_1_280' title='bbox 384 3409 519 3483; x_wconf 65' lang='lat' dir='ltr'>feliciter</span> <span class='ocrx_word' id='word_1_281' title='bbox 529 3432 580 3467; x_wconf 63' lang='grc' dir='ltr'>εκ·</span> <span class='ocrx_word' id='word_1_282' title='bbox 722 3411 797 3466; x_wconf 90' lang='lat' dir='ltr'>mini.</span> <span class='ocrx_word' id='word_1_283' title='bbox 816 3440 851 3449; x_wconf 94' lang='lat'><em>-</em></span> <span class='ocrx_word' id='word_1_284' title='bbox 873 3405 946 3463; x_wconf 85' lang='lat' dir='ltr'>Harl.</span> <span class='ocrx_word' id='word_1_285' title='bbox 965 3426 995 3461; x_wconf 75' lang='lat' dir='ltr'>a:</span> <span class='ocrx_word' id='word_1_286' title='bbox 1017 3411 1170 3483; x_wconf 85' lang='lat' dir='ltr'>potentiore</span> 
     </span>
     <span class='ocr_line' id='line_1_33' title="bbox 132 3492 1169 3574; baseline 0.001 -24"><span class='ocrx_word' id='word_1_287' title='bbox 132 3504 265 3571; x_wconf 68' lang='lat' dir='ltr'>perditun:</span> <span class='ocrx_word' id='word_1_288' title='bbox 301 3497 356 3556; x_wconf 87' lang='grc' dir='ltr'>ΡΜ.</span> <span class='ocrx_word' id='word_1_289' title='bbox 411 3499 581 3574; x_wconf 76' lang='lat' dir='ltr'>Quamquam</span> <span class='ocrx_word' id='word_1_290' title='bbox 723 3496 758 3553; x_wconf 86' lang='lat' dir='ltr'>ad</span> <span class='ocrx_word' id='word_1_291' title='bbox 771 3497 926 3572; x_wconf 88' lang='lat' dir='ltr'>opinionem</span> <span class='ocrx_word' id='word_1_292' title='bbox 942 3492 975 3547; x_wconf 87' lang='lat' dir='ltr'>de</span> <span class='ocrx_word' id='word_1_293' title='bbox 989 3513 1018 3548; x_wconf 89' lang='lat' dir='ltr'>ea</span> <span class='ocrx_word' id='word_1_294' title='bbox 1032 3516 1099 3571; x_wconf 88' lang='lat' dir='ltr'>quac</span> <span class='ocrx_word' id='word_1_295' title='bbox 1111 3495 1169 3551; x_wconf 88' lang='lat' dir='ltr'>ual-</span> 
     </span>
     <span class='ocr_line' id='line_1_34' title="bbox 133 3580 1170 3657; baseline 0 -19"><span class='ocrx_word' id='word_1_296' title='bbox 133 3583 202 3638; x_wconf 82' lang='lat' dir='ltr'>lracc</span> <span class='ocrx_word' id='word_1_297' title='bbox 220 3581 301 3638; x_wconf 86' lang='lat' dir='ltr'>verba</span> <span class='ocrx_word' id='word_1_298' title='bbox 319 3584 469 3657; x_wconf 83' lang='lat' dir='ltr'>significare</span> <span class='ocrx_word' id='word_1_299' title='bbox 487 3585 579 3643; x_wconf 84' lang='lat' dir='ltr'>viden·</span> <span class='ocrx_word' id='word_1_300' title='bbox 721 3584 766 3641; x_wconf 86' lang='lat' dir='ltr'>tis.</span> <span class='ocrx_word' id='word_1_301' title='bbox 793 3580 869 3639; x_wconf 88' lang='lat' dir='ltr'>Leid.</span> <span class='ocrx_word' id='word_1_302' title='bbox 888 3600 919 3636; x_wconf 81' lang='lat' dir='ltr'>n:</span> <span class='ocrx_word' id='word_1_303' title='bbox 938 3583 1116 3657; x_wconf 80' lang='lat' dir='ltr'>potentiorem</span> <span class='ocrx_word' id='word_1_304' title='bbox 1134 3582 1170 3639; x_wconf 87' lang='lat' dir='ltr'>ad</span> 
     </span>
     <span class='ocr_line' id='line_1_35' title="bbox 132 3668 1168 3747; baseline -0.001 -21"><span class='ocrx_word' id='word_1_305' title='bbox 132 3681 179 3726; x_wconf 88' lang='lat' dir='ltr'>tur</span> <span class='ocrx_word' id='word_1_306' title='bbox 198 3678 248 3737; x_wconf 86' lang='lat' dir='ltr'>„ct</span> <span class='ocrx_word' id='word_1_307' title='bbox 270 3688 326 3736; x_wconf 90' lang='lat' dir='ltr'>me,</span> <span class='ocrx_word' id='word_1_308' title='bbox 351 3690 429 3744; x_wconf 86' lang='lat' dir='ltr'>quem</span> <span class='ocrx_word' id='word_1_309' title='bbox 451 3682 481 3727; x_wconf 87' lang='lat' dir='ltr'>ut</span> <span class='ocrx_word' id='word_1_310' title='bbox 499 3692 579 3747; x_wconf 88' lang='lat' dir='ltr'>spero</span> <span class='ocrx_word' id='word_1_311' title='bbox 723 3671 878 3746; x_wconf 89' lang='lat' dir='ltr'>opinionem</span> <span class='ocrx_word' id='word_1_312' title='bbox 891 3668 940 3723; x_wconf 89' lang='lat' dir='ltr'>dea</span> <span class='ocrx_word' id='word_1_313' title='bbox 953 3690 1020 3745; x_wconf 89' lang='lat' dir='ltr'>quae</span> <span class='ocrx_word' id='word_1_314' title='bbox 1033 3669 1168 3727; x_wconf 87' lang='lat' dir='ltr'>uultis.-</span> 
     </span>
     <span class='ocr_line' id='line_1_36' title="bbox 132 3755 1167 3831; baseline 0.001 -17"><span class='ocrx_word' id='word_1_315' title='bbox 132 3757 239 3814; x_wconf 82' lang='lat' dir='ltr'>l&#39;elicem</span> <span class='ocrx_word' id='word_1_316' title='bbox 253 3757 355 3831; x_wconf 83' lang='lat' dir='ltr'>experti</span> <span class='ocrx_word' id='word_1_317' title='bbox 374 3758 472 3813; x_wconf 76' lang='lat' dir='ltr'>estis‘⁶:</span> <span class='ocrx_word' id='word_1_318' title='bbox 490 3767 580 3813; x_wconf 77' lang='lat' dir='ltr'>tamen</span> <span class='ocrx_word' id='word_1_319' title='bbox 652 3759 695 3815; x_wconf 80' lang='lat'>13.</span> <span class='ocrx_word' id='word_1_320' title='bbox 723 3766 820 3811; x_wconf 83' lang='lat' dir='ltr'>ortum</span> <span class='ocrx_word' id='word_1_321' title='bbox 846 3757 962 3812; x_wconf 65' lang='lat' dir='ltr'>initium</span> <span class='ocrx_word' id='word_1_322' title='bbox 986 3758 1109 3813; x_wconf 80' lang='lat' dir='ltr'>dicitur:</span> <span class='ocrx_word' id='word_1_323' title='bbox 1131 3755 1167 3815; x_wconf 91' lang='grc' dir='ltr'>Μ.</span> 
     </span>
     <span class='ocr_line' id='line_1_37' title="bbox 130 3842 1167 3915; baseline -0.001 -12"><span class='ocrx_word' id='word_1_324' title='bbox 130 3844 164 3904; x_wconf 88' lang='lat' dir='ltr'>L.</span> <span class='ocrx_word' id='word_1_325' title='bbox 177 3866 232 3901; x_wconf 91' lang='lat' dir='ltr'>nou</span> <span class='ocrx_word' id='word_1_326' title='bbox 243 3843 371 3914; x_wconf 81' lang='lat' dir='ltr'>salicem</span> <span class='ocrx_word' id='word_1_327' title='bbox 383 3843 431 3899; x_wconf 87' lang='lat' dir='ltr'>scd</span> <span class='ocrx_word' id='word_1_328' title='bbox 443 3844 580 3915; x_wconf 77' lang='lat' dir='ltr'>feliciter·</span> <span class='ocrx_word' id='word_1_329' title='bbox 722 3875 756 3886; x_wconf 87' lang='lat'>-</span> <span class='ocrx_word' id='word_1_330' title='bbox 775 3843 813 3899; x_wconf 81' lang='lat' dir='ltr'>l‘:</span> <span class='ocrx_word' id='word_1_331' title='bbox 835 3843 954 3902; x_wconf 80' lang='lat' dir='ltr'>hortum.</span> <span class='ocrx_word' id='word_1_332' title='bbox 976 3875 1011 3886; x_wconf 93' lang='lat'><strong>—</strong></span> <span class='ocrx_word' id='word_1_333' title='bbox 1038 3842 1088 3900; x_wconf 87' lang='grc' dir='ltr'>ΡΜ</span> <span class='ocrx_word' id='word_1_334' title='bbox 1106 3843 1167 3902; x_wconf 82' lang='lat' dir='ltr'>cod.</span> 
     </span>
     <span class='ocr_line' id='line_1_38' title="bbox 130 3928 1166 4009; baseline -0.004 -18"><span class='ocrx_word' id='word_1_335' title='bbox 130 3934 249 4009; x_wconf 80' lang='lat' dir='ltr'>scripsit,</span> <span class='ocrx_word' id='word_1_336' title='bbox 263 3929 369 3986; x_wconf 88' lang='lat' dir='ltr'>utillud</span> <span class='ocrx_word' id='word_1_337' title='bbox 378 3929 491 3986; x_wconf 89' lang='lat' dir='ltr'>alterum</span> <span class='ocrx_word' id='word_1_338' title='bbox 500 3932 579 3987; x_wconf 88' lang='lat' dir='ltr'>etiam</span> <span class='ocrx_word' id='word_1_339' title='bbox 721 3929 808 3989; x_wconf 83' lang='lat' dir='ltr'>Illren.</span> <span class='ocrx_word' id='word_1_340' title='bbox 824 3928 898 3991; x_wconf 88' lang='lat' dir='ltr'>Harl.</span> <span class='ocrx_word' id='word_1_341' title='bbox 911 3951 928 3990; x_wconf 91' lang='lat'>1.</span> <span class='ocrx_word' id='word_1_342' title='bbox 946 3930 1023 3989; x_wconf 84' lang='lat' dir='ltr'>Leid.</span> <span class='ocrx_word' id='word_1_343' title='bbox 1041 3951 1072 3987; x_wconf 87' lang='lat'>1.:</span> <span class='ocrx_word' id='word_1_344' title='bbox 1090 3933 1166 3987; x_wconf 77' lang='lat' dir='ltr'>ratis</span> 
     </span>
     <span class='ocr_line' id='line_1_39' title="bbox 132 4017 1166 4095; baseline 0.001 -18"><span class='ocrx_word' id='word_1_345' title='bbox 132 4023 326 4095; x_wconf 87' lang='lat' dir='ltr'>exprimeretur</span> <span class='ocrx_word' id='word_1_346' title='bbox 335 4038 438 4093; x_wconf 81' lang='lat' dir='ltr'>„quem</span> <span class='ocrx_word' id='word_1_347' title='bbox 447 4019 580 4075; x_wconf 80' lang='lat' dir='ltr'>secunda</span> <span class='ocrx_word' id='word_1_348' title='bbox 718 4019 842 4089; x_wconf 68' lang='lat' dir='ltr'>plurium</span> <span class='ocrx_word' id='word_1_349' title='bbox 850 4019 989 4076; x_wconf 83' lang='lat' dir='ltr'>traditur.</span> <span class='ocrx_word' id='word_1_350' title='bbox 1002 4017 1098 4077; x_wconf 72' lang='lat' dir='ltr'>licea:</span> <span class='ocrx_word' id='word_1_351' title='bbox 1111 4027 1166 4078; x_wconf 80' lang='lat' dir='ltr'>sat.</span> 
     </span>
    </p>
   </div>
   <div class='ocr_carea' id='block_1_4' title="bbox 0 0 1314 4590">
    <p class='ocr_par' dir='ltr' id='par_1_9' title="bbox 0 0 1314 4590">
     <span class='ocr_line' id='line_1_40' title="bbox 0 0 1314 4590; baseline 0 2"><span class='ocrx_word' id='word_1_352' title='bbox 0 0 1314 4590; x_wconf 95' lang='lat' dir='ltr'> </span> 
     </span>
    </p>
   </div>
  </div>
 </body>
</html>
