2618 4590
656 159 657 162 Ἴ
729 126 737 153 Ι

533 216 696 338 uranx
1097 235 1161 302 atr

10 417 13 443 ¹
62 412 206 498 cqu.
234 398 369 515 Fabium
398 408 566 478 consulem
593 430 659 474 non
678 417 848 515 Jretentem
882 433 993 478 omnes
1022 411 1164 481 dicerent

61 516 232 597 centuriae,
253 506 360 604 ipsum
380 524 546 581 auctorem
567 512 664 579 luisse
686 513 797 581 Macer
817 513 956 582 licinius
979 539 1017 582 ae
1031 516 1162 583 Tubero

61 623 191 695 tradunt
211 617 375 687 differendi
402 617 463 685 sibi
490 616 716 686 consulatus'
706 642 741 684 ru
771 619 1006 687 bellicosiorem
1034 643 1162 702 annum,

65 752 105 795 eo
129 749 213 792 anno
236 723 348 791 maiori
368 746 404 789 se
426 721 498 788 usui
519 721 566 788 rei
587 720 733 810 publicae
756 722 826 791 lore
840 725 964 791 urbano
986 735 1076 814 gesto
1097 748 1162 790 ma·

61 834 207 924 gistratu:
245 829 289 896 ita
314 850 377 894 nec
405 825 657 892 dissimulantem
679 827 755 916 quid
782 829 894 896 mallet
917 852 978 896 nec
999 839 1193 918 petentemt

61 949 171 1006 tamen
194 934 331 1002 aedilem
353 931 498 1001 curulem
520 952 595 996 cum
615 927 652 997 1.
675 930 800 1021 Papirio
819 933 957 1029 Cursore
980 933 1108 1000 factum.
1130 931 1163 998 id

61 1066 107 1109 ne
125 1064 185 1130 pro
208 1049 296 1106 certo
319 1056 483 1126 ponerem,
504 1034 662 1104 vetustior
683 1037 844 1105 annalium
866 1048 977 1105 auctor
992 1036 1067 1104 Piso
1089 1035 1165 1127 effe·

60 1146 119 1230 cit,
150 1143 205 1234 qui
226 1166 267 1210 eo
291 1165 375 1210 anno
398 1139 516 1207 aediles
538 1139 664 1206 curules
686 1140 784 1208 luisse
810 1142 905 1209 tradit
926 1143 963 1209 G.
985 1141 1165 1208 Domitium
1200 1220 1204 1231 ἱ

56 1238 121 1318 ΙΟιι.
154 1249 191 1316 F.
220 1245 389 1315 Calvinum
417 1255 450 1312 et
477 1243 535 1333 Sp.
564 1242 737 1311 Carvilium
765 1245 807 1333 Q.
836 1247 874 1314 F.
902 1246 1096 1313 Maximum.
1131 1245 1165 1311 id

61 1353 158 1423 credo
182 1374 377 1442 cognomen
383 1371 525 1416 errorem
545 1347 579 1414 in
595 1347 749 1416 aedilibus
764 1349 878 1418 fecisse
898 1363 1107 1442 secutamque
1121 1350 1166 1417 ia·
1178 1361 1213 1418 10

62 1458 173 1525 bulam
194 1455 329 1523 mixtam
352 1478 393 1522 ex
415 1451 563 1519 aediliciis
585 1463 619 1520 et
646 1444 865 1522 consularibus
892 1456 1027 1524 comitiis
1050 1477 1165 1523 conve·

60 1565 204 1630 nientem
226 1558 334 1627 errori.
372 1569 406 1624 et
425 1557 562 1623 lustrum
583 1579 624 1623 eo
640 1581 724 1625 anno
746 1559 911 1626 conditum
927 1560 999 1627 aP.
1015 1561 1166 1649 Sempro·

61 1670 116 1735 nio
139 1665 253 1755 Sopho
276 1674 311 1729 et
331 1661 368 1729 P.
390 1661 533 1751 Sulpicio
555 1661 745 1730 Saverrione
772 1665 974 1746 censoribus,
1000 1664 1165 1754 tribusque

64 1772 189 1839 additae
212 1770 294 1836 duae
316 1765 462 1835 Aniensis
485 1788 522 1832 ac
544 1765 727 1833 Terentina.
760 1766 842 1835 haec
863 1769 985 1835 Romae
1007 1779 1106 1858 gesta.

151 1874 193 1940 X.
238 1871 391 1937 Ceterum
413 1870 453 1936 ad
475 1869 663 1960 Nequinum
691 1870 847 1960 oppidum
874 1896 950 1939 cum
974 1871 1063 1962 segni
1085 1869 1213 1938 obsi-15

64 1983 158 2050 dione
180 1990 309 2067 tempus
330 1986 494 2060 tereretur,
516 1975 582 2042 duo
598 1998 640 2046 ex
655 1976 832 2072 oppidanis,
854 1985 1104 2072 quorumeraat
1116 1997 1167 2041 ae
1215 2010 1233 2039 .=

134 2179 237 2240 leuium
265 2181 335 2235 coit.
362 2194 418 2233 non
445 2183 582 2253 petentem

136 2275 185 2325 eet.
203 2295 239 2308 -
256 2263 299 2321 ll:
317 2282 406 2320 macer
423 2261 531 2321 liciniae
549 2281 582 2318 ae

134 2354 229 2412 tubere
245 2351 364 2411 tradunt.
386 2349 422 2407 P:
444 2369 535 2415 maeer
550 2347 582 2408 li·

135 2443 223 2498 einins
240 2460 272 2496 ao
289 2438 398 2494 turbere
414 2428 537 2495 tradunt.¹
559 2434 582 2492 P

136 2550 173 2588 nr.
186 2530 226 2586 Ἅι
239 2546 270 2582 ac
282 2525 399 2583 turbare.
408 2554 443 2565 -
454 2522 518 2579 Pll:
529 2543 581 2592 „eo

136 2637 206 2675 anno
219 2614 315 2670 maiori
325 2632 354 2667 se
366 2613 426 2667 usui
437 2610 583 2689 reip.fore

136 2704 239 2759 urbano
252 2708 338 2778 gesto
349 2701 531 2771 magistratu“.
551 2697 583 2752 ln

138 2808 210 2847 rece.
232 2783 393 2861 quibusdam
420 2783 501 2843 codd.
523 2802 584 2839 ma·

138 2874 336 2948 ioresoriptum
346 2880 394 2938 eet,
406 2870 491 2929 sedin
499 2873 584 2927 omni-

136 2958 586 3037 buemecriptisuongereudosed

139 3059 224 3129 gesto
237 3048 345 3107 videtur
358 3067 425 3109 ease.
444 3046 478 3105 cl.
492 3049 534 3114 10,
544 3050 584 3106 9.:

139 3138 224 3212 legem
251 3135 313 3192 tulit
341 3133 495 3210 diligentius
525 3153 586 3189 ean-

139 3233 226 3280 ctam.
253 3253 287 3262 -
314 3221 336 3278 P
360 3242 395 3281 m.
419 3224 458 3280 1.:
483 3241 544 3277 cum
567 3219 586 3278 l.

141 3310 247 3384 papirio
267 3329 387 3372 censore.
409 3307 431 3364 P
450 3327 484 3368 m.
503 3309 528 3363 2.
546 3305 589 3366 ll:

140 3416 257 3454 cursore.
281 3428 316 3444 .—
341 3393 423 3453 Paulo
442 3403 505 3472 poet
521 3395 588 3450 eori-

140 3493 216 3562 ptum
235 3493 276 3538 est
293 3485 321 3539 in
333 3481 395 3541 Pu:
414 3481 522 3550 „luisse
535 3490 588 3536 tra·

143 3571 183 3627 dit
208 3591 231 3629 e.
252 3569 271 3628 l.
297 3568 357 3641 (ruz
381 3569 423 3634 cl)
446 3569 589 3628 domitium

143 3665 186 3720 cr'r.
220 3657 296 3716 lilum
326 3655 461 3717 erluinum
491 3665 519 3712 et
546 3662 590 3734 op.

143 3745 284 3802 caruilium
313 3750 339 3821 1'1.
368 3743 387 3802 f.
412 3743 591 3802 maximum“.

143 3832 199 3891 Pal.
217 3852 245 3892 u.
263 3831 314 3890 al.:
332 3831 350 3889 l.
368 3829 520 3888 domitium.
545 3829 589 3889 Pi-

143 3920 222 3994 ghius
246 3922 298 3976 Cu.
321 3919 483 3977 Dorrritium
506 3918 590 3975 scribi

145 4005 210 4065 vult.
227 4037 261 4050 -
279 4004 314 4063 P:
334 4008 537 4063 conuenientem
549 4025 589 4061 er·

143 4096 229 4152 rorim
248 4103 274 4151 et
292 4093 406 4153 lustrum
424 4103 475 4154 cet.
560 4107 564 4115 ’

654 2177 697 2236 12.
724 2198 745 2235 α
766 2178 802 2241 P.
821 2176 995 2252 Sempronio
1015 2173 1119 2250 Sopho
1139 2180 1170 2233 e:

708 2326 710 2331 .
723 2266 759 2329 P.
777 2266 909 2341 Sulpicio
923 2263 1123 2339 Sauerrione:
1141 2263 1169 2328 9,

722 2357 766 2413 45.
779 2384 813 2396 -
825 2353 861 2411 P:
880 2361 907 2409 et
924 2351 1038 2410 lustrum
1053 2367 1169 2409 eoanno

723 2442 862 2500 eonditum
880 2462 895 2496 a
912 2461 940 2516 p.
952 2437 1068 2516 sulpicio
1079 2454 1170 2501 aanor·

723 2530 801 2585 rione
819 2527 985 2607 censoribus.
1015 2523 1058 2584 M:
1083 2543 1169 2593 „con-

725 2616 811 2672 ditum
839 2623 873 2693 ap
898 2613 1008 2690 sulpitio
1032 2611 1120 2687 sopho
1143 2621 1171 2668 et

725 2709 745 2780 P
768 2705 922 2776 sempronio
947 2700 1087 2756 auerrione
1110 2716 1172 2754 cen-
1264 2710 1270 2727 ¹

726 2788 834 2843 sorib.⁴‘
853 2787 942 2843 Simili
960 2788 1098 2843 nominum
1116 2803 1172 2841 me-

726 2862 824 2931 tatlreoi
846 2876 977 2951 seriptum
999 2880 1041 2928 est
1063 2873 1093 2928 in
1115 2869 1174 2933 rell.

728 2961 808 3020 codd.
827 2992 861 3002 —
880 2961 916 3016 P:
935 2960 1081 3017 nomenoio.

658 3049 701 3107 15.
727 3058 856 3105 ceterum
874 3049 918 3104 ad
933 3048 1104 3122 Nequinum
1125 3067 1174 3122 op-

726 3136 830 3210 pidum
843 3156 908 3193 cum
920 3137 1008 3213 regni
1021 3133 1175 3192 obsidione

716 3231 843 3297 tempus
865 3231 1025 3280 tereretur:
1047 3221 1069 3276 P
1090 3240 1127 3281 nr.
1148 3221 1175 3280 2.

729 3341 763 3350 -
782 3310 804 3366 P
822 3313 909 3368 m.1.:
928 3319 955 3363 at
972 3309 1126 3385 nequinum.
1140 3338 1175 3350 ·-

730 3394 752 3452 P
769 3416 805 3452 m.
824 3399 849 3455 1.
868 3395 896 3452 M
912 3395 988 3454 Leid.
1001 3415 1034 3453 1.=
1051 3403 1176 3453 terretur.

731 3514 765 3528 ··-
784 3482 845 3537 Pll:
865 3502 1002 3558 „quorum
1015 3492 1091 3539 eraut
1104 3481 1177 3539 aedi·

730 3568 792 3626 licia
811 3571 902 3625 iuncta
916 3573 1025 3631 muro“.
1043 3567 1126 3629 Voor.
1135 3589 1178 3628 11.:

731 3655 881 3725 „aedificia
924 3657 1021 3713 inertia
1057 3663 1177 3715 murot‘:

732 3743 805 3798 unde
817 3742 954 3825 Drakenb.
966 3744 1128 3822 auspicatur}
1144 3743 1179 3803 li·

733 3829 851 3888 bracium
869 3832 988 3890 scribere
1000 3831 1119 3891 voluisse
1136 3833 1179 3889 ire·

732 3916 896 3977 haerentia.
927 3951 961 3961 -
992 3919 1025 3975 P:
1053 3919 1118 3981 indo
1143 3918 1178 3976 ad

733 4012 803 4064 coia.
823 4005 940 4062 deducti.
960 4005 981 4060 P
998 4009 1086 4067 m.1.=
1103 4026 1178 4063 acee-

733 4103 828 4169 pturoe
848 4093 996 4169 confirmat.
1014 4093 1053 4152 ll:
1071 4086 1178 4153 indeed
