2618 4590
540 267 652 336 LIBER
667 272 714 337 u.

1132 262 1176 347 89

73 447 152 504 nant
174 449 230 505 aut
250 437 425 507 consistere
446 438 480 508 iu
502 437 667 520 contione,
697 435 753 503 ubi
774 436 942 526 aliquando
970 439 1099 510 audiant
1120 460 1177 509 vo·

73 565 147 611 cern
167 542 368 610 tribuniciam
389 543 430 611 de
451 542 589 611 levando
617 541 728 608 tenore
751 551 784 607 et
804 541 867 607 fine
895 541 1025 610 aliamm
1051 544 1175 611 iniuria-
1288 554 1293 572 ¹

58 670 147 712 rum
169 658 327 736 agentem.
364 647 451 737 quod
472 647 500 715 si
521 645 563 713 sit
583 646 707 712 animus
728 644 815 734 plebi
842 669 967 713 memor
991 658 1118 737 patrum
1138 646 1173 715 ti-

73 751 215 834 bertatis,
237 776 273 819 se
294 774 354 819 nec
375 751 476 819 addici
498 774 696 842 quemquam
719 749 824 817 civem
839 749 1022 817 Romanum
1044 752 1085 818 ob
1108 775 1173 819 cre·

76 853 175 920 ditam
196 856 363 946 pecuniam
384 879 535 946 passuros
557 879 662 945 neque
686 854 837 921 dilectum
859 854 985 939 haberi,
1008 855 1110 922 donec
1129 856 1208 927 inb

60 970 186 1047 >specto
209 984 282 1027 aere
303 959 406 1028 alieno
422 960 563 1050 initaque
578 960 700 1028 ratione
715 958 879 1030 minuendi
901 959 969 1027 eius
987 959 1067 1027 sciat
1083 980 1175 1025 unus-

73 1063 217 1153 quisque,
240 1065 318 1155 quid
339 1066 389 1134 sui
412 1065 489 1156 quid
512 1065 607 1132 alieni
627 1063 678 1149 sit,
710 1064 849 1155 supersit
869 1063 930 1130 sibi
950 1064 1087 1132 liberum
1109 1085 1176 1129 cor-

70 1188 132 1254 pus
161 1192 202 1235 an
230 1169 263 1234 id
292 1194 422 1260 quoque
444 1192 543 1236 nervo
576 1168 739 1239 debeatur.
773 1191 898 1244 merces
919 1168 1083 1237 seditionis
1104 1190 1177 1258 pru

70 1270 174 1359 posita
196 1273 366 1341 confestim
387 1274 578 1344 seditionem
599 1274 758 1345 excitarit.
795 1299 871 1345 nam
893 1284 927 1340 et
948 1272 1176 1343 addicebantur

70 1375 164 1442 multi
185 1389 219 1444 et
241 1377 281 1444 ad
302 1377 498 1445 Praenestini
519 1377 640 1445 famam
661 1379 737 1446 belli
757 1402 858 1447 novas
880 1377 1022 1468 legiones
1037 1376 1174 1445 scriben·
1187 1392 1223 1447 10

70 1479 128 1549 das
150 1492 258 1571 patres
280 1493 485 1553 censuerant:
523 1506 605 1572 quae
628 1493 764 1573 utraque
786 1483 880 1551 simul
903 1483 1020 1551 arurilio
1046 1480 1176 1551 tribuni·

70 1583 122 1650 cio
145 1596 178 1652 et
200 1609 360 1653 consensu
381 1586 485 1676 plebis
506 1585 641 1676 inpediri
662 1598 786 1677 coepta,
807 1611 883 1653 nem
903 1610 1010 1677 neque
1029 1585 1102 1654 duci
1123 1585 1176 1651 ad·
1278 1594 1282 1607 '

69 1687 172 1756 dictos
193 1689 312 1758 tribuni
332 1691 478 1758 sinebant
497 1714 604 1781 neque
625 1691 765 1759 iuniores
788 1690 917 1759 nomina
940 1689 1067 1756 dabant.
1101 1713 1176 1756 cum

69 1793 214 1882 patribus
233 1794 340 1862 minor
361 1818 512 1884 praesens
535 1820 610 1863 cura
639 1797 777 1866 creditae
805 1794 961 1886 pecuniae
988 1792 1064 1858 iuris
1087 1815 1175 1858 exse-

70 1898 191 1987 quendi
213 1922 312 1988 quarn
333 1899 467 1966 dilectus
490 1911 576 1967 esset
590 1937 635 1950 -
657 1901 776 1993 quippe
797 1899 863 1967 iarn
884 1898 1089 1967 aPraeneste
1103 1920 1175 1990 pro
1188 1913 1223 1967 15

142 2108 499 2184 ruminiuriarumagentem.
511 2108 589 2168 Leid.

125 2212 159 2263 ⁴r.
181 2193 254 2253 Harl.
277 2213 308 2254 t:
339 2216 434 2253 uooem
459 2196 589 2255 tribunici

141 2280 296 2340 adterendo
310 2283 421 2341 foenore
433 2291 483 2340 cet.
492 2315 527 2330 ν-
538 2284 589 2340 Fi-

142 2379 208 2424 nem
216 2368 323 2425 videtur
335 2371 364 2425 in
373 2370 498 2428 omnibus
507 2369 588 2433 codd.

140 2457 271 2532 scriptum
289 2476 356 2516 esse.
373 2457 477 2515 Eodem
488 2456 587 2514 mendo

142 2541 223 2619 penio
247 2552 312 2620 post
337 2545 367 2600 in
388 2543 416 2604 Μ
440 2547 588 2624 „proposi-

140 2633 228 2687 trm“.
317 2673 321 2681 ,

62 2750 65 2755 ·
86 2716 114 2773 5.
141 2735 238 2790 neque
250 2717 389 2774 dilectum
401 2719 522 2777 haberi.-
539 2720 589 2778 ΡΜ
623 2739 626 2749 ·

141 2799 217 2863 Hart
235 2821 252 2861 1.
270 2801 393 2877 Leid.1.]
412 2826 499 2883 neque
516 2806 588 2864 dele·

144 2898 218 2947 ctum
236 2899 287 2950 cet.

88 2980 117 3037 7.
143 2979 276 3052 supersit
295 2979 357 3037 sibi
375 2980 501 3037 liberum
527 3000 590 3037 cor-

140 3084 214 3139 pus:
232 3062 293 3125 ΡΜ.
310 3067 341 3123 Iu
353 3065 428 3129 Harl.
440 3086 459 3128 1.
477 3066 591 3146 aliisque

143 3152 244 3207 excidit
261 3155 325 3213 sihi.

89 3241 115 3297 9:
144 3258 213 3296 nom
231 3249 260 3295 rt
271 3242 488 3301 addicebantur
505 3242 592 3298 multi

146 3333 189 3381 et:
207 3324 263 3384 PM.
280 3327 313 3382 ln
330 3327 407 3387 Leid.
426 3348 444 3388 r.
462 3327 542 3387 Voss.
561 3348 590 3387 ιι.

146 3410 291 3488 multisque
311 3414 371 3471 aliis
392 3415 472 3477 codd.
490 3416 593 3478 excidit

144 3500 222 3576 prius
240 3508 282 3569 et,
304 3501 436 3578 pauloque
458 3513 522 3582 port
539 3524 589 3560 no·

145 3605 212 3644 uas.

75 3675 119 3732 12.
145 3691 217 3728 nam
234 3683 345 3748 neque:
366 3675 389 3730 P
405 3697 441 3734 m.
460 3679 486 3735 2.
502 3676 539 3735 Μ.
556 3700 603 3722 -·“

144 3758 167 3819 P
179 3778 215 3818 m.
228 3763 270 3819 1.:
289 3779 414 3838 namque.
432 3762 476 3822 Gi.
490 3766 516 3832 b,
534 3766 592 3825 to:

146 3845 256 3905 babitus
274 3846 328 3904 fuit
345 3852 456 3926 eritque.

77 3935 121 3994 13.
147 3954 214 3991 cum
231 3937 368 4010 patribus
391 3940 489 3994 minor·
506 3957 592 4013 proc·

27 4070 31 4076 ,
147 4025 594 4101 aenscuracreditoepeeunioe

731 2113 827 2172 lectur
845 2119 940 2170 esset:
957 2107 1006 2167 ΡΜ
1018 2105 1076 2166 relt
1097 2106 1178 2162 Prae·
1293 2124 1296 2133 ¹

730 2218 794 2255 rens
814 2208 872 2255 erat
889 2216 951 2255 cure
969 2197 1037 2253 iuris
1059 2194 1178 2253 creditae

729 2287 859 2363 pecuniae
869 2282 1178 2361 exsequendi‚preesens

731 2392 795 2430 cura
818 2371 949 2440 dilectus,
975 2380 1089 2447 utraque
1105 2370 1178 2426 enirn

729 2479 760 2517 re
778 2459 872 2515 eodem
891 2457 938 2515 illo
960 2468 1083 2535 tempore
1100 2478 1177 2513 senr-

730 2556 774 2605 tus
786 2548 969 2623 premebatur:
988 2546 1039 2603 scd
1054 2565 1115 2605 oum
1128 2545 1177 2601 bo·
1216 2620 1220 2627 Ι

729 2642 786 2689 stes
810 2635 919 2690 iamiam
941 2632 1037 2689 adesse
1055 2632 1177 2689 diceren-

730 2731 788 2788 tur,
812 2724 898 2777 maior
916 2728 943 2775 et
966 2722 1074 2794 gravior
1091 2717 1178 2776 videri

732 2807 847 2862 debebat
873 2826 936 2861 cura
967 2806 1090 2862 dilectus.
1126 2804 1179 2860 hoc

731 2893 839 2948 videtur
848 2891 942 2947 Livius
953 2893 1043 2948 dicere
1051 2889 1179 2958 voluisse,

733 2997 795 3035 cunr
821 2981 961 3039 minorem
986 2978 1108 3056 patribus
1133 2998 1178 3035 cu·

732 3086 790 3125 rom
808 3068 927 3126 creditae
948 3069 1078 3147 pecunia
1094 3064 1180 3122 fuisse

731 3157 876 3226 scriberet,
912 3165 940 3213 et
967 3172 1113 3231 praesens
1142 3149 1178 3211 ad

731 3253 874 3321 utromque
904 3242 1053 3320 periculum
1084 3239 1179 3300 referri

731 3329 821 3389 vellet.
851 3331 873 3392 l.
890 3331 913 3388 F
915 3353 936 3387 r.
955 3330 1039 3386 Groo.
1061 3335 1088 3381 et
1106 3325 1179 3388 Fri'd.

733 3416 886 3484 strothius,
913 3418 1010 3473 nrinor
1033 3433 1180 3488 praesens

733 3506 868 3565 artissime
878 3502 1087 3569 cohaerererati,
1096 3500 1180 3557 scribi
1285 3559 1288 3571 ¹

732 3590 876 3648 voluerunt
902 3587 948 3645 ille
972 3590 1070 3647 minua
1093 3606 1180 3662 prar-

734 3699 804 3741 aens
831 3697 917 3745 curo,
948 3675 993 3734 hic
1021 3676 1118 3733 minor
1146 3676 1183 3731 irs

732 3780 1180 3841 proeseuscuro,qurrumemen·

735 3852 874 3912 dationum
892 3862 985 3909 neutra
1009 3852 1108 3908 rationi
1127 3848 1182 3907 loci

735 3939 891 3997 adversetur
916 3960 967 3997 nec
991 3949 1081 3997 umen
1101 3937 1181 3996 Livio

735 4027 875 4085 obversata
893 4027 1009 4085 videtur.
1091 4080 1094 4085 .

84 4142 87 4147 ,
147 4109 225 4167 iuris
242 4111 432 4188 exsequendi
445 4132 536 4189 quom
547 4114 593 4171 di·
665 4115 708 4172 15.
732 4102 889 4189 prosector
917 4115 1030 4174 hostie:
1063 4110 1181 4173 Herbe
