2842 4724
552 275 660 336 ιιιιιιι
676 275 746 338 uu.
1133 265 1197 332 ιιι
1273 222 1279 231 ’

64 457 230 504 monere
252 435 413 520 fortunae,
442 449 621 528 postremo,
650 453 725 508 cum
752 439 950 531 ingenuitatis
979 441 1078 532 magis
1100 467 1198 534 quam

65 541 273 630 praesentis
297 541 491 610 condicionis
513 558 691 612 memorem
720 545 855 628 videret,
883 546 994 613 nudari
1021 547 1109 615 iubet
1130 573 1197 614 ver-

68 647 239 736 beraque
263 645 387 715 adferri.
425 647 541 738 quibus
563 649 720 720 laceratus
742 650 866 730 iuvenis
889 673 964 718 eum
985 674 1021 719 se
1043 652 1076 718 in
1097 651 1199 744 publi-

70 775 170 822 curn
192 751 404 872 proripuisset
425 751 589 821 libidinem
616 754 900 846 crudelitatemque
929 779 1127 846 conquerens
1154 757 1198 824 fe
1313 772 1317 778 “

72 857 260 940 neratoris,
282 857 393 977 iugens
408 858 456 925 vis
477 856 646 928 homiuum
661 884 735 928 cum
750 861 862 929 aetatis
876 859 1079 929 miseratione
1102 871 1198 952 atque
1215 873 1234 928 5

74 962 341 1053 indignatione
333 962 463 1030 miuriae
485 986 619 1031 accensa
637 975 707 1032 tum
729 965 807 1032 sirac
832 965 1028 1033 condicionis
1051 965 1198 1032 liberum-

76 1092 158 1157 que
182 1091 317 1134 suorum
338 1080 487 1167 respectu
508 1068 541 1135 in
563 1068 670 1136 forum
692 1080 789 1160 atque
811 1070 884 1138 inde
902 1071 1027 1161 agmine
1049 1071 1142 1140 facto
1157 1071 1198 1137 ad

79 1173 218 1239 curiam
241 1172 409 1256 concurrit,
432 1184 561 1242 etcum
584 1173 732 1242 consules
753 1174 894 1244 tumultu
907 1175 1076 1266 repentino
1096 1175 1256 1244 coacti

81 1290 245 1347 senatum
265 1290 435 1363 vocarent,
462 1259 725 1348 introeuntibus
715 1303 749 1346 m
771 1279 892 1346 curiam
913 1281 1061 1371 'patribus
1082 1280 1198 1348 lacera-

82 1393 163 1448 tum
197 1381 320 1450 iuvenis
355 1393 482 1474 tergum
495 1427 498 1444 ·
513 1384 763 1474 procumbentes
797 1384 838 1450 ad
866 1385 1065 1476 singulorum
1096 1385 1196 1476 pedes
1212 1390 1277 1452 ω’

14 1555 17 1566 ,
86 1487 311 1556 ostentabant.
347 1489 468 1557 victum
496 1511 536 1557 eo
565 1489 616 1557 die
644 1489 687 1560 ob
715 1489 914 1582 inpotentem
939 1487 1085 1558 iniuriam
1105 1490 1199 1556 unius

107 1680 136 1738 5.
162 1697 231 1736 cum
247 1682 356 1738 anatis
367 1682 558 1740 miseratione
569 1691 612 1738 ot·
647 1731 651 1736 .
754 1681 808 1738 nisi
825 1673 900 1758 quod
916 1682 946 1738 in
962 1671 1031 1743 Lov.
1049 1685 1075 1740 l.
1093 1690 1136 1740 est
1152 1659 1200 1742 eoi

165 1788 225 1844 que
253 1769 458 1847 indignatione
486 1770 613 1827 iniuriae

163 1875 306 1913 accenso.-
324 1853 345 1911 P
364 1855 425 1916 cod.
442 1855 539 1936 Kloel.
560 1856 611 1930 el]

165 1949 227 1998 eutr
241 1945 335 2000 aetatis
349 1945 520 2002 miseratione
533 1941 612 2022 atriae

164 2027 325 2105 indignitate
353 2032 467 2088 iniuriae
500 2049 612 2093 aceensa

167 2115 235 2184 (Μ).
248 2117 354 2186 ,,-Βιι
368 2118 436 2175 lauit
448 2120 507 2175 eine
519 2139 613 2196 grosse

164 2201 325 2264 Massaron
344 2206 488 2263 lllensclren
510 2227 612 2266 zusam-

163 2295 226 2347 men
251 2313 306 2350 von
328 2293 466 2371 lllitgelltbl
493 2295 537 2352 tn
564 2296 613 2352 das

164 2389 237 2436 rane
248 2381 326 2437 Alter
343 2382 391 2438 des
403 2381 545 2460 Jiinglings
555 2385 612 2440 und

164 2485 219 2523 ron
237 2465 375 2525 Unwillen
399 2470 466 2526 tiber
489 2471 534 2528 dic
555 2472 613 2532 ihm

164 2555 459 2629 angetbaneSchmaclr
478 2557 612 2634 ergn’ffen,

165 2639 314 2701 besouders
342 2644 375 2700 da
401 2645 470 2702 anob
498 2648 539 2702 sie
569 2645 629 2704 ltro

165 2729 226 2785 sich
243 2731 300 2788 und
321 2732 380 2790 ihre
397 2731 502 2790 Kinder
519 2721 613 2790 lunti-

168 2815 232 2873 obes
250 2817 368 2877 litnuten
388 2841 421 2877 zu
433 2821 613 2878 lirrcbtenba-

167 2904 252 2964 ben“.
279 2905 464 2976 cr.oo,11.:
487 2908 551 2964 inde
569 2929 614 2966 ex·

168 2995 307 3050 cursiones
330 2997 358 3051 in
382 2997 469 3054 vicem
494 2995 554 3052 fie'ri
579 3005 615 3064 et,

92 3139 97 3152 ¹
168 3099 229 3137 cunr
247 3081 341 3160 pulsos
353 3083 503 3172 indigpatio
522 3103 614 3142 accen

166 3165 267 3238 deret,
276 3168 367 3246 plures
385 3145 546 3233 subire-
548 3166 616 3230 ll:

167 3256 263 3333 ingens
281 3260 323 3314 uis
336 3257 454 3318 bominis
472 3281 531 3318 eum
545 3271 614 3317 aeta·

169 3344 206 3398 tis
223 3345 395 3404 miseratione
407 3358 487 3426 atque
498 3349 613 3423 indigni·

168 3440 224 3486 tete
241 3433 355 3491 iniuriae
373 3455 493 3495 accensa.
520 3457 556 3494 m.
574 3439 613 3492 3.=

167 3527 227 3575 turn
242 3525 396 3582 aetatiscet.
409 3555 444 3567 —
456 3521 479 3579 P
490 3541 525 3582 m.
540 3521 614 3580 eth

168 3625 234 3662 suae
261 3611 433 3670 conditionis.
459 3642 493 3653 -
522 3609 561 3667 P:
588 3619 616 3667 et

168 3711 230 3750 cum
248 3701 318 3757 coit.
340 3698 456 3760 tumultu
471 3701 615 3776 repentino

171 3783 267 3842 coacti.
297 3783 337 3842 ll:
361 3795 389 3840 et
411 3805 473 3844 eum
495 3791 552 3844 coi.
573 3797 615 3844 tu·

169 3869 255 3926 multo
274 3882 324 3931 eet

101 3956 144 4014 11.
172 3960 281 4014 uictum
299 3981 333 4016 eo
359 3962 408 4019 die
427 3962 463 4018 ob
486 3964 614 4068 inpoten-

170 4048 259 4100 tem'
248 4048 387 4104 rniuriom
405 4052 492 4107 utrius
511 4052 616 4140 ingens

173 4135 323 4245 uinculum
343 4137 440 4211 fidei.-
469 4135 517 4195 ΡΜ
544 4121 616 4196 rell:

755 1768 823 1828 dem
842 1768 899 1828 die.
912 1799 947 1810 ·-
965 1767 1032 1832 Tau.
1046 1768 1132 1848 Faber
1145 1788 1200 1825 nou
1319 1761 1325 1776 ⁸

754 1857 862 1912 victum
878 1855 928 1912 sed
941 1865 1064 1934 ,ruptum
1083 1857 1201 1914 scriben-

754 1942 818 1999 dum
838 1944 958 2000 censuit:
976 1944 1025 2001 sed
1040 1963 1205 2022 quamquam·

754 2032 863 2088 victum
870 2029 957 2089 videri
969 2041 1059 2108 potest
1067 2031 1117 2090 b.l.
1127 2030 1199 2086 idern

754 2137 841 2196 prope
869 2119 1022 2194 significare
1048 2118 1123 2196 quod
1150 2137 1200 2174 ru·

752 2214 836 2280 ptum
847 2204 997 2278 fractum,
1013 2215 1103 2263 tamen
1121 2205 1201 2282 longe
1219 2209 1227 2246 Ι

726 2329 728 2333 -
754 2291 805 2349 elia
818 2295 860 2380 vis
878 2297 907 2350 in
918 2297 1025 2350 uictum
1042 2296 1122 2354 inest.
1140 2312 1201 2350 oum

697 2447 699 2452 ι
755 2382 828 2437 euim
841 2380 923 2460 plebs
935 2402 991 2438 non
1005 2393 1067 2438 aute
1080 2383 1201 2459 quietura

753 2467 891 2526 rideretur
917 2489 997 2546 ιιιιιιιι
1027 2470 1115 2526 omnis
1144 2469 1202 2525 eius
1276 2516 1279 2526 .

755 2557 868 2614 iniuriae
890 2567 1011 2634 potestas
1033 2555 1138 2616 sublata
1160 2575 1201 2612 es·

754 2654 810 2712 set,
847 2664 995 2722 magnaque
1024 2647 1083 2702 sine
1118 2643 1201 2700 dubio
1231 2675 1236 2690 ι

756 2733 895 2810 utriusque
916 2733 1014 2790 civium
1032 2734 1116 2809 partie
1137 2751 1201 2788 con·

757 2820 842 2874 tentio
867 2826 925 2875 orte
949 2827 1036 2886 esset,
1066 2829 1094 2875 et
1116 2819 1203 2876 coacti

757 2901 881 2961 consules
908 2914 999 2962 esseut
1020 2903 1106 2981 legem
1133 2905 1203 2961 serre
1299 2969 1305 2974 ,

757 3011 792 3048 ue
801 2992 862 3072 quis
875 2976 909 3048 ob
923 2991 1051 3050 creditam
1061 2993 1203 3072 pecuniam

756 3082 846 3140 nervis
859 3082 944 3140 terreri
959 3089 1059 3157 posset,
1072 3089 1128 3138 tum
1138 3097 1202 3136 sane

757 3170 864 3226 victum
882 3167 970 3230 videri
994 3169 1114 3248 oportuit
1135 3166 1202 3225 illud

756 3257 894 3315 vinculum
911 3255 985 3317 fidei.
1015 3276 1139 3333 maguum
1158 3276 1203 3312 au·

756 3355 810 3402 tem
833 3344 956 3423 profecto
977 3343 1114 3402 vinculum
1137 3341 1203 3400 fidei

757 3432 851 3491 baberi
861 3434 951 3510 potuit
963 3449 1056 3500 nexus,
1075 3451 1127 3508 quo
1140 3429 1206 3487 subae

756 3517 812 3576 lato
831 3519 900 3576 nihll
918 3537 1005 3597 prope
1017 3519 1085 3576 iuris
1104 3518 1143 3576 de
1156 3517 1203 3574 de-

757 3607 890 3665 bitoribus
914 3607 1040 3665 relictum
1057 3616 1129 3663 esset
1146 3626 1203 3663 cre·

758 3695 900 3755 ditoribus.
923 3694 986 3765 „So
1006 3695 1078 3772 erlag
1096 3715 1129 3752 an
1147 3693 1203 3750 die·
1319 3713 1322 3728 ·

756 3803 814 3839 sem
837 3781 909 3860 'l'oge
933 3785 962 3839 iu
985 3781 1069 3858 Folge
1091 3782 1138 3838 der
1159 3785 1202 3837 ati·

751 3869 877 3945 gellosou
898 3869 979 3928 Htrte
1002 3873 1076 3928 eines
1097 3867 1202 3926 Einael·

758 3978 811 4014 nen
829 3957 878 4014 das
895 3978 954 4014 was
977 3959 1021 4014 eiu
1039 3977 1082 4039 ιοΑ
1093 3955 1204 4015 mueto-

757 4065 804 4121 ges
821 4046 900 4104 Band
919 4047 961 4104 ter
979 4045 1031 4101 den
1048 4043 1143 4101 Credit
1160 4063 1203 4120 gc·

758 4153 851 4198 trecen
877 4138 969 4195 wer“.
995 4163 1030 4178 -
1061 4131 1083 4188 P
1105 4153 1140 4192 ιιι.
1165 4134 1203 4191 l.:
