2818 4728
515 291 517 300 ’
558 284 667 380 rusa
684 277 726 382 xss
1122 310 1190 381 659

85 483 246 550 reddenda
270 482 337 549 iura
360 481 515 550 creandos
540 503 621 550 esse.
656 482 706 550 his
728 482 858 573 agendis
879 479 947 552 dies
968 494 1019 554 est
1040 505 1189 554 consum·

83 599 174 678 ptus:
210 585 363 675 postridie
392 588 431 654 ad
460 586 692 677 praescriptum
720 587 860 654 consulis
889 598 922 655 et
949 589 1126 658 consularia
1155 601 1189 658 et

82 691 242 780 praetoria
265 691 393 759 comitia
407 691 530 760 habita:
550 691 702 760 consules
717 692 814 760 creati
828 693 870 780 Q.
885 692 1002 760 Fabius
1025 704 1059 762 et
1072 693 1108 760 P.
1123 693 1186 760 De·

84 795 163 878 cius,
185 794 247 886 Ap.
262 796 415 863 Claudius
437 807 574 885 praetor,
596 819 709 866 omnes
724 793 888 864 absentest
910 809 943 866 et
957 796 995 865 1..
1011 796 1187 868 Volumnio

81 923 126 966 cx
154 911 283 968 senatus
311 898 460 969 consulto
489 911 523 969 et
551 899 633 969 scito
659 900 764 991 plebis
785 913 992 994 prorogatum
1013 901 1051 969 in
1069 916 1223 974 arnume

79 1002 250 1094 imperium
273 1017 332 1073 est.
376 1051 381 1070 .
707 1083 711 1090 ,

83 1155 86 1160 -
167 1109 283 1178 XXIII.
327 1105 378 1177 Eo
400 1131 484 1182 anno
499 1105 642 1200 prodigia
657 1108 759 1176 molta
777 1109 914 1195 fuerunt,
937 1130 1077 1202 quorum
1098 1129 1186 1176 aver·

76 1213 315 1282 runcandomm
337 1236 433 1282 causa
455 1213 703 1305 supplicationes
724 1213 758 1280 in
779 1213 913 1282 biduum
927 1209 1060 1283 senatus·
1078 1212 1187 1280 ‹leora-

76 1316 140 1383 vit:
161 1298 289 1408 publiea
310 1318 421 1388 vinum
444 1342 482 1386 ac
502 1329 555 1386 tus
576 1316 770 1407 praebitum:
803 1319 1017 1410 supplicatum
1037 1315 1104 1386 iere
1125 1317 1186 1383 ire·

77 1425 215 1510 quehtes
236 1423 295 1492 viri
316 1423 530 1514 tenrinaeque.
567 1421 723 1512 insignem
739 1422 1007 1512 supplicationem
1028 1422 1105 1491 tecit
1119 1444 1184 1488 car·
1196 1435 1233 1494 to

35 1525 42 1540 ’
79 1531 187 1593 tamen
208 1527 242 1592 in
263 1526 383 1594 sacello
404 1525 578 1593 Pudicitiae
600 1525 766 1615 patriciae,
795 1549 879 1616 quae
899 1527 934 1594 in
957 1527 1029 1595 loro
1051 1525 1184 1594 bovario

77 1639 130 1696 est
157 1631 197 1696 ad
225 1631 339 1698 aedem
371 1630 543 1697 rotundam
564 1629 726 1714 Herculis,
758 1628 842 1698 inter
868 1639 1031 1698 matronas
1060 1641 1183 1700 ortumr
1215 1721 1219 1726 Δ
1273 1711 1277 1714 ι

76 1731 261 1824 Verginiam
283 1731 358 1800 Auli
384 1730 484 1800 filiam
514 1732 681 1824 patriciam
705 1733 836 1824 plebeio
862 1745 996 1824 nuptam
1023 1731 1061 1802 L.
1084 1729 1184 1803 Volu-

75 1835 167 1910 mnio
188 1837 312 1905 consuli
335 1850 516 1922 matronae,
544 1837 633 1928 qrrod
656 1862 675 1906 e
697 1837 839 1929 patribus
865 1836 1058 1928 enupsisset,
1084 1837 1182 1906 sacris

75 1952 257 2011 assuerant:
288 1940 395 2010 brevis
423 1941 586 2012 altercatio
615 1942 689 2012 Inda
716 1951 760 2010 ert
784 1940 946 2012 iracundia
974 1941 1122 2011 muliebri
1148 1942 1182 2010 in
1195 1933 1230 2016 lb

117 2127 179 2228 ..⁰-
197 2157 261 2218 Ptt:
281 2159 394 2219 callidos
407 2158 591 2237 collectasque.
643 2165 647 2180 ‘
667 2199 671 2206 .

145 2277 181 2290 -
198 2247 238 2304 ll:
256 2247 344 2324 qualis
363 2269 406 2328 ap.
423 2254 451 2328 ᾗ.
469 2247 592 2306 claudius

145 2340 186 2394 δέ.
205 2366 240 2377 -
257 2334 299 2393 tt:
321 2345 461 2413 praetores
483 2343 534 2414 quai
555 2335 591 2392 ad

145 2421 283 2478 reddenda
306 2425 373 2483 iura.
400 2420 467 2482 Pall.
492 2425 517 2482 1.
544 2425 610 2484 ils·

143 2517 282 2585 praetores
300 2509 335 2568 ad
352 2509 490 2568 reddenda
504 2510 572 2572 iura

108 2638 116 2655 .
144 2595 192 2653 Iris
214 2597 342 2675 agendis
368 2596 435 2656 da'es
458 2607 505 2656 eat
522 2615 590 2656 cort·

144 2691 295 2758 sumptus.-
319 2681 381 2766 m·
419 2682 590 2762 Interpellata

143 2768 216 2824 enim
242 2765 349 2824 Inerant
371 2771 480 2826 comitia
503 2779 531 2826 et
552 2769 588 2845 Q.

141 2852 219 2910 Fabii
232 2855 354 2910 oratione
365 2863 392 2911 et
402 2853 434 2915 1..
444 2853 602 2919 Volumnii.

144 2967 176 2982 -
194 2938 237 2998 M:
255 2940 428 3016 posttridie.
455 2941 545 3012 (31.6,
563 2945 589 3002 1.
668 2953 672 2960 ’

660 3071 704 3132 11.
730 3071 762 3128 In
777 3065 855 3145 foro
874 3070 998 3132 bortorr'o
1018 3073 1080 3146 (11,
1098 3071 1176 3140 dida

142 3057 177 3072 -
202 3023 266 3084 PII:
290 3035 385 3097 „coa
404 3033 486 3087 creati
504 3049 532 3108 q.
549 3029 587 3087 11·

140 3115 201 3172 bins
219 3124 247 3171 et
262 3135 290 3190 p.
303 3116 397 3174 decius
409 3138 452 3196 ap.
466 3109 588 3176 clauditis

141 3204 184 3280 pr.
207 3221 302 3260 omnes
328 3204 490 3262 absentes“:
516 3205 535 3265 i.
563 3223 587 3264 s.

140 3307 196 3345 non
218 3297 350 3366 potantes.
374 3317 409 3334 -
434 3290 496 3349 Pu:
523 3299 551 3347 et
567 3289 586 3350 1.

139 3373 278 3434 columnia
295 3361 585 3456 σι’-1111111111·

138 3461 182 3519 bis
194 3474 368 3540 prorogatum
380 3467 408 3522 in
419 3485 518 3524 annum
535 3468 585 3524 im·

139 3552 244 3628 parium
262 3561 312 3612 cst.

85 3635 112 3716 7.
139 3655 266 3712 quorum
288 3637 585 3698 auerruncandorum

137 3742 246 3782 causa:
263 3725 298 3784 tt.
327 3726 461 3796 (31.8,11
485 3753 520 3770 ···
546 3727 584 3785 P:

138 3818 225 3887 qnorir
234 3814 482 3872 uerrunoandornm
493 3834 584 3872 causa.

138 3897 584 3978 1111113111111111111111111

136 4007 251 4064 quorum
269 3987 476 4046 auertendorum
495 4008 583 4048 causa.

138 4071 183 4133 CI.
199 4077 226 4143 3,
244 4076 284 4134 5.1
303 4073 346 4132 bis
360 4077 513 4134 avertendis
530 4087 583 4134 ter·

136 4161 243 4220 roribus
260 4165 290 4222 in
303 4162 422 4222 triduum
440 4164 523 4222 seriae
541 4165 583 4223 tn·

734 2159 831 2231 dietae,
847 2177 898 2239 per
914 2179 981 2238 quas
1000 2158 1088 2219 omnia
1107 2155 1182 2218 dela·

733 2247 782 2304 bra
795 2279 829 2290 -
841 2248 1021 2324 inplebuntur.
1033 2277 1068 2293 ··
1079 2246 1120 2306 tt:
1132 2267 1181 2326 pn-

733 2333 804 2392 biioa
820 2336 914 2393 uinum
932 2355 963 2394 ac
980 2343 1010 2394 tu
1031 2335 1181 2415 sprebitot'r.

732 2417 767 2478 Pr
785 2422 894 2497 publica
909 2425 1002 2482 alnum
1019 2443 1051 2480 ac
1065 2433 1108 2480 tus
1119 2443 1181 2500 pre·

732 2508 818 2569 uitur.
848 2529 884 2570 m.
907 2511 947 2570 11
974 2519 1018 2568 tus
1041 2527 1065 2589 p
1086 2509 1180 2568 bidufi.

730 2591 809 2654 Laid.
828 2614 847 2655 r.
869 2591 952 2657 Voss.
966 2613 1009 2659 rt:
1030 2599 1125 2654 ninum
1146 2615 1180 2653 ac

730 2690 776 2738 tna
793 2677 950 2758 plebitunm.
968 2682 1034 2742 Pall.
1054 2686 1079 2742 1.
1091 2686 1117 2741 3.
1130 2680 1179 2742 111

673 2759 680 2780 “
730 2768 825 2824 uinum
852 2786 883 2824 ac
913 2777 958 2827 tns
985 2767 1060 2846 plebi
1086 2769 1178 2828 (latum

730 2853 923 2928 praebiturum.
941 2881 977 2899 ι·
998 2853 1178 2916 11111111

730 2937 911 3016 supplicatum
928 2941 969 2998 tre
984 2939 1148 3022 frequentes.

728 3155 778 3216 Plll
796 3157 847 3232 al.]
866 3161 895 3216 in
914 3160 974 3216 foro
986 3160 1089 3220 boario.
1105 3189 1135 3202 -
1147 3157 1177 3218 11

729 3265 765 3304 m.
778 3247 804 3306 1.
817 3244 853 3304 Pa
872 3246 905 3303 ad
917 3245 1011 3304 aedem
1023 3245 1176 3306 rutundam.

624 3361 627 3368 ·
728 3329 852 3392 1ttm.1.:
866 3331 1017 3392 rotundam.
1035 3362 1069 3376 -·
1091 3329 1175 3389 Paulo

727 3418 845 3478 antella
863 3420 1011 3498 pudicitiae
1028 3421 1161 3497 patritiae.

656 3547 701 3608 1³.
728 3549 763 3610 V
758 3549 919 3630 argimirum:
937 3548 986 3607 PII
998 3547 1074 3610 Letd.
1086 3565 1104 3610 t.
1122 3543 1173 3624 11]

726 3633 885 3713 VirgIniam.
909 3635 953 3696 CI.
971 3639 998 3705 3,
1016 3638 1060 3696 11.
1078 3668 1113 3679 -
1130 3634 1173 3693 tta

726 3723 789 3783 auli.
808 3723 828 3782 I.
842 3727 991 3800 patriciam.
1004 3751 1039 3767 ⁶·-
1050 3723 1100 3782 PII
1112 3722 1172 3784 cod.

724 3811 784 3872 uel.
797 3809 844 3871 al:
863 3811 936 3890 qnod
946 3831 962 3868 c
973 3811 1095 3887 patribus
1107 3830 1171 3868 enu-

723 3902 832 3976 psisset.
856 3899 901 3958 CI.
919 3901 991 3967 11.
1015 3926 1048 3942 a·
1071 3879 1111 3955 ll:
1129 3917 1170 3954 aa·

725 3988 779 4043 cris
792 3997 921 4044 arcuerat.
939 4005 976 4046 m.
987 3987 1028 4046 3.:
1041 3991 1172 4060 arcuerit.

722 4071 799 4134 laeid.
812 4089 830 4133 r.
849 4071 930 4131 Voss.
945 4091 972 4132 n.
995 4071 1062 4134 Lor.
1076 4075 1101 4131 4.
1121 4069 1168 4131 alr
1249 4063 1256 4078 '

722 4163 807 4220 sacris
825 4169 974 4236 arguerent.

842 4247 1033 4318 ·ta·.
