2618 4590
538 289 648 359 num
665 296 727 359 x:
973 356 979 361 ,
1107 283 1172 380 627

10 452 15 493 ⁵
70 462 148 556 quid
171 487 246 554 ergo
270 464 416 532 attineret
436 463 525 554 leges
546 461 622 530 ferri
643 460 800 551 rogitans,
826 461 942 553 quibus
962 485 1021 551 per
1043 461 1176 530 eosdem

10 560 16 601 ¹
70 570 127 660 qui
148 570 296 636 tulissent
317 568 404 636 fraus
426 567 528 651 fieret,
547 567 612 635 iam
626 565 702 658 ’regi
722 565 810 656 leges
831 587 899 633 non
920 552 1041 656 regeret
1070 589 1175 657 ¹popu·
1244 562 1250 589 ¹

10 668 14 707 ¹
68 674 119 741 los
141 667 241 740 nihilo
263 673 369 740 minus
391 671 539 763 suffragia
559 671 667 756 inibat,
689 681 722 738 et
742 681 780 738 ut
801 694 948 761 quaeque
963 670 1046 739 intro
1061 681 1175 740 vocata

10 790 11 801 ¹
69 789 137 846 crat
167 778 324 867 centuria,
353 777 521 844 consulem
548 775 635 842 haud
662 775 758 843 dubie
780 774 915 842 Fabimn
937 774 1072 844 dicebat.
1104 787 1174 842 tum

69 885 200 967 demum
233 905 393 949 consensu
421 880 554 949 civitatis
587 879 691 948 victus
725 879 802 965 „dei
836 878 1037 970 adprobent“
1068 879 1204 970 inquitt

67 988 179 1077 „quod
203 985 293 1077 agitis
316 985 480 1076 acturique
503 985 579 1055 estis
602 986 758 1072 Quirites:
792 996 936 1052 ceterum
962 985 1115 1076 quoniam
1140 984 1174 1051 in

66 1116 120 1159 me
143 1092 231 1183 quod
254 1113 313 1159 vos
336 1089 432 1158 vultis
455 1089 569 1158 facturi
591 1089 682 1173 estis,
709 1090 743 1157 in
765 1089 889 1180 collega
911 1089 952 1157 sit
973 1113 1066 1159 meae
1088 1088 1174 1181 apud

66 1220 125 1263 vos
148 1196 264 1287 gratiae
287 1195 394 1262 locus:
422 1194 458 1262 P.
478 1194 627 1278 Decium,
650 1205 820 1286 expertum
841 1193 921 1262 mihi
943 1193 1095 1262 concordi
1109 1193 1174 1262 col-

64 1300 149 1391 legio
171 1300 284 1383 virum,
306 1300 437 1391 dignum
458 1299 552 1367 vobis
567 1300 699 1391 dignum
720 1311 853 1390 parente
872 1323 942 1384 suo,
964 1321 1086 1391 quaeso
1108 1321 1174 1365 me-

66 1429 142 1472 cum
163 1404 332 1472 consulem
354 1403 511 1472 faciatis“.
533 1405 616 1471 iusta
639 1403 821 1494 suffragatio
843 1404 928 1472 visa:
952 1426 1065 1472 omnes
1088 1407 1222 1494 quae10

65 1519 253 1599 supererant
275 1508 436 1577 centuriae
459 1508 501 1596 Q.
516 1507 653 1575 Fabium
667 1509 703 1576 P.
718 1506 858 1575 Decium
880 1509 1029 1576 consules
1053 1508 1173 1576 dixere.

65 1613 114 1681 Eo
138 1638 221 1682 anuo
244 1613 406 1704 plerisque
428 1613 496 1681 dics
519 1613 602 1682 dicta
624 1613 665 1680 ab
688 1613 860 1695 aedilibus,
883 1610 957 1703 quia
979 1613 1173 1704 plusquam

83 1808 108 1863 1.
136 1804 212 1880 quid
240 1824 312 1885 ergo
334 1806 473 1862 aninam
498 1758 606 1884 Iegee'

128 1891 213 1962 serrr'
245 1894 398 1971 rogitans:
434 1889 483 1948 ΡΜ
519 1891 582 1951 cod.

136 1975 195 2036 Get
218 1977 276 2037 rell.
312 1975 356 2038 Ci.
380 1998 421 2037 ex.
444 1997 485 2053 gr.
508 1978 582 2056 quod

134 2064 216 2140 paulo
229 2074 290 2121 ante
303 2068 485 2143 scriptumest
497 2065 582 2143 „qnid

135 2172 165 2206 se
177 2150 376 2210 sollicitat-enm
394 2156 466 2222 (non
484 2151 582 2222 „aotli-

134 2241 272 2308 citar1“:).
300 2239 323 2298 l.
340 2239 363 2296 F
364 2259 386 2299 r.
404 2238 489 2296 Gron.
508 2241 584 2316 quid

133 2345 205 2404 ergo
219 2327 368 2394 'aninam
392 2326 466 2404 quod
488 2326 581 2384 multis

133 2411 267 2470 aliirlocis
275 2411 415 2488 legeretur,
425 2424 452 2470 et
460 2413 580 2472 hocloco

132 2499 217 2557 scribi
239 2499 339 2558 voluit:
368 2519 462 2558 verum
484 2498 581 2561 Livius

133 2587 290 2644 nonnihil
305 2587 433 2645 attinere
456 2587 500 2645 his
521 2609 580 2648 ver·

131 2673 176 2728 bis
200 2674 314 2750 exprImi
342 2671 430 2732 voluit
453 2673 503 2730 red
525 2694 581 2732 ma·

133 2761 219 2816 iorem
236 2761 292 2816 vim
309 2761 528 2834 interrogationis
550 2763 580 2819 in

135 2846 212 2922 quid
238 2846 378 2904 attineret
405 2849 485 2923 poni:
516 2848 579 2918 „in-

133 2932 196 2988 dem
214 2952 244 2989 er
255 2931 349 3008 fragret,
366 2954 425 2991 was
438 2955 467 2992 es
480 2944 579 2994 nonen

134 3019 223 3077 ktnne
245 3020 311 3079 dass
328 3020 442 3078 Geretae
460 3023 579 3098 gegeben

134 3107 257 3178 werden,
274 3114 388 3169 wenn“.
418 3109 452 3166 ci.
471 3113 502 3179 6,
519 3112 578 3171 sn:

134 3195 231 3273 ecquid
243 3198 364 3256 attinere.
378 3228 412 3240 -
431 3195 467 3253 P:
486 3199 579 3272 „rogi-

133 3290 194 3340 tana
209 3281 352 3361 peosdem
370 3284 418 3365 qni
432 3283 579 3343 tulissent“

133 3366 208 3438 (scil.
225 3369 328 3426 tribuni
345 3368 408 3446 pL).

80 3455 106 3514 2.
130 3458 259 3530 populos
279 3456 374 3513 nihilo
396 3459 495 3515 minua
513 3457 579 3530 enf-

129 3541 240 3621 fragia
264 3544 373 3600 inibat:
396 3542 447 3600 ΡΜ
464 3540 542 3603 Leid.
560 3562 578 3602 1.

132 3627 184 3700 ai]
203 3629 319 3707 populus
337 3639 388 3689 cet.
405 3660 441 3673 -
458 3626 539 3690 Voss.
551 3649 579 3689 n.

133 3713 182 3773 ai:
200 3717 312 3774 inibant.
330 3717 364 3777 ei.
384 3721 409 3786 1,
428 3717 471 3776 dl.
485 3748 519 3760 -·
537 3715 578 3777 di:

133 3801 270 3860 consulem
282 3803 355 3861 haud
368 3803 466 3861 dubiae
477 3803 579 3862 fabium

133 3887 254 3947 dicebat:
266 3891 437 3962 (cf.10‚12.:
449 3890 581 3971 trepide).

133 3975 156 4031 P
179 3976 240 4034 cod.
261 3977 372 4038 Kionin:
403 3985 482 4049 „cod
505 3978 579 4036 hand

13 4107 16 4114 .
134 4062 321 4124 dubiafabinrn
330 4064 579 4128 dicebat“.Utrum-

133 4170 187 4225 qne
204 4160 232 4208 ct
249 4154 339 4211 dubie
360 4162 388 4210 et
405 4153 497 4212 dubis
513 4149 578 4210 terri

727 1814 827 1883 potest,
844 1805 894 1862 sed
905 1803 1000 1862 Livius
1018 1800 1103 1860 houd
1119 1802 1173 1860 du·

724 1894 825 1950 dieite
843 1893 962 1949 scribere
980 1889 1058 1949 solet.

671 1982 698 2040 5.
726 1981 778 2037 dei
793 1979 959 2055 adprobent
970 1978 1085 2056 inquit:
1100 1974 1173 2036 Pm.

724 2069 750 2126 2.
768 2064 921 2125 utetur.
945 2063 996 2138 aL]
1019 2064 1057 2121 dii
1075 2082 1172 2140 appro-

724 2153 789 2210 bent
806 2154 902 2227 inquit.
921 2183 955 2195 -
974 2150 1045 2213 Cod.
1062 2149 1172 2208 Kionin
1205 2168 1208 2175 ¹

723 2239 875 2317 adprobent
886 2240 975 2315 inquit
987 2239 1035 2298 dii.
1047 2271 1082 2282 -
1095 2236 1124 2311 Μ
1135 2253 1172 2296 nt.

725 2330 765 2385 1.:
789 2326 855 2403 quid
865 2359 867 2363 ·
879 2328 966 2402 agitis.
992 2324 1020 2382 Μ
1037 2345 1073 2384 m.
1089 2326 1116 2383 d.
1130 2323 1171 2397 ‚1²2

723 2412 807 2489 quod.
831 2445 864 2456 —
888 2413 923 2471 P:
945 2423 1063 2472 ceterum
1077 2408 1171 2488 *quartu

721 2520 766 2558 rne
783 2509 835 2561 cet.
904 2518 906 2523 ·
1092 2520 1095 2525 ’

670 2590 696 2648 9.
721 2589 847 2668 dignum
870 2589 955 2645 undis
977 2588 1101 2665 dignum
1116 2605 1170 2661 pa·

722 2683 805 2732 rente
816 2693 889 2749 suo:
906 2673 941 2733 Μ.
959 2674 991 2730 ln
1003 2673 1025 2728 P
1038 2673 1170 2747 seriptum

722 2768 764 2815 est
781 2760 923 2816 metathesi
941 2779 1053 2816 vocum:
1077 2776 1170 2834 erper-

721 2855 779 2904 tum
805 2845 873 2903 mihi
899 2845 1029 2901 concordi
1056 2843 1169 2918 collegio

722 2933 807 2991 nobie
820 2932 915 3011 digne}
925 2934 992 2989 ιιίνῡ
1004 2931 1113 3006 dignum
1122 2953 1169 3008 pa·

720 3027 797 3076 rente
822 3036 882 3078 suo.
910 3049 945 3060 -
974 3017 1037 3076 PM:
1068 3038 1168 3097 quaeso
1231 3052 1233 3057 -

720 3124 827 3164 meeum
845 3111 900 3165 coi.
919 3104 1032 3166 iacietis.

652 3193 694 3252 12.
721 3213 813 3270 quam
842 3193 927 3269 quod
954 3195 1023 3272 Iege
1043 3193 1169 3269 finitum
1277 3192 1286 3201 ”

721 3290 805 3338 erat.-
822 3279 858 3340 Μ.
877 3280 909 3337 ln
923 3279 944 3337 P
956 3279 1057 3336 excidit
1070 3299 1168 3358 quam.

720 3366 842 3425 -Pnn
861 3365 938 3425 nti:
959 3369 1169 3445 necquicquam
1215 3360 1217 3367 ’

720 3452 813 3513 ferme.
836 3453 1168 3532 Pm.1.:nequiaqnam
1199 3493 1202 3497 ‹

721 3550 773 3602 cet.
794 3570 832 3586 -
855 3539 905 3597 ΡΜ
925 3540 996 3600 reli:
1018 3539 1168 3598 uinculum·

719 3647 772 3704 que
789 3629 884 3704 ingens
901 3627 1052 3686 inmodicae
1064 3626 1168 3703 cupidi·

720 3716 784 3772 tatis
801 3716 931 3771 iniectum
949 3721 999 3775 est.
1018 3713 1088 3774 Cod.
1100 3713 1165 3772 Por·
1254 3708 1256 3713 ¹

719 3812 789 3878 tug.:
798 3802 950 3860 inmodicae
959 3802 1108 3878 cupiditati.
1122 3799 1166 3862 Gi.

720 3891 747 3959 3,
765 3891 806 3950 2:
824 3889 902 3946 miles
921 3917 955 3931 -
973 3889 1002 3945 in
1020 3896 1107 3946 cestra
1125 3907 1167 3944 re·
1292 3936 1295 3943 ,

721 3977 838 4045 ducitur,
846 3975 954 4051 longam
963 3978 1166 4034 venirenoctem
1292 4010 1298 4022 ι

719 4072 794 4121 rator
816 4081 885 4141 qnae
907 4081 1010 4120 moram
1033 4063 1168 4122 certami·

663 4186 664 4191 .
718 4152 767 4208 nis
785 4151 892 4210 iaceret.

908 4237 975 4304 to·
