2618 4590
528 248 639 309 amru
655 248 700 311 vr.
862 305 865 309 ,
1102 240 1164 345 103¹

63 437 123 482 nus
145 414 271 504 incepta
293 422 577 504 persequerentur:
606 411 709 480 Latini
730 413 864 504 profecti
888 441 908 481 a
936 417 1088 485 societate
1112 436 1163 506 pa·

64 518 110 585 cis
131 528 169 585 ut
188 517 340 605 rebantur
360 514 547 584 inhonestae
574 541 645 584 sese
670 517 921 601 vindicaverunt,
949 519 1091 588 Antiates
1120 521 1165 586 irr-

48 622 246 719 ¹commodis
282 623 401 691 arbitris
434 622 619 690 salutarium
652 623 857 690 consiliorum
886 625 1017 691 remotio
1051 625 1165 692 urbem

34 765 37 769 ·
65 750 226 818 agrosque
252 728 401 795 Romanis
430 728 560 795 dedunt
596 725 642 792 ira
669 739 703 794 et
728 725 832 795 rabies
860 724 1058 813 Latinorum,
1090 730 1164 819 qula

66 857 130 899 nec
152 833 314 903 Romanos
338 833 422 901 bello
450 832 575 900 laedere
603 855 665 898 nec
687 832 827 899 Vulscos
854 832 887 898 iu
914 833 1009 900 annis
1030 833 1199 901 retineret

67 947 246 1026 potuerant,
266 961 308 1007 eo
322 937 432 1028 'erupit
452 949 489 1004 ut
502 936 660 1004 Satricum
682 937 805 1020 urbem,
828 961 911 1027 quae
927 938 1164 1028 receptaculum

65 1040 214 1137 ppbnnm.
227 1041 272 1112 eis
293 1042 445 1110 adversae
468 1066 593 1133 pugnae
615 1042 727 1125 fuerat,
748 1042 812 1133 igni
827 1054 1082 1111 concremarent:
1105 1065 1165 1108 nec

63 1145 150 1213 aliud
171 1156 293 1214 tectum
315 1148 383 1214 eius
405 1147 561 1238 superfuit
581 1147 683 1230 urbis,
712 1170 787 1217 cum
814 1147 900 1215 faces
928 1147 1047 1237 pariter
1068 1146 1165 1214 sacris

62 1247 268 1341 profanisque
289 1251 452 1335 inicerent,
475 1276 572 1342 quam
594 1251 702 1318 matris
725 1252 867 1320 Matutae
890 1251 1062 1342 templum:
1090 1251 1165 1317 inde

61 1379 119 1422 eos
140 1378 216 1423 nec.
230 1379 288 1423 sua
316 1351 426 1446 religio
454 1381 514 1423 nec
542 1359 732 1424 verecundia
760 1357 858 1424 deum
885 1356 1023 1424 arcirissc
1052 1353 1165 1425 dicitur
1178 1362 1211 1419 ro

62 1458 122 1528 sed
141 1476 208 1526 v'ox
229 1459 385 1528 horrenda
410 1461 493 1528 edita
517 1462 637 1552 templo
660 1486 736 1529 cum
756 1462 899 1530 tristibus
920 1459 1024 1542 minis,
1057 1459 1089 1525 ni
1109 1482 1163 1541 ne·

62 1563 177 1633 feudos
197 1565 287 1655 ignes
309 1566 422 1657 procul
444 1566 585 1633 delubris
606 1568 810 1634 amovissent.
846 1567 994 1632 incensos
1017 1587 1055 1629 ea
1077 1562 1164 1629 rabie

62 1669 200 1761 impetus
215 1671 394 1738 Tusculum
416 1671 488 1738 tulit
509 1671 551 1741 ob
572 1671 653 1738 iram
668 1670 756 1761 quod
771 1671 898 1736 deserto
914 1666 1075 1735 communi
1091 1688 1164 1732 con-

63 1775 135 1845 cilio
153 1773 352 1847 Latinorum
384 1797 450 1840 non
484 1775 517 1841 in
550 1778 736 1845 societatem
768 1775 867 1841 modo
895 1773 1073 1839 Romanam
1107 1767 1164 1833 scd
1274 1782 1279 1797 ·

63 1878 158 1946 etiam
180 1879 213 1944 in
237 1879 397 1946 civitatem
419 1901 455 1945 se
484 1878 652 1951 dedissent.
688 1879 870 1968 patentibus
896 1873 997 1966 portis
1021 1895 1097 1938 cnm
1119 1869 1210 1935 iri-15

61 1984 191 2074 proviso
213 1983 412 2066 incidissent,
440 1983 542 2072 primo
565 1982 704 2051 clamore
733 1983 887 2073 oppidum
908 1987 1035 2070 praeter
1057 1998 1164 2041 arcem

60 2099 191 2178 aapbun
212 2099 270 2156 est.
305 2088 339 2155 in
361 2111 469 2154 arcem
491 2087 640 2178 oppidani
662 2089 807 2178 refugere
830 2109 904 2153 cum
921 2080 1106 2171 coniugibus
1126 2101 1164 2145 ac

61 2193 176 2277 liberis,
196 2190 391 2284 nuntiosque
408 2193 547 2262 Romam
570 2193 624 2282 qui
639 2191 808 2276 certiorem
830 2189 871 2254 de
893 2211 953 2267 suo
977 2209 1053 2253 casu
1076 2206 1163 2277 senp-

79 2418 105 2476 1.
133 2434 153 2470 a
170 2415 313 2471 societate
326 2412 412 2487 pasis
427 2421 459 2469 ut
475 2403 578 2467 rebon-
666 2416 693 2470 9.
720 2409 790 2466 inde
817 2428 871 2468 eos
897 2425 951 2463 nea
974 2424 1032 2462 sna
1058 2402 1165 2481 reh‘ge‘o

131 2509 182 2557 tur
198 2499 373 2557 inhonestae
395 2519 462 2557 sese
483 2496 578 2554 uiridi·
719 2516 774 2554 nec
800 2493 981 2552 uerecundia
1003 2492 1092 2548 deum
1119 2508 1166 2543 ar·

133 2597 291 2644 cancrent:
309 2585 344 2645 ll.
357 2584 440 2642 -P:
460 2607 475 2641 a
492 2585 578 2641 socie·
720 2584 818 2640 coisse
848 2581 973 2636 dictur.-
1004 2576 1040 2636 Μ.
1071 2606 1107 2618 -
1141 2573 1164 2629 P

133 2681 197 2732 tate.
224 2672 300 2730 lllulti
323 2694 394 2733 recc.
421 2671 513 2730 codd:
545 2671 579 2726 ab
719 2668 797 2726 Leid.
811 2687 828 2726 r.
846 2665 895 2724 at:
913 2667 1038 2743 arguisse
1057 2663 1166 2720 dicitur.

134 2760 268 2837 societate.
294 2759 372 2819 Leid.
390 2781 420 2819 r.:
440 2759 475 2817 ad
492 2760 578 2815 socie·
720 2755 764 2815 Cf.
782 2757 808 2821 6,
821 2755 880 2812 253
898 2759 1050 2809 arcuerunt.
1067 2751 1094 2815 4,
1106 2750 1165 2806 ἤθη

77 2849 79 2858 “
135 2854 223 2905 tatem.
250 2879 284 2889 —
312 2847 348 2905 P:
367 2847 526 2903 inhonestae
548 2849 581 2901 ἓὸ
722 2840 932 2897 Siculorum-
948 2836 1012 2892 Plll:
1030 2835 1088 2891 sed
1105 2853 1166 2895 uox

137 2932 351 2994 uindicauernnt.
360 2933 438 2992 Leid.
448 2954 466 2991 1.
475 2931 580 2997 Harl.1.:
722 2926 876 2983 horrenda
893 2923 975 2979 edito
991 2922 1108 2994 templo.
1135 2918 1167 2980 ln

134 3036 193 3078 esse
208 3022 425 3080 uindicauerunt.
453 3017 533 3077 Voss.
552 3038 582 3078 u.
721 3013 794 3072 Harl.
813 3033 831 3072 1.
850 3009 952 3067 cncidit
966 3009 1085 3085 templo,
1101 3024 1166 3084 pau·

134 3098 232 3184 aliique
255 3130 341 3168 reon:
368 3130 399 3166 se
425 3106 580 3165 uindicaue-
722 3103 885 3180 loquepost
903 3099 942 3159 nr'.

93 3194 97 3199 ’
135 3204 206 3254 runt.
479 3200 484 3211 ⁴

78 3286 106 3343 3.
135 3283 236 3339 urbem
265 3302 417 3361 agrosque
446 3281 579 3340 romanis

72 3434 76 3449 .
136 3365 580 3430 dedunt:Pll.—lleco.codd.:
659 3382 665 3391 ¹

135 3451 275 3510 dederunt.

79 3547 105 3608 8.
134 3561 201 3599 cone
221 3538 313 3613 sacas
340 3544 453 3615 pariter
484 3541 581 3598 sacris

133 3627 335 3706 profanisque
345 3629 499 3684 inicerent:
511 3624 533 3682 Ρ
545 3646 580 3683 m.

117 3713 270 3775 .a.l1.—
294 3712 369 3772 Pro.
395 3716 435 3774 1.:
458 3714 582 3790 „pariter

135 3801 336 3880 profanisque:
346 3798 582 3876 Fragmllarera:
654 3802 696 3858 17.
725 3799 756 3854 in
785 3815 899 3853 arcem:
929 3792 987 3852 ΡΜ.
1016 3822 1052 3834 -
1087 3788 1166 3845 Recc.

134 3894 237 3968 pariter
254 3889 324 3946 fanis
341 3887 525 3965 profanisque.
547 3918 580 3929 —
725 3884 819 3944 codd:
838 3892 891 3953 „et
907 3883 936 3939 in
948 3899 1037 3937 arcem
1055 3909 1088 3920 -
1107 3893 1168 3929 cum

137 3977 210 4046 nm.
220 3978 360 4037 Lemuria
371 3985 485 4036 mature.
496 3995 532 4035 m.
541 3975 582 4034 3.:
725 3971 884 4047 coniugibus
902 3979 931 4028 et
943 3967 1067 4025 liberto:
1085 3960 1168 4018 lidcm

108 4118 112 4124 .
137 4074 245 4124 matulo.
272 4062 317 4126 cf.
335 4064 362 4134 5,
382 4066 425 4125 19.
443 4061 477 4122 al.
725 4058 837 4117 deiude:
856 4059 1006 4116 miserunt.
1113 4075 1115 4083 ’

652 3240 695 3298 12.
721 3237 859 3292 incensos
886 3251 923 3288 ea
950 3228 1046 3285 radic:
1072 3225 1103 3282 P.
1131 3254 1165 3263 —

722 3322 763 3378 lll:
781 3322 907 3375 incensos
925 3315 1025 3371 arabia.
1042 3343 1076 3352 -
1104 3309 1166 3365 Pbl:

723 3405 797 3487 quod
823 3405 929 3460 deserto
949 3398 1084 3456 communi
1106 3415 1168 3451 con·

724 3493 796 3553 cilio.
825 3488 904 3546 Leid.
922 3506 954 3543 r.:
979 3504 1032 3561 qno
1053 3482 1168 3539 deserto.
1224 3534 1227 3541 ,

723 3577 798 3637 Harl.
811 3596 844 3635 r.:
864 3573 939 3652 quod
951 3572 1168 3657 deseetotecom·

723 3667 797 3727 muni
816 3673 866 3723 cet.
