2618 4590
166 221 233 292 sil
638 232 747 299 unm
764 236 813 297 lX.

166 400 258 468 locas
279 400 349 492 ipse
375 401 533 485 armabat,
559 401 717 492 ingerere:
749 402 842 493 igitur
866 411 955 469 scuta
984 400 1182 492 galeaeque
1204 402 1271 473 idae

55 544 58 551 ·
165 526 242 571 cum
263 506 359 573 etiam
380 530 463 598 quaa
485 531 551 574 non
573 507 817 575 vulneraverant
837 505 1069 573 turbarent-
1084 530 1203 597 neque
1216 507 1270 575 sui

165 608 212 677 ire
233 622 302 678 erat
322 611 415 678 facile
448 611 489 678 ad
517 613 700 704 propiorem
721 635 863 703 pugnam
889 633 997 700 neque
1021 610 1170 678 missilia
1193 610 1268 679 labe·

164 712 242 781 bant
269 716 386 806 quibus
407 718 532 784 eminus
555 741 623 784 rem
645 727 874 808 gererent-3
895 725 1017 783 stantes
1051 727 1090 783 et
1114 716 1268 808 exposita

134 819 205 894 aad
227 819 318 904 ictus,
341 845 415 889 cum
430 823 494 889 iam
510 823 586 889 salis
608 821 685 888 nihil
706 830 836 911 tegeret,
859 819 1018 910 quosdam
1038 821 1150 888 etiam
1166 822 1265 913 peden

162 923 404 993 referentes-
359 927 696 1016 -ssuctuantemque
719 937 753 993 et
773 925 952 991 instabilem
975 924 1163 991 aciem-
1111 927 1265 994 -redin

163 1036 287 1119 tegratd
309 1031 450 1098 clamore
472 1031 586 1098 strictis
608 1029 719 1119 gladiis
739 1029 857 1098 hastati
871 1040 904 1096 et
922 1028 1091 1119 principes
1115 1030 1265 1099 invadunt

162 1156 239 1200 eum
260 1135 417 1224 impetum
439 1158 505 1202 non
527 1135 668 1201 tulerunt
680 1133 807 1202 Elmsci
827 1133 998 1225 versisque,
1013 1134 1122 1224 signis
1148 1137 1226 1228 fuga
1238 1136 1265 1203 ei·

162 1238 234 1305 lusa
257 1251 359 1306 castra
381 1251 546 1330 repetunt:
568 1239 626 1306 sed
648 1240 772 1329 equites
786 1238 922 1307 Romani
937 1240 1114 1329 praevecti
1128 1266 1195 1332 per
1208 1241 1266 1310 obli

115 1359 226 1433 10qna
249 1343 354 1433 campi
377 1367 451 1411 cum
473 1367 509 1412 se
532 1343 723 1435 fugientibus
740 1344 938 1426 obtulissent,
959 1344 1089 1417 omisso
1115 1347 1162 1413 ad
1181 1357 1266 1414 casm

161 1447 274 1513 itinere
296 1459 424 1517 montes
446 1461 574 1540 petunt:
596 1449 670 1515 inde
692 1448 804 1515 inermi
826 1471 928 1539 paene
951 1447 1083 1540 agmine
1101 1474 1144 1519 ac
1163 1461 1266 1519 vexata

160 1549 350 1618 vulneribus
369 1552 402 1620 in
424 1553 537 1621 silvam
559 1552 729 1619 Ciminiam
751 1563 963 1642 penetratum.
998 1552 1182 1622 Romanus
1203 1554 1267 1623 mul

160 1654 201 1723 lis
222 1654 350 1724 milibus
372 1656 582 1726 Etruscorum
603 1657 704 1725 caesis
726 1656 1040 1749 duodequadraginta
1071 1658 1186 1749 signis
1202 1659 1266 1725 mili·

159 1760 281 1831 taribus
304 1762 404 1852 caplis
427 1762 537 1830 castris
561 1762 657 1829 etiam
678 1761 821 1828 hostium
842 1785 917 1829 cum
937 1762 1060 1852 praeda
1077 1762 1208 1855 ingenti
1221 1788 1265 1855 pc

53 1878 60 1893 ‘
112 1884 149 1939 15
159 1867 250 1936 titur:
272 1879 342 1933 tum
365 1867 404 1934 de
427 1868 651 1958 persequendo
673 1868 766 1934 hoste
789 1866 899 1958 agitari
920 1877 1089 1957 coeptum.
1123 1908 1134 1931 2

247 1971 399 2041 XXXVI.
445 1971 532 2039 Silva
560 1983 628 2040 erat
655 1971 788 2038 Ciminia
817 1970 918 2061 magis
946 1982 1017 2045 tum
1047 1971 1142 2040 invia
1178 1986 1264 2066 atquc

227 2160 345 2220 Wlirfen
363 2163 412 2220 der
423 2160 524 2221 Rdmar
541 2165 672 2240 gatrollcn

225 2250 349 2320 worden,
366 2251 451 2308 selbat
469 2251 512 2308 bei
531 2250 617 2309 denen
628 2252 672 2308 die

779 2204 782 2211 .
813 2164 954 2239 uersisque
976 2162 1061 2238 tignis
1090 2185 1186 2241 pugna
1210 2165 1262 2241 fuga

813 2249 897 2306 effusa
916 2258 1002 2305 eastra
1026 2261 1169 2327 repetunt.
1200 2251 1260 2312 cod

228 2337 305 2392 nicht
343 2335 468 2392 wirllich
514 2337 673 2394 verwundet

225 2422 354 2490 wanden,
373 2422 544 2498 Verwirrung
562 2425 671 2481 hervor·
711 2471 716 2478 .

226 2509 337 2583 bringcn
372 2515 504 2570 musste“.
539 2543 573 2553 -
609 2510 670 2569 PM:

226 2595 381 2681 „unm
405 2599 486 2653 etiam
508 2598 605 2677 pedem
629 2621 670 2655 re·

100 2750 104 2755 Ι
224 2681 372 2744 1“ιιι·ιιιιιιιε“Ι
402 2684 440 2759 Et
456 2684 522 2742 hacc
540 2686 671 2759 verberet

225 2779 340 2835 arantes
348 2780 378 2830 et
385 2775 539 2847 expositos
551 2774 670 2851 pendant

223 2859 455 2918 minandum-
466 2859 530 2917 PM:
540 2861 669 2921 fluctuan-

222 2954 336 3022 temque
359 2955 388 3001 ei
410 2947 563 3004 instabilem
585 2952 669 3008 aciem

222 3040 273 3089 cei.
303 3030 452 3088 Particulae
475 3044 582 3108 quaet
604 3035 631 3093 h.
649 3036 668 3094 l.

220 3117 373 3192 significare
391 3119 490 3177 dehent
503 3120 574 3176 idem
593 3121 667 3196 quod

221 3215 251 3264 ei
266 3214 311 3263 et:
326 3205 382 3275 „da
393 3206 496 3281 grcilen
510 3207 554 3264 die
566 3206 667 3264 Rama·

219 3322 255 3336 -
274 3292 326 3349 den
339 3293 424 3350 achon
447 3296 476 3351 in
497 3294 665 3372 Unardnung

218 3379 381 3455 gebrachten
407 3381 464 3439 und
489 3382 565 3438 nicht
588 3382 665 3440 mehr

221 3467 309 3526 Stand
333 3468 476 3526 hollenden
494 3469 580 3526 Feind
598 3475 664 3530 an“.

217 3552 261 3613 Cl.
275 3557 301 3624 2,
313 3557 371 3614 67.:
389 3556 543 3634 tribunique
560 3566 588 3614 el
600 3578 663 3614 con·

216 3640 298 3698 sales.
318 3673 352 3683 -
369 3642 392 3699 P
409 3664 445 3703 ιιι.
464 3646 502 3702 1.:
521 3647 609 3702 aelati.

161 3729 187 3787 8.
215 3747 282 3785 eam
300 3730 439 3804 impetum
455 3751 514 3789 non
528 3733 665 3790 tulerunt

213 3816 352 3872 Etrusci:
376 3815 404 3874 Μ
427 3838 462 3877 ιιι.
480 3821 506 3877 2.
524 3818 611 3875 P.—
633 3815 662 3874 Μ

212 3921 248 3961 ιιι.
267 3905 306 3962 1.
325 3923 387 3960 cum
404 3907 534 3983 impetum
551 3926 606 3961 aon
618 3915 660 3961 tu·

812 2333 921 2395 Klocl.:
939 2336 1082 2415 uersisque
1099 2340 1189 2415 signia
1199 2359 1260 2419 pena

811 2423 872 2499 iuga
891 2432 941 2480 cet.

759 2515 785 2572 9.
812 2513 870 2570 aad
892 2513 1007 2587 aquilea
1031 2516 1156 2571 romani
1178 2533 1255 2590 prae·

811 2601 889 2656 necti
910 2618 966 2675 per
997 2600 1124 2675 obliqua
1153 2603 1256 2676 campi:
1300 2588 1303 2659 i

809 2685 871 2743 Pll:
891 2685 1008 2760 „schrlg
1026 2686 1116 2745 durch
1134 2688 1185 2746 das
1196 2687 1254 2745 leid

810 2773 859 2830 hin
871 2772 952 2829 ihncn
965 2773 1152 2847 voraneilend‚
1166 2797 1253 2834 auvar-

810 2860 989 2917 lommcnd“:
1015 2866 1253 2936 praevenimini

810 2966 864 3002 non
888 2948 960 3003 idem
983 2946 1010 3007 h.
1034 2946 1053 3007 l.
1075 2949 1153 3026 qaod
1172 2971 1252 3026 prae·

808 3036 934 3090 ieruecti
957 3039 1008 3106 (an
1037 3035 1123 3094 ihncn
1151 3038 1252 3096 vorbai·

807 3121 927 3192 reitend)
953 3139 1014 3178 esse
1036 3133 1139 3202 potest.
1168 3156 1203 3170 -
1228 3123 1252 3181 Μ

807 3210 901 3267 m.1.:
925 3212 1033 3271 omissa.
1064 3209 1092 3268 Μ
1117 3232 1154 3274 m.
1176 3216 1207 3273 3.
1220 3213 1250 3270 P:

807 3297 908 3353 amisso
928 3297 962 3353 ad
981 3306 1068 3354 castra
1086 3301 1193 3360 itinere.

737 3382 779 3440 12
806 3382 961 3442 Romanus
990 3387 1093 3444 multis
1123 3389 1249 3445 millibus

804 3471 1000 3529 Etruscarum
1017 3476 1116 3531 caesia
1135 3477 1196 3534 dua
1215 3476 1249 3532 dc

805 3557 849 3617 xl.
875 3561 972 3637 signis
998 3562 1180 3621 militaribus
1205 3582 1248 3619 ca·
1275 3565 1276 3569 ’

801 3646 863 3719 piis
881 3655 944 3705 cel:
961 3646 1018 3705 ΡΜ.
1037 3680 1072 3690 -
1090 3647 1122 3704 ln
1141 3649 1217 3708 Laid.
1231 3668 1246 3708 ι.

742 3780 744 3785 .
805 3731 867 3790 cod.
889 3731 985 3792 Kloel.
1003 3731 1070 3794 Lov.
1089 3737 1115 3792 4.
1139 3739 1175 3798 al.
1197 3756 1246 3794 noa

803 3820 923 3876 milibus
943 3820 992 3877 sed
1014 3824 1160 3891 militibus
1185 3826 1247 3882 acri·
1273 3877 1277 3887 .

801 3914 877 3982 ptum
896 3917 944 3966 est.

201 3987 302 4045 lerunt
318 4000 342 4043 ει
363 3995 476 4069 uersiaq.
495 3993 580 4067 signis
597 3991 658 4067 laga
731 3991 774 4050 16.
800 3994 882 4050 silua
908 4003 973 4052 erat
997 3997 1125 4054 Ciminia
1152 3999 1247 4078 magis

177 4073 298 4135 edm
316 4086 403 4135 casim
421 4087 555 4154 repetunt.
568 4106 602 4124 ··
620 4077 656 4136 P·

801 4083 894 4137 ium
881 4083 964 4141 mnia
986 4093 1076 4159 atque
1093 4079 1245 4143 horrenda
