2618 4590
170 224 240 304 234
412 204 419 211 ’
630 250 739 309 umus
757 250 814 310 vu.

173 411 411 503 rnmCampani
426 412 543 480 simus:
565 411 592 480 si
608 411 785 495 defenditis,
807 409 913 495 vestri,
935 410 962 479 si
977 408 1129 491 deseritis,
1151 407 1274 475 Samni-

170 516 252 586 tium
274 517 405 585 erimus:
433 506 582 609 Capuam
609 540 685 607 erga
708 527 742 584 ct
762 515 974 607 Campaniam
1002 505 1133 582 omnem
1159 514 1273 581 vestris

172 644 213 688 an
234 621 568 690 Samnitium‘viribus
590 621 743 690 accedere
765 621 881 689 malitis
903 621 1085 689 deliberate.
1124 619 1273 687 omnibus

28 804 32 811 ¹
143 726 145 733 ’
170 727 300 817 quidem
326 726 462 794 Romani
492 740 634 796 vestram
664 727 915 797 misericordiam
947 737 1154 816 vestrumque
1188 725 1273 791 auxi·

135 832 248 899 stium
271 856 412 923 aequum
434 844 485 901 est
505 844 625 924 patere,
645 833 695 900 his
717 845 826 901 tamen
841 833 982 900 maxime
1005 831 1061 922 qu'i
1079 853 1152 896 eam
1172 828 1272 918 inplo-

168 937 311 1004 rantibus
341 938 423 1023 aliis,
458 939 611 1006 auxilium
640 941 718 1007 dum
746 962 842 1030 supra
873 938 958 1006 vires
993 959 1068 1003 suas
1101 945 1273 1026 praestant,

168 1065 281 1110 omnes
303 1045 364 1134 ipsi
385 1044 417 1109 in
439 1043 523 1112 hanc
545 1044 769 1111 necessitatem
790 1054 957 1112 venerunt.
996 1063 1194 1132 quamquam
1216 1064 1273 1130 pu-

167 1147 334 1237 gnavimus
356 1149 539 1239 verbopro
561 1148 706 1216 Sidicinis
728 1173 764 1216 re
786 1172 846 1239 pro
868 1148 971 1232 uobis,
993 1162 1069 1214 cum
1091 1146 1272 1214 videremus

167 1250 337 1319 finitimum
359 1255 517 1345 populum
533 1254 654 1321 nefario
669 1253 835 1321 latrocinio
851 1253 1043 1322 Samnitium
1065 1251 1132 1342 peti
1155 1261 1195 1333 et,
1218 1249 1273 1315 ubi

123 1367 158 1422 10
171 1357 418 1449 conflagrassent
440 1359 584 1444 Sidicini,
618 1360 659 1427 ad
679 1382 739 1427 nos
762 1359 969 1429 traiecturum
990 1357 1069 1424 illud
1090 1344 1274 1424 incendium

186 1580 210 1637 1.
237 1579 267 1634 si
283 1579 439 1636 deseritisr
455 1574 484 1636 dl
501 1600 536 1640 m.
555 1583 581 1639 3.
599 1579 631 1640 P.
649 1611 685 1624 -

236 1663 263 1721 Μ
282 1685 316 1722 m.
338 1667 375 1724 1.:
394 1669 418 1722 si
437 1666 565 1727 desinitis.

182 1753 209 1810 2.
235 1755 345 1811 uestris
369 1774 410 1809 an
428 1753 608 1812 Samnitium
626 1752 682 1824 (dle

235 1842 411 1910 samnicium)
422 1843 533 1898 uiribus
543 1840 684 1898 accedere

234 1928 347 1985 malitie
365 1930 544 1985 deliberate:
561 1927 583 1984 P
601 1947 636 1986 m.
655 1930 682 1985 2.

232 2012 260 2069 bl
277 2034 313 2073 m.
332 2017 358 2075 2,
382 2049 416 2059 -
444 2015 466 2072 Ρ
485 2035 519 2075 m.
540 2019 577 2075 1.=
597 2014 682 2072 mala-

232 2103 277 2161 tis.
296 2102 318 2160 P
336 2102 549 2164 m.1.t1m.1.=
568 2102 682 2161 deliber·

233 2196 298 2248 tate.

180 2275 206 2333 4.
246 2284 376 2332 uestram
424 2277 681 2335 misericordiam:

233 2361 295 2418 Pul:
319 2362 368 2418 sed
391 2365 419 2418 in
437 2363 464 2418 tl
486 2363 618 2439 scriptum
640 2372 682 2419 est

235 2456 334 2516 „uiam
353 2455 467 2508 miam“.

178 2536 204 2592 5.
232 2535 280 2592 his
310 2545 410 2592 tamen
439 2538 585 2592 maxime:
615 2535 679 2608 PM]

233 2625 268 2680 iis
286 2633 376 2680 tamen
395 2626 517 2682 maxime.
539 2622 680 2698 „Varziig-

230 2709 286 2767 tich
303 2711 403 2788 jedoch
422 2713 517 2779 denen,
536 2712 581 2768 dic
598 2732 680 2768 avenn

229 2799 338 2857 Andere
367 2799 411 2856 ihr
437 2799 540 2856 blitleid
569 2802 598 2856 in
624 2800 679 2856 Au-

143 2953 149 2960 ,
229 2888 331 2968 sprucb
349 2889 464 2944 nahmen
484 2889 539 2944 und
554 2891 593 2943 sie
612 2888 677 2944 den·

229 2975 323 3031 selben
341 2977 408 3032 siber
420 2976 479 3032 ihre
491 2975 585 3033 Krtste
597 2975 678 3031 Hiilse

230 3062 395 3136 augedeihen
413 3062 526 3129 liessen,
552 3062 611 3118 sich
631 3063 677 3118 da·

231 3136 317 3203 durch
344 3147 429 3204 selbst
452 3151 480 3203 iu
503 3149 546 3204 die
574 3148 676 3223 gleichs

229 3232 467 3312 Notbavendigkeit
485 3235 613 3311 gebracht
630 3237 676 3292 ha·

229 3322 281 3405 ben
289 3328 314 3383 “.
328 3323 486 3380 Desiderari
498 3324 606 3401 quidem
616 3336 675 3401 pot·

228 3418 269 3468 est
286 3415 422 3469 veniunt:
441 3412 491 3468 sed
503 3411 534 3470 L.
550 3434 611 3469 cnm
629 3435 675 3471 vc·

124 3512 128 3519 ’
228 3509 335 3554 nerunt
346 3502 484 3569 scriberet,
503 3503 617 3557 transire
629 3519 675 3556 vo·

227 3584 279 3640 luit
297 3587 329 3640 ab
349 3607 380 3642 eo
400 3588 473 3664 quod
486 3586 601 3664 exempli
614 3588 675 3644 lnce

228 3671 329 3728 dictum
341 3673 482 3732 videbatur
501 3677 536 3732 ad
554 3676 584 3732 id
602 3677 676 3752 qued

227 3777 258 3814 rc
275 3778 338 3814 vera
356 3761 409 3816 iam
429 3762 528 3819 factum
547 3774 612 3824 erat.

174 3848 202 3905 7.
219 3841 674 3928 pnnmpunmpugnauimusuer·

66 3968 68 3975 ν
132 3995 135 4001 ,
228 3934 264 3991 bo
280 3955 337 4010 pro
349 3935 493 3994 Sidicinis
506 3959 539 3995 re
554 3959 610 4014 pro
624 3960 674 3995 no·

228 4019 357 4082 tinPtl.
370 4055 403 4066 -—
415 4023 450 4084 H.
461 4045 497 4084 e.:
515 4046 675 4102 quamquam
702 4080 704 4086 .

827 1577 894 1656 qnid
913 1578 993 1634 dico?
1021 1597 1078 1633 nau
1095 1574 1153 1632 sola
1172 1576 1274 1631 miseri·

826 1668 918 1725 cardia
944 1665 1018 1724 ducti
1040 1685 1133 1722 sumus
1154 1672 1185 1720 ut
1202 1662 1273 1719 Sidi·

827 1757 895 1812 cinis
909 1753 1037 1811 auxilium
1052 1751 1195 1809 ferendum
1213 1770 1273 1806 esse

826 1861 1008 1899 censeremus:
1044 1832 1135 1919 specie
1170 1847 1275 1895 tantum

824 1950 875 2008 pro
903 1929 1049 1996 Sidicinis,
1079 1948 1109 1983 re
1137 1929 1196 2004 ipsa
1222 1945 1273 2003 pro

824 2017 904 2072 nobis
929 2016 1130 2083 dimicavimus,
1155 2034 1215 2070 cum
1235 2015 1273 2069 vi·

825 2103 963 2171 daremus,
986 2106 1011 2162 si
1033 2102 1150 2159 Sidicini
1168 2100 1272 2156 Samni·

747 2225 749 2231 ,
823 2195 891 2248 tium
909 2192 1023 2270 imperio
1042 2191 1157 2248 subiecti
1175 2196 1273 2255 esseut,

824 2278 882 2334 fare
901 2289 930 2336 ut
943 2279 1102 2357 nosmetipsi
1120 2277 1153 2332 ab
1173 2275 1273 2332 eisdem

825 2365 992 2422 Samnitibus
1010 2377 1172 2444 pateremur.
1191 2361 1235 2420 Ci.
1247 2366 1273 2429 7,

824 2456 880 2513 13.:
898 2473 1058 2530 quamquam
1077 2452 1111 2508 de
1129 2451 1213 2526 gloria
1228 2453 1273 2508 vix

819 2541 913 2601 dicere
932 2543 1026 2599 ausim.
1043 2571 1078 2584 -
1095 2539 1128 2595 in
1140 2537 1234 2596 Lavel.
1247 2540 1271 2595 2.

823 2632 953 2706 scriptum
970 2637 1011 2683 est
1029 2627 1099 2695 „ubi
1112 2626 1271 2699 conflagras-

802 2767 805 2771 .
822 2725 883 2771 seut
900 2713 1053 2783 Sidicinos,
1071 2707 1176 2770 ad‘nos
1193 2715 1270 2770 traic-

822 2804 892 2858 ctnri
903 2800 970 2860 illud
979 2788 1135 2859 incendium
1147 2805 1270 2868 essent“‚

821 2880 895 2966 duod
931 2891 1041 2946 libraria
1077 2891 1270 2946 traiecturum

819 2979 1057 3051 nonintrarpsitira
1073 2975 1271 3051 significatione

819 3065 960 3122 terendum
981 3065 1130 3125 videbatur.
1160 3062 1211 3119 sed
1235 3063 1269 3122 cf.

820 3173 861 3211 ex.
880 3173 919 3226 gr.
938 3155 982 3220 31,
1001 3154 1057 3210 ts:
1086 3171 1142 3220 „cx
1164 3150 1268 3207 duabus

820 3240 943 3307 coloniis,
974 3261 1043 3316 quae
1061 3238 1136 3295 vetur
1153 3237 1268 3296 claustra

819 3327 854 3384 ad
881 3327 1050 3385 cohibendas
1076 3325 1197 3384 Gallicos
1226 3336 1266 3382 tu·

818 3414 919 3473 multus
961 3417 1104 3491 oppositae
1145 3413 1267 3480 fuissent,

820 3523 882 3563 cum
904 3524 957 3560 una
980 3503 1085 3579 direpta
1109 3509 1136 3558 et
1158 3503 1266 3557 incensa

817 3601 890 3647 essct
917 3593 1143 3667 traiecturumque
1169 3589 1200 3646 id
1227 3591 1266 3644 iu·

818 3678 942 3736 caudium
961 3678 1034 3736 velut
1052 3699 1085 3733 ex
1106 3677 1266 3733 contineuti-

815 3767 868 3823 bus
881 3768 960 3823 tectis
973 3768 1001 3822 in
1014 3765 1124 3822 alteram
1135 3774 1190 3820 tam
1204 3784 1267 3842 pro·

812 3858 945 3932 pinquam
958 3853 1092 3911 coloniam
1104 3863 1185 3922 esset,
1200 3853 1266 3930 quid

816 3943 924 4007 tandem
959 3942 1078 4018 praetori
1114 3940 1267 3997 faciendum

817 4020 939 4088 fuisse?“
958 4062 992 4072 -
1011 4029 1053 4087 tl:
1071 4031 1241 4091 samnicium.
