2780 4720
1101 228 1103 236 '
1169 229 1174 260 l

528 303 700 364 cincun.
932 339 936 348 .
1092 286 1172 358 ’737
1198 284 1200 288 ’

49 462 135 552 lega
168 463 311 554 trepidus
339 463 405 531 dc'·
401 465 516 556 viginti
543 447 727 576 cohortium
753 463 892 532 adventu
921 475 954 534 et
982 465 1022 534 ab
1049 464 1172 584 impetu

47 578 212 634 moratus
235 579 284 636 est
304 579 339 636 et
359 579 485 658 portem
507 539 676 660 copiarum
693 590 844 638 revocare
865 561 1051 638 instuictam
1072 569 1170 662 inten-
1235 593 1237 612 ·

50 681 202 762 tamque
225 672 266 740 ad
297 674 547 764 oppugnandum
574 673 688 762 coegit.
726 673 768 742 Ι).
791 674 927 740 Brutum
949 654 1106 742 Scaevam
1127 674 1170 740 le·

47 785 176 864 gotum
199 799 273 844 curn
295 772 536 867 legioneprima
555 779 725 846 audacem
751 776 935 846 cohortibus
958 777 1061 846 alariis
1084 779 1170 868 equi,

47 889 199 970 tatuque
220 881 266 948 ire
288 881 441 950 advorsus
463 882 642 952 subsidium
662 881 803 956 bostium
824 882 930 956 iussit:
964 894 1199 973 quocumquet

49 982 87 1048 in
113 983 197 1052 loco
218 985 330 1054 fuisset
352 985 482 1068 obvius,
511 987 681 1055 obsisteret
703 1009 741 1056 ac
762 997 941 1056 moraretur
965 1007 1171 1076 manumque,

50 1085 82 1154 si
107 1085 198 1156 forte
219 1089 264 1156 ita
285 1113 337 1158 res
359 1102 515 1180 posceret
538 1091 710 1173 conferret,
738 1093 838 1162 modo
860 1115 902 1160 ne
924 1091 965 1158 etl
988 1090 1170 1160 Cominium

52 1215 118 1260 eae
144 1193 261 1284 copiae
282 1181 444 1264 admoveri
466 1206 608 1285 possent.
646 1195 716 1284 ipse
738 1195 841 1262 scalas
856 1195 930 1264 ferri
946 1196 985 1262 ad
1003 1217 1114 1262 muros
1128 1193 1194 1289 ab-

55 1297 167 1364 omni·
178 1309 269 1388 parte
290 1299 377 1367 urbis
398 1299 490 1378 iussit
511 1325 550 1368 ac
571 1299 730 1370 testudine
753 1300 793 1366 ad
815 1311 924 1390 portas
939 1299 1104 1368 successit.
1130 1298 1169 1367 si-

50 1401 128 1468 mul
152 1413 188 1470 et
208 1403 458 1494 refringebantur
479 1416 590 1496 portae
614 1414 648 1472 et
669 1403 717 1470 vis
748 1404 888 1494 undique
916 1391 960 1470 in'
976 1427 1086 1471 muros
1115 1402 1168 1469 lie·
1182 1414 1216 1468 1⁰

52 1504 124 1572 bat.
165 1505 325 1576 Samnites
344 1508 390 1576 sio
412 1520 448 1575 ut
470 1519 642 1599 antequam
668 1507 701 1572 in
729 1507 828 1574 muris
857 1507 1002 1576 viderent
1026 1518 1167 1574 armatos
1238 1548 1242 1558 ι
1290 1537 1296 1558 1·

53 1608 136 1675 satis
167 1603 262 1676 animi
290 1611 470 1680 habuerunt
497 1613 537 1678 ad
565 1611 783 1702 prohibendos
816 1611 904 1678 urbis
932 1611 1020 1705 aditu
1045 1611 1167 1693 hostes,
1196 1613 1220 1630 “’

54 1711 99 1780 ita
124 1724 309 1807 postquam
321 1716 385 1782 iam
408 1717 474 1783 non
497 1715 727 1830 extintervallo
742 1737 804 1783 nec
818 1714 991 1819 missilibus
1006 1715 1064 1780 sed
1081 1737 1167 1780 com-

713 1882 766 1940 (31.
783 1883 815 1949 3,
834 1884 894 1940 55..
924 1880 992 1936 haec
1013 1879 1167 1938 consulares

719 1968 792 2044 leges
821 1971 846 2029 1.
869 1969 914 2024 30.
943 1970 996 2035 25,
1018 1969 1074 2023 22.ι
1101 1967 1168 2022 haec

720 2055 810 2114 clades
827 2055 905 2122 (Put.
930 2075 965 2113 m.
986 2056 1011 2114 1.
1031 2053 1112 2112 Colb.
1130 2073 1166 2110 nr.

131 2141 295 2218 impeto.·P
317 2163 353 2201 m.
380 2145 405 2202 1.
430 2143 456 2200 ll
478 2163 514 2202 m.
539 2144 577 2198 1.r
722 2147 777 2214 1..)
797 2142 830 2200 al.

15 2241 16 2264 ³
130 2220 223 2285 orat'ns
242 2221 576 2290 estentona:
650 2231 692 2287 13.
715 2235 876 2306 poctquam
893 2229 961 2284 dom
982 2247 1043 2290 nou
1066 2247 1107 2284 co:
1124 2229 1166 2284 in·

15 2329 16 2334 ’
129 2326 259 2376 moratus.
281 2349 315 2360 -
339 2315 423 2374 Panlo
447 2327 510 2393 post
528 2315 577 2385 Rtt
711 2303 849 2375 'lornano
868 2334 921 2380 nec
933 2315 1097 2374 missilibus
1111 2313 1169 2382 aed
1274 2368 1276 2374 .

15 2393 16 2398 ¹
130 2401 186 2466 rell.
197 2425 203 2460 ι
215 2403 343 2462 etdooem
354 2404 511 2462 cohortibus
524 2402 576 2460 alc·
720 2404 852 2460 cominus
868 2403 1030 2480 gerebatur·
1047 2421 1112 2459 rea:
1130 2389 1166 2460 111.Ι
1279 2409 1287 2421 “

718 2488 789 2548 lnP
811 2488 838 2546 h.
859 2488 877 2546 Ι.
900 2491 1031 2564 scriptum
1055 2497 1097 2544 est
1118 2504 1166 2548 do·

129 1888 224 1957 gatus
241 1882 336 1957 partic.
354 1881 423 1958 perf.
442 1881 519 1940 verbi
537 1882 577 1938 lc·

129 1985 208 2044 gare
223 1970 268 2027 eit.
287 1997 321 2008 -
343 1965 365 2024 P
384 1987 419 2028 nr.
440 1974 477 2027 l.:
499 1977 526 2024 et
543 1967 578 2024 ad

130 2056 242 2131 impetn.
272 2053 294 2110 P
316 2075 352 2112 m.
374 2059 400 2114 2.
423 2055 463 2112 lllr
489 2065 518 2112 et
543 2055 577 2111 ab

128 2491 197 2547 riis:
216 2493 250 2549 ol.
270 2493 313 2560 10,
331 2495 376 2550 40.

79 2578 104 2633 f.
132 2585 285 2652 quocr'cquc
316 2581 346 2634 iu
373 2581 438 2636 loco
458 2577 577 2652 fuisset

132 2664 250 2720 obuius:
281 2663 338 2720 ΡΜ.
373 2689 409 2708 -·
448 2665 525 2722 tert.
557 2685 574 2724 1.

131 2747 195 2807 Poll.
216 2754 239 2808 l.
262 2752 288 2807 3.
311 2748 392 2808 Voss.
411 2770 439 2810 rr.
460 2751 531 2810 hor.
549 2754 574 2810 4.

132 2833 178 2896 alr
200 2855 368 2913 quocumque
386 2836 456 2896 loco.
474 2867 508 2880 -
535 2837 575 2894 tt:

133 2943 293 3001 manumque
304 2927 328 2980 si
341 2923 411 2980 sorte
422 2925 458 2980 ita
472 2939 515 2981 res
526 2945 576 3002 po·

131 3021 215 3068 sceret
233 3011 374 3070 confortet.
393 3010 429 3068 P:
449 3012 574 3070 conferri.

134 3096 202 3154 cot.
221 3099 329 3156 Oxum:
347 3107 508 3158 consereret.
533 3097 576 3159 Cl.

132 3187 173 3252 21,
191 3189 247 3245 tu:
265 3185 402 3242 Romanos
419 3207 576 3246 conserere

132 3293 242 3351 pugnam
262 3283 338 3330 etex
361 3275 514 3352 propinquo
534 3275 575 3331 vi·

133 3381 172 3416 res
197 3359 338 3434 conferre
367 3360 445 3421 velle.
481 3367 507 3426 9,
534 3365 575 3421 br

132 3447 180 3504 sibi
199 3469 252 3504 non
270 3450 388 3522 elingere
399 3448 508 3506 licuisse
520 3448 573 3524 glr-

135 3534 190 3592 dios
208 3555 262 3592 uon
286 3524 392 3592 marium
415 3555 476 3592 caru
494 3533 573 3592 hoste

17 3597 19 3650 i
135 3624 259 3681 conferre.
278 3653 312 3664 ·-
331 3622 366 3678 Pr
386 3621 467 3678 modo
486 3642 520 3678 ne
537 3622 573 3678 sd

44 3770 48 3778 ,
134 3713 273 3768 sominium
290 3710 359 3766 heae
368 3710 463 3785 copiae
480 3709 572 3766 admo·

17 3861 18 3872 ¹
134 3800 186 3855 ueri
203 3806 324 3877 possent.
341 3796 379 3852 tl:
398 3795 525 3852 modone
538 3796 571 3856 ed

134 3887 272 3942 cominium
289 3885 360 3942 haee
378 3885 472 3960 copiae
490 3883 571 3940 adad·

133 3991 233 4030 mouere
248 3979 254 4043 Ι
269 3981 389 4050 possent.
406 3968 449 4028 (31.
459 3972 501 4036 -6,
513 3972 570 4029 aa:

134 4079 181 4116 coc
207 4079 315 4137 quoqne
342 4067 514 4136 expugnatae.
537 4058 571 4116 cl.

18 4141 20 4174 1
107 4175 110 4184 ,
132 4177 162 4188 1·-
179 4144 299 4205 heid.r.:
322 4145 418 4212 „boec
444 4147 571 4222 copiae“.

96 4251 119 4296 Τ.
131 4250 174 4295 tivi
188 4267 237 4309 pars
250 4251 280 4294 ll.

718 2580 824 2644 minuc,
842 2575 891 2634 sed
904 2576 939 2635 ol.
953 2578 978 2644 1,
990 2579 1034 2634 33.
1048 2577 1092 2642 27,
1107 2578 1165 2635 ts:

718 2664 778 2732 „ad
807 2667 958 2724 comminus
985 2663 1165 2718 conserendas

717 2755 835 2808 manus“
854 2749 930 2820 (Pur.
949 2747 1027 2806 Golb.
1041 2749 1164 2816 Bamb.):

717 2847 746 2892 et
762 2839 804 2892 sic
821 2837 921 2912 ubique
942 2837 971 2891 in
996 2837 1114 2911 antiquis
1132 2835 1164 2892 li·
1287 2861 1291 2869 ·

716 2925 783 2984 bris.
796 2922 915 2978 -Dein
934 2923 1063 2999 scripturn
1083 2925 1164 2980 estin
1231 2981 1234 2990 ,

694 3031 697 3036 ·
716 3011 783 3068 ltlet
794 3012 823 3066 in
839 3009 964 3069 omuibus
974 3009 1057 3072 llralr.
1071 3010 1164 3070 codd:

717 3108 770 3166 „et
788 3099 849 3174 qnia
872 3116 955 3172 aegre
978 3107 1164 3177 successerant

714 3207 749 3244 ex
768 3184 848 3260 plano
860 3187 888 3240 in
900 3190 1018 3260 agros“:
1037 3186 1065 3240 iu
1078 3183 1100 3240 P
1113 3194 1164 3252 „et

715 3279 846 3349 q·egre“
864 3274 882 3332 i.
909 3291 933 3332 e.
960 3279 988 3326 et
1017 3271 1064 3344 qui
1092 3289 1162 3344 egre.

717 3361 776 3436 Qui
786 3359 933 3416 rectissime
942 3378 973 3414 sc
983 3357 1075 3424 hebet:
1089 3356 1162 3426 „und

715 3446 848 3504 nacbdem
877 3444 937 3510 die,
968 3443 1073 3502 welche
1102 3444 1161 3499 sich

716 3534 815 3596 vorher
837 3552 888 3590 nur
909 3533 959 3594 ruit
981 3550 1090 3606 grosser
1107 3531 1160 3586 An·
1266 3565 1269 3578 ·

713 3631 859 3696 streogung
885 3618 927 3674 bis
950 3637 984 3674 an
1006 3617 1051 3674 die
1068 3616 1162 3674 llauer
1238 3620 1240 3631 ⁴

715 3709 806 3766 hatten
826 3706 1027 3764 heranarhelten
1045 3705 1161 3771 lrttnnem

714 3798 779 3869 jetzt
796 3793 927 3854 nccbdenr
946 3791 1159 3866 dieSchvrierig-

714 3882 770 3938 leit
789 3882 836 3940 des
855 3881 938 3939 Ortes
959 3877 1091 3956 gttctlict
1116 3879 1158 3934 be·

715 3971 784 4042 siegt
802 3987 874 4036 war,
896 3966 1021 4032 attidem
1038 3965 1159 4040 gleiohen

714 4055 810 4112 Boden
835 4053 948 4117 loicbtes
976 4051 1052 4130 Spiel
1077 4072 1159 4128 gegen
1192 4115 1194 4122 ¹
1220 4061 1223 4070 ¹

715 4143 767 4198 den
785 4141 865 4198 ibncu
880 4141 955 4202 nicht
966 4141 1159 4215 gomachsenen

918 4229 959 4294 17
1017 4286 1028 4301 .
