2618 4590
167 292 232 362 (ull
638 307 746 367 umus
763 308 798 368 X.

168 471 308 539 dimenta
328 469 461 540 Faleriis
482 494 558 540 cum
579 471 708 540 modico
729 471 888 562 praesidio
908 469 1123 560 reliquisset,
1146 466 1269 558 expedita

169 568 295 670 agmine
316 576 358 641 ad
381 576 623 665 depopulandos
644 564 786 644 hostium
808 576 887 643 fines
903 575 1039 642 incedit.
1080 572 1269 641 omniafere
1291 664 1295 671 Ι

169 683 297 774 ignique
317 691 490 762 vastantur,
511 681 649 771 praedae
671 681 813 773 undique
834 692 941 748 actae:
962 702 1034 747 nec
1055 678 1180 745 solum
1200 676 1267 743 modo

169 798 296 855 vastum
322 784 408 852 hosti
434 786 583 854 relictum
614 786 673 854 sed
702 785 840 853 castellis
867 785 964 853 etiam
987 783 1153 873 vicisque
1182 780 1267 847 inlatus

139 891 263 982 tignis:
284 890 416 957 urbibus
439 889 661 982 oppugnandis
681 901 904 982 temperatum,
925 889 958 955 in
974 911 1064 980 quas
1085 888 1194 955 timor
1205 886 1287 953 Etru·

99 1038 104 1067 t
169 1019 244 1064 scos
265 996 463 1085 conpulerat.
486 1032 531 1045 -
553 993 612 1062 Cn.
633 994 737 1062 Fulvii
759 996 898 1064 consulis
926 990 1015 1061 cl'ara
1039 1017 1165 1084 pugna
1187 989 1265 1058 inSa

169 1099 258 1168 mnio
284 1101 324 1166 ad
346 1099 526 1166 Bovianum
552 1097 803 1191 haudquaquam
831 1098 1000 1188 ambiguae
1024 1098 1194 1167 victoriae
1219 1095 1290 1162 fin:-

171 1204 351 1272 Bouianum
377 1203 452 1270 inde
481 1203 649 1293 adgressus
682 1228 744 1273 nec
776 1205 819 1273 ita
846 1204 948 1271 multo
982 1213 1066 1294 post
1098 1201 1265 1270 Aufidenan

171 1307 320 1398 vicepit.

123 1422 160 1476 10
257 1411 342 1479 XIII.
385 1410 512 1482 Eodem
534 1435 618 1479 anno
634 1409 805 1480 Carseolos
826 1412 951 1480 colonia
973 1412 1008 1479 in
1032 1436 1162 1502 agrum
1180 1411 1265 1502 Aequi

171 1517 318 1585 culomm
341 1516 487 1584 deducta.
524 1515 657 1584 Fulvius
678 1517 793 1583 consul
822 1519 862 1584 de
885 1516 1091 1584 Samnitibus
1117 1516 1265 1608 triumpha

170 1622 226 1690 vit.
265 1644 340 1689 cum
362 1620 489 1689 comitia
512 1620 689 1688 consularia
704 1620 865 1705 instarent,
886 1621 972 1689 lama
993 1633 1119 1690 exorta
1135 1623 1267 1691 Etmscos

169 1727 393 1817 Samnitesque
415 1724 560 1815 ingentes
583 1712 784 1795 donscribere
799 1726 971 1794 exercitus:
993 1727 1114 1817 palam
1140 1727 1267 1795 omnibu

171 1831 312 1900 conciliis
336 1830 444 1899 vexari
466 1830 625 1920 principes
639 1829 859 1914 Blascorum,
880 1831 968 1921 quod
989 1855 1057 1897 non
1078 1832 1202 1900 Gallos
1216 1854 1268 1921 qua·

109 1940 157 1999 ¹15
170 1960 309 2027 cumque
331 1933 518 2006 condicione
543 1933 696 2002 traxerint
710 1935 751 2002 ad
766 1935 903 2003 bellum:
925 1937 1099 2026 increpare
1126 1937 1268 2029 magistra

185 2066 214 2128 3.
240 2088 294 2125 nec
320 2066 418 2124 solum
447 2064 537 2122 modo
568 2075 687 2122 uastum

239 2153 321 2210 hosti
332 2154 480 2210 relictum:
492 2151 542 2209 PII
554 2152 602 2211 al:
612 2151 687 2220 „und

237 2240 314 2297 nicht
335 2240 409 2296 bloss
433 2240 477 2295 die
494 2238 592 2296 Felder
613 2259 686 2295 wur-

239 2327 292 2384 den
321 2331 470 2383 verwdstat
495 2325 557 2380 dem
583 2323 686 2382 Feinde

240 2412 495 2485 uuriiclugelassen“.
542 2410 621 2470 Voss.
655 2430 685 2470 11.

828 2077 891 2123 natu
908 2085 1065 2133 nemorum,
1091 2066 1175 2124 duris
1193 2066 1268 2143 Aequi·

828 2153 887 2210 cula
905 2153 1024 2226 glebis“.
1048 2183 1088 2195 -
1118 2153 1164 2210 Ill:
1189 2153 1268 2211 fuluis

826 2247 887 2299 cos.
899 2261 952 2297 eos
964 2239 998 2295 de
1008 2240 1184 2297 sam'nitibns
1197 2241 1267 2297 triun

827 2328 930 2405 pbaait.
951 2326 990 2383 P:
1013 2326 1122 2384 Inluius
1147 2333 1219 2386 coni
1237 2345 1267 2384 eat

827 2415 861 2472 de
879 2435 963 2473 aaran.
976 2423 1026 2472 cet.
1045 2414 1084 2473 cl.
1098 2417 1128 2483 2,
1140 2419 1184 2475 7.=
1202 2415 1258 2472 fieri.

238 2498 306 2558 bor.
320 2501 347 2557 1.
365 2499 412 2557 at:
430 2507 572 2557 uastatum.
590 2529 624 2538 -
642 2498 684 2556 llI:
757 2505 800 2563 13.
825 2503 1266 2577 palamomuibusconsr'lr'isae·

237 2585 303 2643 sede
317 2585 433 2645 castellis
448 2589 454 2657 Ι
469 2587 549 2642 etiam
562 2586 685 2661 uicisque
827 2591 899 2646 sari
902 2590 1052 2664 principes
1062 2589 1266 2647 Etruscorum:

237 2673 335 2731 inlatus
352 2675 432 2749 ignis.
450 2703 484 2715 -
502 2671 569 2731 Lor.
582 2674 621 2732 d:
640 2693 683 2729 ur·
825 2672 861 2734 II.
882 2672 914 2731 ln
935 2673 957 2731 P
979 2673 1084 2731 excidit
1108 2679 1226 2750 palam.
1245 2703 1266 2716 -

235 2760 685 2839 bibusoppugnandistemperatur.
827 2762 849 2820 P
877 2783 913 2821 m.
940 2764 979 2820 20:
1010 2769 1160 2840 qnacfique
1192 2763 1265 2821 condi

183 2850 212 2908 8.
237 2849 406 2905 Bouianum
421 2848 490 2904 inda
501 2847 684 2925 adgressus:

236 2935 272 2994 M.
299 2965 334 2978 -
365 2933 387 2991 P
414 2955 450 2994 m.
475 2939 512 2993 l.:
539 2954 684 3008 agressum.

235 3041 272 3079 m.
284 3023 322 3080 Ἅι
336 3039 468 3094 agressus.
478 3051 513 3061 -·
525 3020 608 3077 Paulo
622 3030 684 3077 ante

235 3107 271 3165 P:
290 3127 332 3166 cn.
351 3106 429 3163 lulnii
442 3112 530 3165 consi.
544 3105 614 3163 clara
633 3129 683 3184 pu·

235 3214 286 3270 gna
296 3197 324 3251 in
333 3194 683 3250 samniobonianumbaud-

147 3276 153 3305 ''
237 3300 399 3358 quamquam
418 3291 469 3340 cet.
486 3301 521 3337 m.
540 3282 580 3336 2:
599 3281 682 3337 baad-

235 3389 376 3447 quaquam.
389 3367 428 3424 II:
438 3367 681 3447 haudquamquam.

164 3456 207 3514 11).
235 3456 340 3512 eodem
357 3474 435 3512 anno
456 3457 617 3514 Carseolos
634 3477 681 3512 co·

232 3542 364 3598 laniatu
383 3562 490 3621 agrum
501 3543 679 3618 Aequicolo-

232 3648 298 3685 rum
316 3629 460 3686 deducta:
479 3628 510 3688 P.
532 3661 567 3671 —
590 3629 630 3686 Il:
649 3632 678 3686 in

826 2852 913 2907 aione.
940 2852 1033 2914 m.1.;
1057 2859 1216 2929 quecnque.
1238 2848 1265 2907 ll:

825 2957 994 3014 quacumque
1010 2937 1184 2998 conditione.

755 3026 798 3083 15.
824 3026 978 3096 increpare
1003 3026 1209 3101 magistratus
1225 3023 1265 3084 Sa

817 3111 971 3188 'mnitiumr
990 3111 1039 3166 ΡΜ
1050 3109 1132 3171 beid.
1143 3133 1162 3172 1.
1174 3131 1265 3171 omnes

824 3217 877 3274 que
900 3219 986 3276 propa
1003 3197 1087 3254 Dral.
1113 3199 1219 3272 codd]
1235 3202 1265 3254 in·

825 3289 928 3359 crepari
942 3295 991 3344 cet.
1003 3285 1058 3354 (ed.
1071 3283 1157 3345 Frob.
1173 3288 1265 3354 1531:).

823 3372 1022 3450 Magistratus
1036 3381 1081 3428 aut
1094 3375 1217 3429 subiecti
1234 3392 1265 3427 aa

824 3462 959 3516 casalinas
978 3469 1019 3515 est
1036 3459 1266 3537 supplendumque

822 3545 928 3614 ducas,
952 3555 998 3602 aut
1020 3546 1123 3602 obiecti
1147 3547 1266 3625 supplea-

820 3633 939 3709 dumqae
960 3633 1202 3691 multitudinem.-
1224 3632 1265 3702 (cl

230 3734 323 3790 ugrum
341 3715 544 3793 aequiculorum
562 3715 677 3776 dedicta.

230 3801 274 3862 CI.
294 3806 319 3871 1,
337 3804 396 3860 3⁸2:
419 3802 452 3858 ab
471 3805 580 3880 antiqua
598 3813 677 3878 gente

228 3889 392 3968 Aequiculis.
417 3889 487 3949 Cod.
505 3889 562 3964 sig.
580 3890 628 3948 ab:
647 3891 676 3947 in

228 3997 292 4053 agro
311 3977 521 4056 aequicolarum.
541 3975 585 4036 CI.
600 3975 675 4050 Virg.

228 4066 296 4125 Aen.
318 4069 350 4132 7.
372 4067 448 4125 tlon
479 4063 618 4134 „Horrida
639 4094 674 4104 -

226 4169 292 4224 gens
318 4151 481 4229 semustaque
510 4149 595 4207 multo
623 4148 673 4207 Vc·

820 3739 862 3777 ex.
885 3740 924 3796 gr.
942 3722 975 3787 3,
993 3723 1032 3778 Ia
1056 3719 1157 3787 „ferox
1181 3721 1264 3778 multi·

817 3807 884 3863 tado
908 3810 1046 3885 increpare
1069 3805 1171 3876 duces,
1197 3805 1265 3887 quod

818 3912 848 3948 ru
878 3914 963 3951 acrem
992 3924 1024 3938 ··
1047 3913 1197 3952 commussa
1227 3913 1264 3951 res

817 3980 915 4052 sit“:).
928 3985 969 4038 sic
981 3982 1053 4038 enim
1062 3983 1194 4039 varianda
1206 4002 1264 4039 con·

816 4071 966 4125 structione
983 4067 1091 4125 Liviam
1115 4072 1263 4128 orationem

815 4171 913 4211 ornare
929 4155 1018 4214 solere
1034 4154 1180 4234 permultis
1197 4155 1262 4214 locis

1293 4328 1303 4362 'r
