2618 4590
477 300 483 312 .
519 250 629 313 nrum
644 249 689 313 vl.
1108 244 1151 312 15
1274 306 1279 315 .

47 412 298 509 tatem'aecepti
319 416 377 507 qni
396 413 578 486 Veientium
599 413 871 506 Capenatiumque
893 441 931 485 so
953 415 1150 488 Falisoorum

47 551 109 619 per
129 551 168 594 ea
190 524 278 592 bella
299 521 530 615 transiiugersint
556 518 597 585 ad
618 518 796 604 Romanos,
823 544 959 614 agerque
986 525 1036 593 his
1056 526 1149 594 novis

49 630 174 701 civibus
197 627 384 721 adsignatus.
400 624 561 696 ‘revocati
582 647 714 715 quoque
735 622 769 691 in
790 624 903 692 urbem
923 642 1052 699 senatus
1073 655 1147 700 eon.

49 738 139 804 sulto
163 733 279 817 aVeis,
301 733 353 825 qui
371 729 560 801 aedificandi
573 729 697 813 Romae
710 728 831 820 pigritia
855 735 1016 824 occupatis
1037 735 1081 803 ibi
1094 763 1146 806 va.

53 841 123 908 euis
134 840 225 908 tectis
236 838 332 907 Veios
353 861 389 907 se
405 836 615 906 contulerant.
644 846 678 902 et
691 832 795 925 primo
812 835 957 904 frendens
970 840 1030 907 fuit
1044 853 1177 933 sepem

52 945 192 1030 nanuum
206 942 389 1035 imperium:
410 941 478 1010 dies
494 938 607 1008 deinde
622 938 807 1031 praestituta
821 941 1029 1035 capitalisque
1044 971 1147 1037 poena

47 1048 104 1139 qui
123 1072 188 1116 non
208 1048 412 1140 remigrasset
425 1046 572 1129 Romam,
594 1068 635 1112 ex
656 1043 815 1111 ferocibus
830 1046 986 1116 universis
1006 1050 1148 1141 singulos

14 1204 16 1213 .
43 1164 135 1222 metu
155 1177 215 1223 suo
237 1176 402 1245 quemque
425 1150 611 1221 obedientes
632 1148 717 1217 feeit
738 1160 773 1216 et
785 1149 890 1218 Roma
911 1176 988 1221 mm
1001 1142 1146 1246 [requeis

61 1304 88 1363 1.
115 1303 284 1362 Veientium
309 1302 564 1380 Capenatiumque
702 1304 1145 1382 manorumpsrtemexpugnsil·

112 1387 562 1450 eeFeiiscorumrP.”-Harl.1.:
701 1385 781 1444 liensi
793 1385 875 1444 Veios
887 1410 966 1467 quam
974 1389 1145 1472 Romamne

114 1479 366 1555 mpenentiumque.
384 1475 424 1534 M:
436 1475 561 1534 fulsisse·
702 1473 769 1529 tisse
785 1474 899 1532 relatum
918 1474 1040 1553 legimus.

112 1584 182 1625 rum.
197 1563 284 1623 ι-Με
299 1583 357 1640 per
370 1564 506 1623 eatena,
523 1563 561 1621 P:
649 1561 676 1616 7.
702 1561 755 1634 qui
781 1581 843 1619 non
871 1567 1067 1645 remigrasset
1086 1567 1144 1625 Ro·

113 1651 366 1730 ‚‚posteabeils“:
384 1653 560 1727 iuquemer-
701 1648 869 1706 mannen:
890 1650 1148 1732 h.e.eiquivalsi
1253 1714 1257 1721 ,

107 1760 204 1797 rorem
210 1740 292 1808 huius
303 1738 368 1796 libri
378 1740 467 1796 scriba
478 1758 560 1817 saepe
701 1736 799 1811 qui(3‚
809 1739 852 1796 17.
862 1736 916 1809 at).
926 1738 1145 1818 lumenquibus-

112 1827 221 1884 incidit
699 1822 763 1881 dam
775 1823 855 1884 codd.
869 1836 910 1882 est
920 1828 982 1884 nisi
988 1830 1145 1909 remigras-

60 1916 89 1974 2.
117 1932 252 1992 agerque
270 1911 318 1968 leis
335 1912 423 1967 nouis
446 1913 559 1970 ciuibus
700 1912 1144 1991 senusedsimilimodopronom

114 2000 310 2079 adsignatus.-
327 1997 389 2071 ΡΜ]
402 2017 515 2078 agerque
524 2002 558 2058 iis
700 1995 847 2057 demonstr.
858 2020 939 2077 saepe
949 2004 1077 2058 omissum
1089 2013 1144 2058 est:

109 2088 190 2144 novis
208 2095 259 2145 eet.
699 2101 734 2139 ex
751 2102 791 2161 gr.
809 2088 853 2154 23,
872 2090 929 2146 15.:
948 2092 1089 2167 „praemia
1106 2099 1144 2145 at-

54 2178 82 2235 3.
110 2175 245 2232 reuocati
266 2193 385 2252 quoque
406 2175 437 2230 in
457 2175 558 2231 urbem
703 2190 757 2252 que
786 2173 903 2232 honores
934 2179 987 2253 qui
1004 2196 1144 2234 remanse-

111 2269 137 2322 i.
146 2269 171 2321 ἱ.
184 2282 204 2317 a
216 2263 295 2319 ucis:
307 2258 364 2321 ΡΜ.
373 2293 409 2303 -
421 2260 462 2319 M:
475 2265 558 2333 „au†
696 2267 993 2343 rant—praeposuit“.

90 2340 93 2347 ¹
110 2353 151 2407 eis
163 2348 440 2429 qui†aadifiesndi“:
457 2350 556 2406 mediis
644 2378 680 2394 -
697 2370 739 2406 ee·
748 2350 908 2422 ferocibus
925 2354 1073 2411 uniuersis
1084 2355 1144 2410 sin·

103 2437 178 2509 ⁴loeis
196 2436 297 2514 aliquid
314 2457 420 2495 erasum
437 2447 503 2496 eret.
520 2469 555 2479 -
695 2440 787 2516 gulos
813 2449 892 2495 mnu
918 2460 974 2497 suo
998 2461 1144 2519 quemque

107 2525 170 2583 PM:
190 2524 439 2604 quiaedifieoodi
454 2544 556 2581 romae
699 2525 889 2583 oboedientes
893 2528 986 2598 fecit:
1004 2527 1060 2587 ΡΜ.
1087 2529 1143 2602 Qui
1162 2538 1191 2595 ο,

104 2614 237 2692 pigritie.
259 2609 337 2688 Leid.
355 2632 388 2669 n:
411 2610 555 2668 eedifiean·
697 2614 786 2688 primo
814 2615 935 2670 universi
956 2634 1143 2693 consensuque

108 2699 163 2757 dee
180 2720 281 2760 romae.
299 2732 333 2743 -
351 2698 415 2757 Pul:
433 2717 555 2773 occupa·
697 2699 817 2754 omnium
841 2700 904 2756 freti
929 2704 1067 2774 aspernari
1088 2702 1143 2759 sibi

52 2836 55 2840 .
105 2791 146 2846 tis
170 2789 212 2844 ibi
237 2789 341 2844 uacuis
364 2787 449 2850 tectis
470 2786 556 2841 ueios
696 2803 778 2860 posse
794 2786 955 2844 videbantur
972 2786 1039 2843 illud
1058 2789 1141 2864 impe·

106 2873 159 2946 (P:
184 2874 281 2940 nelos)
304 2891 338 2928 se
361 2871 556 2927 contulerunt.
697 2871 777 2938 rium,
793 2871 834 2927 ilii
852 2870 960 2945 capitali
972 2892 1143 2949 poenapree·

104 2957 361 3021 Hari.1.Leid.1.:
385 2975 415 3012 se
437 2953 554 3012 contule·
697 2956 805 3025 stituta,
831 2977 892 3014 eum
919 2976 985 3014 suus
1010 2978 1144 3038 quemque

106 3058 180 3108 runt.
192 3077 228 3094 -
244 3045 277 3104 In
295 3043 339 3101 his
354 3043 447 3103 verbis
457 3042 555 3121 Hyste-
696 3052 784 3103 metus
794 3042 961 3117 sollicitaret,
977 3047 1077 3123 singuli
1087 3048 1142 3106 Ro-

106 3144 310 3213 ron·proteron
328 3135 420 3190 inesse
438 3133 555 3203 videtur,
695 3151 767 3193 mum
779 3136 970 3210 remigrarunt:
988 3136 1142 3206 ,stetinensi

108 3242 168 3280 auru
184 3219 359 3279 scribendum
379 3219 461 3278 inerit
482 3222 554 3298 „qui
695 3222 737 3278 sie
754 3231 844 3278 zuerst
856 3223 916 3280 sieh
928 3224 1077 3300 einmfitbig
1094 3223 1142 3280 da·

109 3308 268 3366 aedificandi
302 3307 407 3366 Romae
443 3309 553 3386 pigritia
622 3336 625 3341 ·
694 3326 779 3383 gegen
796 3307 896 3367 erkltrt
911 3309 1017 3379 hatten,
1040 3329 1072 3366 so
1095 3329 1140 3385 ge·

107 3392 190 3453 Veios
216 3416 246 3453 se
270 3394 439 3453 contulerant
461 3396 554 3472 ibique
694 3392 826 3452 horehsen
842 3397 900 3466 sie,
919 3396 959 3452 nis
976 3396 1021 3452 elie
1037 3395 1141 3454 Todes·

108 3501 194 3542 vacua
221 3491 291 3540 teeta
321 3488 553 3563 occupaverant“.
693 3482 777 3540 strsse
793 3501 878 3558 gegen
899 3482 952 3539 den
969 3481 1138 3560 Ungehorsa·

106 3569 311 3642 neeesseigitur
323 3582 364 3628 est
372 3562 480 3630 Livium
492 3590 552 3630 ver·
694 3587 757 3627 men
793 3569 1020 3648 ausgesproehen,
1055 3574 1140 3632 Einer

37 3665 42 3672 “
106 3656 151 3716 bis
175 3653 281 3727 „Veios
307 3676 338 3714 ee
362 3652 553 3716 eontulerent“
693 3656 764 3739 neela
777 3655 840 3713 dem
848 3657 1047 3720 Antem‘t—
1061 3660 1138 3721 Leid.

106 3744 179 3804 idem
189 3743 263 3821 quod
271 3744 359 3812 „Veis
366 3743 488 3802 habitere
499 3757 553 3804 ets·
693 3761 727 3803 n:
745 3746 911 3813 „uniuersos
927 3746 1081 3822 singulam

19 3843 22 3851 ’
106 3828 297 3891 ωοηιιῐ“’νε1
314 3830 404 3888 simile
424 3830 490 3909 quid
508 3852 552 3890 ex-
639 3831 667 3890 8.
693 3840 724 3910 et
748 3831 846 3889 Rome
872 3852 938 3891 eum
963 3833 1139 3911 frequentis
1206 3863 1208 3866 >

105 3921 223 3999 primore
244 3918 372 3979 voluisse.
407 3917 491 3992 Quod
517 3917 552 3975 ad
691 3929 907 3978 crescentem
930 3931 1011 3979 toto:
1034 3918 1071 3980 li.
1105 3918 1138 3977 In

106 4025 165 4065 rem
181 4009 268 4086 ipsam
285 4009 390 4076 attinet,
411 4004 446 4066 ef.
463 4008 490 4075 5,
507 4008 551 4066 38.
693 4001 715 4061 P
734 4005 833 4062 excidit
849 4027 923 4067 eum.
944 4039 979 4052 -
1000 4005 1066 4065 Pte
1088 4015 1138 4078 „et

106 4095 152 4156 39.
169 4092 345 4173 quibus'loeis
355 4094 485 4154 maiorem
496 4091 551 4152 Ro·
691 4099 741 4173 τεῇ
758 4093 1039 4173 inpensasedtnaante
1054 4103 1082 4152 et
1092 4113 1136 4151 ae·
