<?xml version="1.0" encoding="UTF-8"?>
<!DOCTYPE html PUBLIC "-//W3C//DTD XHTML 1.0 Transitional//EN"
    "http://www.w3.org/TR/xhtml1/DTD/xhtml1-transitional.dtd">
<html xmlns="http://www.w3.org/1999/xhtml" xml:lang="en" lang="en">
 <head>
  <title>
</title>
<meta http-equiv="Content-Type" content="text/html;charset=utf-8" />
  <meta name='ocr-system' content='tesseract 3.04.00' />
  <meta name='ocr-capabilities' content='ocr_page ocr_carea ocr_par ocr_line ocrx_word'/>
</head>
<body>
  <div class='ocr_page' id='page_1' title='image "./titilivirerumro01alscgoog_0524.png"; bbox 0 0 2618 4590; ppageno 0'>
   <div class='ocr_carea' id='block_1_1' title="bbox 127 230 810 347">
    <p class='ocr_par' dir='ltr' id='par_1_1' title="bbox 127 230 810 347">
     <span class='ocr_line' id='line_1_1' title="bbox 127 230 810 347; baseline 0.006 -46"><span class='ocrx_word' id='word_1_1' title='bbox 127 230 210 347; x_wconf 29' lang='lat'><strong>‘508</strong></span> <span class='ocrx_word' id='word_1_2' title='bbox 614 244 810 306; x_wconf 63' lang='grc' dir='ltr'><strong>ΙιΙΒΙΜὶΜίΙ</strong></span> 
     </span>
    </p>
   </div>
   <div class='ocr_carea' id='block_1_2' title="bbox 64 408 1258 1969">
    <p class='ocr_par' dir='ltr' id='par_1_2' title="bbox 88 408 1258 1548">
     <span class='ocr_line' id='line_1_2' title="bbox 143 408 1258 501; baseline 0.002 -26"><span class='ocrx_word' id='word_1_3' title='bbox 143 408 279 500; x_wconf 85' lang='lat' dir='ltr'><strong>quisque</strong></span> <span class='ocrx_word' id='word_1_4' title='bbox 294 410 401 499; x_wconf 79' lang='lat' dir='ltr'><strong>fugam</strong></span> <span class='ocrx_word' id='word_1_5' title='bbox 417 432 474 500; x_wconf 82' lang='lat' dir='ltr'><strong>per</strong></span> <span class='ocrx_word' id='word_1_6' title='bbox 489 409 612 477; x_wconf 86' lang='lat' dir='ltr'><strong>diversa</strong></span> <span class='ocrx_word' id='word_1_7' title='bbox 629 419 758 500; x_wconf 87' lang='lat' dir='ltr'><strong>petunt:</strong></span> <span class='ocrx_word' id='word_1_8' title='bbox 780 409 891 501; x_wconf 78' lang='lat' dir='ltr'><strong>ingene</strong></span> <span class='ocrx_word' id='word_1_9' title='bbox 904 409 1080 478; x_wconf 85' lang='lat' dir='ltr'><strong>multitudo</strong></span> <span class='ocrx_word' id='word_1_10' title='bbox 1105 412 1144 476; x_wconf 87' lang='lat' dir='ltr'><strong>in</strong></span> <span class='ocrx_word' id='word_1_11' title='bbox 1160 435 1258 478; x_wconf 86' lang='lat' dir='ltr'><strong>unum</strong></span> 
     </span>
     <span class='ocr_line' id='line_1_3' title="bbox 142 513 1257 605; baseline 0.004 -26"><span class='ocrx_word' id='word_1_12' title='bbox 142 525 231 581; x_wconf 87' lang='lat' dir='ltr'><strong>ruetu</strong></span> <span class='ocrx_word' id='word_1_13' title='bbox 253 513 444 604; x_wconf 73' lang='lat' dir='ltr'><strong>conglobata</strong></span> <span class='ocrx_word' id='word_1_14' title='bbox 465 538 503 581; x_wconf 84' lang='lat' dir='ltr'><strong>ae</strong></span> <span class='ocrx_word' id='word_1_15' title='bbox 525 524 629 581; x_wconf 88' lang='lat' dir='ltr'><strong>semet</strong></span> <span class='ocrx_word' id='word_1_16' title='bbox 650 513 752 603; x_wconf 82' lang='lat' dir='ltr'>ipsam</span> <span class='ocrx_word' id='word_1_17' title='bbox 775 517 866 582; x_wconf 82' lang='lat' dir='ltr'><strong>turba</strong></span> <span class='ocrx_word' id='word_1_18' title='bbox 889 516 1057 605; x_wconf 83' lang='lat' dir='ltr'><strong>inpediens</strong></span> <span class='ocrx_word' id='word_1_19' title='bbox 1087 515 1125 580; x_wconf 88' lang='lat' dir='ltr'><strong>in</strong></span> <span class='ocrx_word' id='word_1_20' title='bbox 1152 517 1257 584; x_wconf 85' lang='lat' dir='ltr'><strong>medio</strong></span> 
     </span>
     <span class='ocr_line' id='line_1_4' title="bbox 142 619 1256 711; baseline 0.003 -26"><span class='ocrx_word' id='word_1_21' title='bbox 142 642 245 687; x_wconf 80' lang='lat' dir='ltr'><strong>caeso.</strong></span> <span class='ocrx_word' id='word_1_22' title='bbox 282 630 384 686; x_wconf 79' lang='lat' dir='ltr'><strong>eastra</strong></span> <span class='ocrx_word' id='word_1_23' title='bbox 399 619 540 686; x_wconf 87' lang='lat' dir='ltr'><strong>hostium</strong></span> <span class='ocrx_word' id='word_1_24' title='bbox 555 630 647 710; x_wconf 84' lang='lat' dir='ltr'><strong>captu</strong></span> <span class='ocrx_word' id='word_1_25' title='bbox 665 619 859 710; x_wconf 73' lang='lat' dir='ltr'>direptaque,</span> <span class='ocrx_word' id='word_1_26' title='bbox 880 644 1019 711; x_wconf 87' lang='lat' dir='ltr'><strong>quorum</strong></span> <span class='ocrx_word' id='word_1_27' title='bbox 1035 622 1167 709; x_wconf 80' lang='lat' dir='ltr'><strong>praeda</strong></span> <span class='ocrx_word' id='word_1_28' title='bbox 1185 646 1256 689; x_wconf 91' lang='lat' dir='ltr'><strong>onu-</strong></span> 
     </span>
     <span class='ocr_line' id='line_1_5' title="bbox 142 723 1255 816; baseline 0.003 -27"><span class='ocrx_word' id='word_1_29' title='bbox 142 735 228 791; x_wconf 88' lang='lat' dir='ltr'><strong>stum</strong></span> <span class='ocrx_word' id='word_1_30' title='bbox 249 723 383 790; x_wconf 88' lang='lat' dir='ltr'><strong>militem</strong></span> <span class='ocrx_word' id='word_1_31' title='bbox 404 723 437 788; x_wconf 92' lang='lat' dir='ltr'><strong>in</strong></span> <span class='ocrx_word' id='word_1_32' title='bbox 458 724 602 792; x_wconf 78' lang='lat' dir='ltr'><strong>Romana</strong></span> <span class='ocrx_word' id='word_1_33' title='bbox 626 735 726 791; x_wconf 81' lang='lat' dir='ltr'><strong>cestro</strong></span> <span class='ocrx_word' id='word_1_34' title='bbox 757 725 891 793; x_wconf 75' lang='lat' dir='ltr'><strong>dictator</strong></span> <span class='ocrx_word' id='word_1_35' title='bbox 918 725 1056 808; x_wconf 76' lang='lat' dir='ltr'><strong>reducit,</strong></span> <span class='ocrx_word' id='word_1_36' title='bbox 1086 725 1255 816; x_wconf 78' lang='lat' dir='ltr'><strong>haudque·</strong></span> 
     </span>
     <span class='ocr_line' id='line_1_6' title="bbox 88 827 1253 921; baseline 0.003 -26"><span class='ocrx_word' id='word_1_37' title='bbox 88 842 237 917; x_wconf 69' lang='lat' dir='ltr'><strong>,nquam</strong></span> <span class='ocrx_word' id='word_1_38' title='bbox 259 838 326 895; x_wconf 80' lang='lat' dir='ltr'><strong>torn</strong></span> <span class='ocrx_word' id='word_1_39' title='bbox 347 827 478 895; x_wconf 81' lang='lat' dir='ltr'><strong>victoria</strong></span> <span class='ocrx_word' id='word_1_40' title='bbox 501 829 621 895; x_wconf 81' lang='lat' dir='ltr'><strong>laetum</strong></span> <span class='ocrx_word' id='word_1_41' title='bbox 644 851 742 917; x_wconf 84' lang='lat' dir='ltr'><strong>quom</strong></span> <span class='ocrx_word' id='word_1_42' title='bbox 764 832 852 920; x_wconf 91' lang='lat' dir='ltr'><strong>quod</strong></span> <span class='ocrx_word' id='word_1_43' title='bbox 874 841 1000 921; x_wconf 84' lang='lat' dir='ltr'><strong>praeter</strong></span> <span class='ocrx_word' id='word_1_44' title='bbox 1018 829 1185 920; x_wconf 81' lang='lat' dir='ltr'><strong>exiguam</strong></span> <span class='ocrx_word' id='word_1_45' title='bbox 1207 833 1253 898; x_wconf 89' lang='lat' dir='ltr'><strong>de</strong></span> 
     </span>
     <span class='ocr_line' id='line_1_7' title="bbox 138 931 1234 1025; baseline 0.004 -26"><span class='ocrx_word' id='word_1_46' title='bbox 138 931 308 1000; x_wconf 66' lang='lat' dir='ltr'><strong>fomentum</strong></span> <span class='ocrx_word' id='word_1_47' title='bbox 330 933 476 1001; x_wconf 87' lang='lat' dir='ltr'><strong>incendio</strong></span> <span class='ocrx_word' id='word_1_48' title='bbox 492 944 614 1023; x_wconf 87' lang='lat' dir='ltr'><strong>partem</strong></span> <span class='ocrx_word' id='word_1_49' title='bbox 631 944 736 1000; x_wconf 82' lang='lat' dir='ltr'><strong>cetero</strong></span> <span class='ocrx_word' id='word_1_50' title='bbox 754 946 864 1002; x_wconf 83' lang='lat' dir='ltr'><strong>contra</strong></span> <span class='ocrx_word' id='word_1_51' title='bbox 879 958 971 1025; x_wconf 89' lang='lat' dir='ltr'><strong>spem</strong></span> <span class='ocrx_word' id='word_1_52' title='bbox 986 935 1106 1002; x_wconf 66' lang='lat' dir='ltr'><strong>salua</strong></span> <span class='ocrx_word' id='word_1_53' title='bbox 1095 937 1234 1004; x_wconf 85' lang='lat' dir='ltr'><strong>rnvenit</strong></span> 
     </span>
     <span class='ocr_line' id='line_1_8' title="bbox 224 1023 1249 1129; baseline 0.004 -24"><span class='ocrx_word' id='word_1_54' title='bbox 224 1037 343 1107; x_wconf 79' lang='lat' dir='ltr'><strong>XXIV.</strong></span> <span class='ocrx_word' id='word_1_55' title='bbox 386 1037 436 1104; x_wconf 88' lang='lat' dir='ltr'><strong>Ad</strong></span> <span class='ocrx_word' id='word_1_56' title='bbox 459 1037 574 1106; x_wconf 83' lang='lat' dir='ltr'><strong>Sornrn</strong></span> <span class='ocrx_word' id='word_1_57' title='bbox 595 1023 669 1104; x_wconf 88' lang='lat' dir='ltr'><strong>inde</strong></span> <span class='ocrx_word' id='word_1_58' title='bbox 691 1039 836 1121; x_wconf 85' lang='lat' dir='ltr'><strong>reditum,</strong></span> <span class='ocrx_word' id='word_1_59' title='bbox 859 1040 999 1129; x_wconf 86' lang='lat' dir='ltr'><strong>novique</strong></span> <span class='ocrx_word' id='word_1_60' title='bbox 1022 1041 1187 1109; x_wconf 85' lang='lat' dir='ltr'><strong>eonsules</strong></span> <span class='ocrx_word' id='word_1_61' title='bbox 1210 1042 1249 1109; x_wconf 85' lang='lat' dir='ltr'><strong>M.</strong></span> 
     </span>
     <span class='ocr_line' id='line_1_9' title="bbox 135 1141 1248 1232; baseline 0 -20"><span class='ocrx_word' id='word_1_62' title='bbox 135 1143 296 1213; x_wconf 78' lang='lat' dir='ltr'><strong>Poetelius</strong></span> <span class='ocrx_word' id='word_1_63' title='bbox 324 1141 361 1210; x_wconf 83' lang='lat' dir='ltr'><strong>C.</strong></span> <span class='ocrx_word' id='word_1_64' title='bbox 389 1142 550 1232; x_wconf 83' lang='lat' dir='ltr'>Sulpicius</span> <span class='ocrx_word' id='word_1_65' title='bbox 578 1142 754 1209; x_wconf 87' lang='lat' dir='ltr'><strong>exercitum</strong></span> <span class='ocrx_word' id='word_1_66' title='bbox 782 1143 824 1209; x_wconf 80' lang='lat' dir='ltr'><strong>ab</strong></span> <span class='ocrx_word' id='word_1_67' title='bbox 853 1143 1005 1211; x_wconf 81' lang='lat' dir='ltr'><strong>dietntore</strong></span> <span class='ocrx_word' id='word_1_68' title='bbox 1032 1144 1144 1213; x_wconf 75' lang='lat' dir='ltr'><strong>labio</strong></span> <span class='ocrx_word' id='word_1_69' title='bbox 1175 1148 1248 1214; x_wconf 81' lang='lat' dir='ltr'><strong>aeci</strong></span> 
     </span>
     <span class='ocr_line' id='line_1_10' title="bbox 134 1247 1247 1341; baseline 0.004 -26"><span class='ocrx_word' id='word_1_70' title='bbox 134 1248 227 1340; x_wconf 88' lang='lat' dir='ltr'><strong>piunt</strong></span> <span class='ocrx_word' id='word_1_71' title='bbox 248 1271 362 1338; x_wconf 82' lang='lat' dir='ltr'><strong>magna</strong></span> <span class='ocrx_word' id='word_1_72' title='bbox 389 1257 480 1337; x_wconf 82' lang='lat' dir='ltr'><strong>parte</strong></span> <span class='ocrx_word' id='word_1_73' title='bbox 507 1257 652 1316; x_wconf 89' lang='lat' dir='ltr'><strong>veterum</strong></span> <span class='ocrx_word' id='word_1_74' title='bbox 680 1247 818 1315; x_wconf 88' lang='lat' dir='ltr'><strong>militum</strong></span> <span class='ocrx_word' id='word_1_75' title='bbox 846 1248 973 1315; x_wconf 83' lang='lat' dir='ltr'><strong>dimissa</strong></span> <span class='ocrx_word' id='word_1_76' title='bbox 1002 1250 1174 1341; x_wconf 88' lang='lat' dir='ltr'><strong>novisque</strong></span> <span class='ocrx_word' id='word_1_77' title='bbox 1202 1277 1247 1318; x_wconf 85' lang='lat' dir='ltr'><strong>eo·</strong></span> 
     </span>
     <span class='ocr_line' id='line_1_11' title="bbox 88 1352 1246 1447; baseline 0.003 -29"><span class='ocrx_word' id='word_1_78' title='bbox 88 1365 124 1419; x_wconf 86' lang='lat'><strong>10</strong></span> <span class='ocrx_word' id='word_1_79' title='bbox 135 1354 279 1422; x_wconf 86' lang='lat' dir='ltr'><strong>hortibus</strong></span> <span class='ocrx_word' id='word_1_80' title='bbox 301 1353 335 1418; x_wconf 90' lang='lat' dir='ltr'><strong>in</strong></span> <span class='ocrx_word' id='word_1_81' title='bbox 356 1353 617 1443; x_wconf 87' lang='lat' dir='ltr'><strong>supplementum</strong></span> <span class='ocrx_word' id='word_1_82' title='bbox 645 1352 799 1421; x_wconf 78' lang='lat' dir='ltr'><strong>adductis.</strong></span> <span class='ocrx_word' id='word_1_83' title='bbox 837 1365 981 1421; x_wconf 87' lang='lat' dir='ltr'><strong>ceterum</strong></span> <span class='ocrx_word' id='word_1_84' title='bbox 1010 1378 1090 1421; x_wconf 86' lang='lat' dir='ltr'><strong>cum</strong></span> <span class='ocrx_word' id='word_1_85' title='bbox 1114 1368 1246 1447; x_wconf 88' lang='lat' dir='ltr'><strong>propter</strong></span> 
     </span>
     <span class='ocr_line' id='line_1_12' title="bbox 134 1457 1244 1548; baseline 0 -22"><span class='ocrx_word' id='word_1_86' title='bbox 134 1457 296 1526; x_wconf 86' lang='lat' dir='ltr'><strong>difficilem</strong></span> <span class='ocrx_word' id='word_1_87' title='bbox 318 1457 404 1524; x_wconf 86' lang='lat' dir='ltr'><strong>urhis</strong></span> <span class='ocrx_word' id='word_1_88' title='bbox 424 1457 523 1525; x_wconf 88' lang='lat' dir='ltr'><strong>situm</strong></span> <span class='ocrx_word' id='word_1_89' title='bbox 543 1481 605 1526; x_wconf 82' lang='lat' dir='ltr'><strong>neo</strong></span> <span class='ocrx_word' id='word_1_90' title='bbox 633 1459 836 1548; x_wconf 81' lang='lat' dir='ltr'><strong>oppugnandi</strong></span> <span class='ocrx_word' id='word_1_91' title='bbox 864 1460 940 1527; x_wconf 83' lang='lat' dir='ltr'><strong>satis</strong></span> <span class='ocrx_word' id='word_1_92' title='bbox 968 1469 1056 1526; x_wconf 82' lang='lat' dir='ltr'><strong>certe</strong></span> <span class='ocrx_word' id='word_1_93' title='bbox 1084 1462 1174 1528; x_wconf 84' lang='lat' dir='ltr'><strong>ratio</strong></span> <span class='ocrx_word' id='word_1_94' title='bbox 1196 1461 1244 1527; x_wconf 89' lang='lat' dir='ltr'><strong>ini·</strong></span> 
     </span>
    </p>

    <p class='ocr_par' dir='ltr' id='par_1_3' title="bbox 64 1563 1243 1969">
     <span class='ocr_line' id='line_1_13' title="bbox 64 1563 1243 1654; baseline 0.003 -25"><span class='ocrx_word' id='word_1_95' title='bbox 64 1608 67 1619; x_wconf 84' lang='lat'>·</span> <span class='ocrx_word' id='word_1_96' title='bbox 131 1572 219 1631; x_wconf 85' lang='lat' dir='ltr'><strong>retur</strong></span> <span class='ocrx_word' id='word_1_97' title='bbox 240 1573 273 1630; x_wconf 86' lang='lat' dir='ltr'><strong>et</strong></span> <span class='ocrx_word' id='word_1_98' title='bbox 294 1573 351 1630; x_wconf 81' lang='lat' dir='ltr'><strong>aut</strong></span> <span class='ocrx_word' id='word_1_99' title='bbox 370 1573 517 1653; x_wconf 86' lang='lat' dir='ltr'><strong>ternpore</strong></span> <span class='ocrx_word' id='word_1_100' title='bbox 539 1563 712 1654; x_wconf 84' lang='lat' dir='ltr'><strong>longinqua</strong></span> <span class='ocrx_word' id='word_1_101' title='bbox 735 1575 791 1632; x_wconf 83' lang='lat' dir='ltr'><strong>aut</strong></span> <span class='ocrx_word' id='word_1_102' title='bbox 806 1587 960 1654; x_wconf 83' lang='lat' dir='ltr'><strong>praeceps</strong></span> <span class='ocrx_word' id='word_1_103' title='bbox 981 1563 1133 1653; x_wconf 81' lang='lat' dir='ltr'><strong>periculo</strong></span> <span class='ocrx_word' id='word_1_104' title='bbox 1149 1566 1243 1633; x_wconf 79' lang='lat' dir='ltr'><strong>victo</strong></span> 
     </span>
     <span class='ocr_line' id='line_1_14' title="bbox 130 1666 1241 1759; baseline 0.002 -25"><span class='ocrx_word' id='word_1_105' title='bbox 130 1667 176 1757; x_wconf 84' lang='lat' dir='ltr'><strong>rin</strong></span> <span class='ocrx_word' id='word_1_106' title='bbox 198 1678 293 1751; x_wconf 85' lang='lat' dir='ltr'><strong>esset,</strong></span> <span class='ocrx_word' id='word_1_107' title='bbox 314 1667 457 1736; x_wconf 84' lang='lat' dir='ltr'><strong>Soranus</strong></span> <span class='ocrx_word' id='word_1_108' title='bbox 478 1666 640 1759; x_wconf 77' lang='lat' dir='ltr'><strong>transfuga</strong></span> <span class='ocrx_word' id='word_1_109' title='bbox 662 1667 746 1736; x_wconf 85' lang='lat' dir='ltr'><strong>olom</strong></span> <span class='ocrx_word' id='word_1_110' title='bbox 767 1690 811 1736; x_wconf 87' lang='lat' dir='ltr'><strong>ex</strong></span> <span class='ocrx_word' id='word_1_111' title='bbox 833 1669 952 1759; x_wconf 89' lang='lat' dir='ltr'><strong>oppido</strong></span> <span class='ocrx_word' id='word_1_112' title='bbox 975 1669 1148 1758; x_wconf 86' lang='lat' dir='ltr'><strong>profectus</strong></span> <span class='ocrx_word' id='word_1_113' title='bbox 1171 1693 1241 1738; x_wconf 83' lang='lat' dir='ltr'><strong>euru</strong></span> 
     </span>
     <span class='ocr_line' id='line_1_15' title="bbox 130 1753 1239 1864; baseline 0 -24"><span class='ocrx_word' id='word_1_114' title='bbox 130 1753 172 1840; x_wconf 75' lang='lat' dir='ltr'><strong>nd</strong></span> <span class='ocrx_word' id='word_1_115' title='bbox 193 1773 303 1864; x_wconf 81' lang='lat' dir='ltr'><strong>vigiles</strong></span> <span class='ocrx_word' id='word_1_116' title='bbox 325 1772 489 1840; x_wconf 86' lang='lat' dir='ltr'><strong>Romanos</strong></span> <span class='ocrx_word' id='word_1_117' title='bbox 511 1782 724 1863; x_wconf 79' lang='lat' dir='ltr'><strong>penetrasset,</strong></span> <span class='ocrx_word' id='word_1_118' title='bbox 752 1773 825 1842; x_wconf 86' lang='lat' dir='ltr'><strong>duci</strong></span> <span class='ocrx_word' id='word_1_119' title='bbox 848 1796 883 1839; x_wconf 91' lang='lat' dir='ltr'><strong>se</strong></span> <span class='ocrx_word' id='word_1_120' title='bbox 906 1796 947 1839; x_wconf 83' lang='lat' dir='ltr'><strong>ex</strong></span> <span class='ocrx_word' id='word_1_121' title='bbox 947 1772 1072 1862; x_wconf 86' lang='lat' dir='ltr'><strong>templo</strong></span> <span class='ocrx_word' id='word_1_122' title='bbox 1102 1774 1148 1840; x_wconf 83' lang='lat' dir='ltr'><strong>ad</strong></span> <span class='ocrx_word' id='word_1_123' title='bbox 1172 1798 1239 1842; x_wconf 88' lang='lat' dir='ltr'><strong>con</strong></span> 
     </span>
     <span class='ocr_line' id='line_1_16' title="bbox 84 1877 1238 1969; baseline 0 -24"><span class='ocrx_word' id='word_1_124' title='bbox 84 1879 216 1947; x_wconf 73' lang='lat' dir='ltr'><strong>rondes</strong></span> <span class='ocrx_word' id='word_1_125' title='bbox 238 1879 327 1946; x_wconf 89' lang='lat' dir='ltr'><strong>iubet</strong></span> <span class='ocrx_word' id='word_1_126' title='bbox 349 1879 570 1969; x_wconf 85' lang='lat' dir='ltr'><strong>deductusque</strong></span> <span class='ocrx_word' id='word_1_127' title='bbox 593 1877 781 1946; x_wconf 83' lang='lat' dir='ltr'><strong>traditurum</strong></span> <span class='ocrx_word' id='word_1_128' title='bbox 802 1877 917 1946; x_wconf 85' lang='lat' dir='ltr'><strong>urbem</strong></span> <span class='ocrx_word' id='word_1_129' title='bbox 941 1878 1111 1967; x_wconf 80' lang='lat' dir='ltr'><strong>promittit</strong></span> <span class='ocrx_word' id='word_1_130' title='bbox 1159 1881 1238 1949; x_wconf 86' lang='lat' dir='ltr'><strong>visus</strong></span> 
     </span>
    </p>
   </div>
   <div class='ocr_carea' id='block_1_3' title="bbox 734 2095 1237 2855">
    <p class='ocr_par' dir='ltr' id='par_1_4' title="bbox 784 2095 1237 2261">
     <span class='ocr_line' id='line_1_17' title="bbox 787 2095 1237 2174; baseline 0.002 -20"><span class='ocrx_word' id='word_1_131' title='bbox 787 2098 905 2157; x_wconf 70' lang='lat' dir='ltr'><strong>ubsehen</strong></span> <span class='ocrx_word' id='word_1_132' title='bbox 915 2095 979 2154; x_wconf 79' lang='lat' dir='ltr'><strong>liess</strong></span> <span class='ocrx_word' id='word_1_133' title='bbox 988 2099 1043 2154; x_wconf 82' lang='lat' dir='ltr'><strong>wie</strong></span> <span class='ocrx_word' id='word_1_134' title='bbox 1053 2096 1105 2154; x_wconf 82' lang='lat' dir='ltr'><strong>der</strong></span> <span class='ocrx_word' id='word_1_135' title='bbox 1115 2099 1184 2174; x_wconf 78' lang='lat' dir='ltr'><strong>Steg</strong></span> <span class='ocrx_word' id='word_1_136' title='bbox 1195 2118 1237 2155; x_wconf 79' lang='lat' dir='ltr'><strong>an·</strong></span> 
     </span>
     <span class='ocr_line' id='line_1_18' title="bbox 784 2185 1236 2261; baseline -0.011 -18"><span class='ocrx_word' id='word_1_137' title='bbox 784 2186 847 2243; x_wconf 78' lang='lat' dir='ltr'><strong>dere</strong></span> <span class='ocrx_word' id='word_1_138' title='bbox 860 2204 992 2261; x_wconf 82' lang='lat' dir='ltr'><strong>errungen</strong></span> <span class='ocrx_word' id='word_1_139' title='bbox 1009 2185 1126 2243; x_wconf 83' lang='lat' dir='ltr'><strong>werden</strong></span> <span class='ocrx_word' id='word_1_140' title='bbox 1139 2185 1236 2245; x_wconf 72' lang='lat' dir='ltr'><strong>idnnte</strong></span> 
     </span>
    </p>

    <p class='ocr_par' dir='ltr' id='par_1_5' title="bbox 734 2272 1234 2855">
     <span class='ocr_line' id='line_1_19' title="bbox 734 2272 1234 2345; baseline -0.006 -15"><span class='ocrx_word' id='word_1_141' title='bbox 734 2317 737 2322; x_wconf 62' lang='lat'><em>,</em></span> <span class='ocrx_word' id='word_1_142' title='bbox 784 2272 824 2330; x_wconf 79' lang='lat' dir='ltr'><strong>als</strong></span> <span class='ocrx_word' id='word_1_143' title='bbox 838 2272 978 2328; x_wconf 87' lang='lat' dir='ltr'><strong>entvveder</strong></span> <span class='ocrx_word' id='word_1_144' title='bbox 990 2272 1077 2329; x_wconf 85' lang='lat' dir='ltr'><strong>durch</strong></span> <span class='ocrx_word' id='word_1_145' title='bbox 1090 2275 1154 2329; x_wconf 87' lang='lat' dir='ltr'><strong>eine</strong></span> <span class='ocrx_word' id='word_1_146' title='bbox 1165 2272 1234 2345; x_wconf 76' lang='lat' dir='ltr'><strong>lang·</strong></span> 
     </span>
     <span class='ocr_line' id='line_1_20' title="bbox 782 2359 1233 2435; baseline -0.007 -19"><span class='ocrx_word' id='word_1_147' title='bbox 782 2359 1065 2435; x_wconf 77' lang='lat' dir='ltr'><strong>wierigeBelagerong</strong></span> <span class='ocrx_word' id='word_1_148' title='bbox 1075 2359 1233 2417; x_wconf 83' lang='lat' dir='ltr'><strong>oderduretr</strong></span> 
     </span>
     <span class='ocr_line' id='line_1_21' title="bbox 784 2445 1232 2520; baseline -0.007 -16"><span class='ocrx_word' id='word_1_149' title='bbox 784 2450 863 2504; x_wconf 80' lang='lat' dir='ltr'><strong>einen</strong></span> <span class='ocrx_word' id='word_1_150' title='bbox 882 2446 1081 2520; x_wconf 80' lang='lat' dir='ltr'><strong>Sturmongrifl&#39;,</strong></span> <span class='ocrx_word' id='word_1_151' title='bbox 1102 2445 1154 2503; x_wconf 79' lang='lat' dir='ltr'><strong>der</strong></span> <span class='ocrx_word' id='word_1_152' title='bbox 1171 2447 1232 2501; x_wconf 81' lang='lat' dir='ltr'><strong>eber</strong></span> 
     </span>
     <span class='ocr_line' id='line_1_22' title="bbox 781 2533 1232 2605; baseline -0.002 -15"><span class='ocrx_word' id='word_1_153' title='bbox 781 2537 833 2591; x_wconf 88' lang='lat' dir='ltr'><strong>mit</strong></span> <span class='ocrx_word' id='word_1_154' title='bbox 850 2533 935 2605; x_wconf 84' lang='lat' dir='ltr'><strong>vieler</strong></span> <span class='ocrx_word' id='word_1_155' title='bbox 952 2533 1053 2590; x_wconf 78' lang='lat' dir='ltr'><strong>Gesahr</strong></span> <span class='ocrx_word' id='word_1_156' title='bbox 1074 2533 1232 2591; x_wconf 83' lang='lat' dir='ltr'><strong>verbunden</strong></span> 
     </span>
     <span class='ocr_line' id='line_1_23' title="bbox 759 2619 1227 2698; baseline -0.002 -21"><span class='ocrx_word' id='word_1_157' title='bbox 759 2623 840 2691; x_wconf 61' lang='lat' dir='ltr'><strong>,sein</strong></span> <span class='ocrx_word' id='word_1_158' title='bbox 849 2621 985 2680; x_wconf 70' lang='lat' dir='ltr'><strong>‹wiirde“.</strong></span> <span class='ocrx_word' id='word_1_159' title='bbox 995 2652 1029 2663; x_wconf 89' lang='lat'><em>-</em></span> <span class='ocrx_word' id='word_1_160' title='bbox 1042 2619 1077 2677; x_wconf 87' lang='lat' dir='ltr'><strong>P:</strong></span> <span class='ocrx_word' id='word_1_161' title='bbox 1095 2630 1144 2678; x_wconf 83' lang='lat' dir='ltr'><strong>out</strong></span> <span class='ocrx_word' id='word_1_162' title='bbox 1156 2641 1227 2698; x_wconf 76' lang='lat' dir='ltr'><strong>prue-</strong></span> 
     </span>
     <span class='ocr_line' id='line_1_24' title="bbox 782 2708 1230 2786; baseline 0.004 -21"><span class='ocrx_word' id='word_1_163' title='bbox 782 2728 846 2786; x_wconf 85' lang='lat' dir='ltr'><strong>eeps</strong></span> <span class='ocrx_word' id='word_1_164' title='bbox 869 2708 988 2786; x_wconf 78' lang='lat' dir='ltr'><strong>pericula</strong></span> <span class='ocrx_word' id='word_1_165' title='bbox 1012 2711 1127 2775; x_wconf 74' lang='lat' dir='ltr'><strong>uictoria</strong></span> <span class='ocrx_word' id='word_1_166' title='bbox 1152 2718 1230 2767; x_wconf 86' lang='lat' dir='ltr'><strong>esset.</strong></span> 
     </span>
     <span class='ocr_line' id='line_1_25' title="bbox 781 2795 1229 2855; baseline 0 -3"><span class='ocrx_word' id='word_1_167' title='bbox 781 2827 815 2836; x_wconf 94' lang='lat'>—</span> <span class='ocrx_word' id='word_1_168' title='bbox 836 2795 914 2855; x_wconf 85' lang='lat' dir='ltr'><strong>Voss.</strong></span> <span class='ocrx_word' id='word_1_169' title='bbox 933 2817 960 2855; x_wconf 90' lang='lat'><strong>11.</strong></span> <span class='ocrx_word' id='word_1_170' title='bbox 980 2795 1026 2855; x_wconf 76' lang='lat' dir='ltr'><strong>al:</strong></span> <span class='ocrx_word' id='word_1_171' title='bbox 1050 2806 1078 2852; x_wconf 88' lang='lat' dir='ltr'><strong>et</strong></span> <span class='ocrx_word' id='word_1_172' title='bbox 1100 2806 1147 2854; x_wconf 83' lang='lat' dir='ltr'><strong>out</strong></span> <span class='ocrx_word' id='word_1_173' title='bbox 1165 2806 1229 2852; x_wconf 86' lang='lat' dir='ltr'><strong>tenr-</strong></span> 
     </span>
    </p>
   </div>
   <div class='ocr_carea' id='block_1_4' title="bbox 142 2096 644 2826">
    <p class='ocr_par' dir='ltr' id='par_1_6' title="bbox 196 2096 644 2263">
     <span class='ocr_line' id='line_1_26' title="bbox 198 2096 644 2179; baseline 0.004 -24"><span class='ocrx_word' id='word_1_174' title='bbox 198 2096 246 2159; x_wconf 82' lang='lat' dir='ltr'><strong>al.:</strong></span> <span class='ocrx_word' id='word_1_175' title='bbox 269 2119 301 2158; x_wconf 75' lang='lat' dir='ltr'><strong>ne</strong></span> <span class='ocrx_word' id='word_1_176' title='bbox 322 2111 408 2159; x_wconf 84' lang='lat' dir='ltr'><strong>semet</strong></span> <span class='ocrx_word' id='word_1_177' title='bbox 429 2101 516 2179; x_wconf 81' lang='lat' dir='ltr'><strong>ipsam</strong></span> <span class='ocrx_word' id='word_1_178' title='bbox 537 2098 644 2157; x_wconf 76' lang='lat' dir='ltr'><strong>turbam</strong></span> 
     </span>
     <span class='ocr_line' id='line_1_27' title="bbox 196 2186 357 2263; baseline 0.043 -21"><span class='ocrx_word' id='word_1_179' title='bbox 196 2186 357 2263; x_wconf 73' lang='lat' dir='ltr'><strong>inpediens..</strong></span> 
     </span>
    </p>

    <p class='ocr_par' dir='ltr' id='par_1_7' title="bbox 142 2307 643 2826">
     <span class='ocr_line' id='line_1_28' title="bbox 142 2307 643 2383; baseline 0.008 -22"><span class='ocrx_word' id='word_1_180' title='bbox 142 2307 169 2363; x_wconf 85' lang='lat'><strong>3.</strong></span> <span class='ocrx_word' id='word_1_181' title='bbox 197 2325 324 2381; x_wconf 82' lang='lat' dir='ltr'><strong>quorum</strong></span> <span class='ocrx_word' id='word_1_182' title='bbox 350 2309 468 2383; x_wconf 80' lang='lat' dir='ltr'><strong>praeda</strong></span> <span class='ocrx_word' id='word_1_183' title='bbox 504 2317 643 2366; x_wconf 78' lang='lat' dir='ltr'><strong>onustum</strong></span> 
     </span>
     <span class='ocr_line' id='line_1_29' title="bbox 194 2393 641 2452; baseline 0.004 -4"><span class='ocrx_word' id='word_1_184' title='bbox 194 2393 316 2448; x_wconf 79' lang='lat' dir='ltr'><strong>militem</strong></span> <span class='ocrx_word' id='word_1_185' title='bbox 334 2403 399 2451; x_wconf 81' lang='lat' dir='ltr'><strong>eet:</strong></span> <span class='ocrx_word' id='word_1_186' title='bbox 422 2393 452 2452; x_wconf 89' lang='lat' dir='ltr'><strong>P.</strong></span> <span class='ocrx_word' id='word_1_187' title='bbox 475 2425 509 2435; x_wconf 91' lang='lat'><strong>-—</strong></span> <span class='ocrx_word' id='word_1_188' title='bbox 530 2394 572 2450; x_wconf 81' lang='lat' dir='ltr'><strong>M:</strong></span> <span class='ocrx_word' id='word_1_189' title='bbox 594 2394 641 2450; x_wconf 85' lang='lat' dir='ltr'><strong>ho·</strong></span> 
     </span>
     <span class='ocr_line' id='line_1_30' title="bbox 193 2476 640 2537; baseline 0.009 -3"><span class='ocrx_word' id='word_1_190' title='bbox 193 2484 275 2534; x_wconf 72' lang='lat' dir='ltr'><strong>nustfi</strong></span> <span class='ocrx_word' id='word_1_191' title='bbox 292 2476 414 2537; x_wconf 83' lang='lat' dir='ltr'><strong>militem.</strong></span> <span class='ocrx_word' id='word_1_192' title='bbox 437 2509 472 2520; x_wconf 89' lang='lat'><em>—</em></span> <span class='ocrx_word' id='word_1_193' title='bbox 493 2480 533 2536; x_wconf 78' lang='lat' dir='ltr'><strong>tl:</strong></span> <span class='ocrx_word' id='word_1_194' title='bbox 557 2481 640 2537; x_wconf 82' lang='lat' dir='ltr'><strong>haud-</strong></span> 
     </span>
     <span class='ocr_line' id='line_1_31' title="bbox 193 2567 640 2642; baseline 0.016 -21"><span class='ocrx_word' id='word_1_195' title='bbox 193 2572 299 2642; x_wconf 68' lang='lat' dir='ltr'><strong>quaqui</strong></span> <span class='ocrx_word' id='word_1_196' title='bbox 316 2570 320 2637; x_wconf 92' lang='grc' dir='ltr'>Ι</span> <span class='ocrx_word' id='word_1_197' title='bbox 335 2575 377 2623; x_wconf 89' lang='lat' dir='ltr'><strong>tut</strong></span> <span class='ocrx_word' id='word_1_198' title='bbox 396 2569 510 2624; x_wconf 82' lang='lat' dir='ltr'><strong>uictoria</strong></span> <span class='ocrx_word' id='word_1_199' title='bbox 532 2567 640 2628; x_wconf 76' lang='lat' dir='ltr'><strong>laetum.</strong></span> 
     </span>
     <span class='ocr_line' id='line_1_32' title="bbox 192 2652 639 2716; baseline 0.009 -7"><span class='ocrx_word' id='word_1_200' title='bbox 192 2684 228 2695; x_wconf 94' lang='lat'>-</span> <span class='ocrx_word' id='word_1_201' title='bbox 251 2652 317 2713; x_wconf 77' lang='lat' dir='ltr'><strong>Pell.</strong></span> <span class='ocrx_word' id='word_1_202' title='bbox 342 2658 367 2714; x_wconf 87' lang='lat'><strong>1.</strong></span> <span class='ocrx_word' id='word_1_203' title='bbox 391 2657 418 2714; x_wconf 90' lang='grc'><strong>3.</strong></span> <span class='ocrx_word' id='word_1_204' title='bbox 441 2653 520 2716; x_wconf 76' lang='lat' dir='ltr'><strong>Voss.</strong></span> <span class='ocrx_word' id='word_1_205' title='bbox 539 2675 566 2716; x_wconf 94' lang='grc' dir='ltr'><strong>ιι.</strong></span> <span class='ocrx_word' id='word_1_206' title='bbox 591 2655 639 2716; x_wconf 79' lang='lat' dir='ltr'><strong>al:</strong></span> 
     </span>
     <span class='ocr_line' id='line_1_33' title="bbox 192 2741 606 2826; baseline 0 -27"><span class='ocrx_word' id='word_1_207' title='bbox 192 2742 322 2799; x_wconf 79' lang='lat' dir='ltr'><strong>ntetoriae</strong></span> <span class='ocrx_word' id='word_1_208' title='bbox 339 2741 451 2803; x_wconf 67' lang='lat' dir='ltr'><strong>laetum·</strong></span> <span class='ocrx_word' id='word_1_209' title='bbox 481 2820 483 2826; x_wconf 28' lang='grc' dir='ltr'>Ι</span> <span class='ocrx_word' id='word_1_210' title='bbox 605 2795 606 2799; x_wconf 75' lang='grc'>,</span> 
     </span>
    </p>
   </div>
   <div class='ocr_carea' id='block_1_5' title="bbox 137 2851 638 2914">
    <p class='ocr_par' dir='ltr' id='par_1_8' title="bbox 137 2851 638 2914">
     <span class='ocr_line' id='line_1_34' title="bbox 137 2851 638 2914; baseline 0.01 -7"><span class='ocrx_word' id='word_1_211' title='bbox 137 2853 163 2911; x_wconf 88' lang='lat'><strong>7.</strong></span> <span class='ocrx_word' id='word_1_212' title='bbox 190 2851 234 2909; x_wconf 82' lang='lat' dir='ltr'><strong>ad</strong></span> <span class='ocrx_word' id='word_1_213' title='bbox 259 2851 370 2911; x_wconf 84' lang='lat' dir='ltr'><strong>Soram</strong></span> <span class='ocrx_word' id='word_1_214' title='bbox 396 2854 466 2913; x_wconf 77' lang='lat' dir='ltr'><strong>inde</strong></span> <span class='ocrx_word' id='word_1_215' title='bbox 493 2856 638 2914; x_wconf 82' lang='lat' dir='ltr'><strong>reditum:</strong></span> 
     </span>
    </p>
   </div>
   <div class='ocr_carea' id='block_1_6' title="bbox 189 2926 638 3003">
    <p class='ocr_par' dir='ltr' id='par_1_9' title="bbox 189 2926 638 3003">
     <span class='ocr_line' id='line_1_35' title="bbox 189 2926 638 3003; baseline 0.007 -7"><span class='ocrx_word' id='word_1_216' title='bbox 189 2926 218 2996; x_wconf 85' lang='grc' dir='ltr'><strong>Μ</strong></span> <span class='ocrx_word' id='word_1_217' title='bbox 236 2961 272 2998; x_wconf 90' lang='grc' dir='ltr'>ιιι.</span> <span class='ocrx_word' id='word_1_218' title='bbox 290 2943 316 2999; x_wconf 78' lang='lat' dir='ltr'><strong>t.</strong></span> <span class='ocrx_word' id='word_1_219' title='bbox 335 2939 357 2996; x_wconf 89' lang='lat' dir='ltr'>P</span> <span class='ocrx_word' id='word_1_220' title='bbox 376 2939 480 2998; x_wconf 77' lang='lat' dir='ltr'><strong>rell-</strong></span> <span class='ocrx_word' id='word_1_221' title='bbox 499 2941 524 2997; x_wconf 95' lang='grc' dir='ltr'><strong>Μ</strong></span> <span class='ocrx_word' id='word_1_222' title='bbox 544 2963 578 3003; x_wconf 85' lang='grc' dir='ltr'>ιιι.</span> <span class='ocrx_word' id='word_1_223' title='bbox 598 2947 638 3002; x_wconf 81' lang='lat'><strong>1.:</strong></span> 
     </span>
    </p>
   </div>
   <div class='ocr_carea' id='block_1_7' title="bbox 183 3028 635 3807">
    <p class='ocr_par' dir='ltr' id='par_1_10' title="bbox 183 3028 635 3807">
     <span class='ocr_line' id='line_1_36' title="bbox 189 3028 635 3097; baseline 0.007 -15"><span class='ocrx_word' id='word_1_224' title='bbox 189 3028 316 3097; x_wconf 82' lang='lat' dir='ltr'><strong>„inuenit</strong></span> <span class='ocrx_word' id='word_1_225' title='bbox 330 3030 336 3092; x_wconf 87' lang='grc'>1</span> <span class='ocrx_word' id='word_1_226' title='bbox 351 3047 442 3083; x_wconf 79' lang='lat' dir='ltr'><strong>soram</strong></span> <span class='ocrx_word' id='word_1_227' title='bbox 471 3028 535 3085; x_wconf 90' lang='lat' dir='ltr'><strong>inde</strong></span> <span class='ocrx_word' id='word_1_228' title='bbox 564 3030 635 3085; x_wconf 89' lang='lat' dir='ltr'><strong>redi·</strong></span> 
     </span>
     <span class='ocr_line' id='line_1_37' title="bbox 187 3114 635 3174; baseline 0.004 -3"><span class='ocrx_word' id='word_1_229' title='bbox 187 3120 276 3172; x_wconf 87' lang='lat' dir='ltr'><strong>tum“.</strong></span> <span class='ocrx_word' id='word_1_230' title='bbox 308 3116 406 3170; x_wconf 84' lang='lat' dir='ltr'><strong>sinon</strong></span> <span class='ocrx_word' id='word_1_231' title='bbox 428 3114 472 3170; x_wconf 85' lang='lat' dir='ltr'><strong>ad</strong></span> <span class='ocrx_word' id='word_1_232' title='bbox 491 3114 635 3174; x_wconf 78' lang='lat' dir='ltr'><strong>sedatio</strong></span> 
     </span>
     <span class='ocr_line' id='line_1_38' title="bbox 187 3200 634 3282; baseline 0 -23"><span class='ocrx_word' id='word_1_233' title='bbox 187 3203 338 3282; x_wconf 80' lang='lat' dir='ltr'><strong>antiquiore</strong></span> <span class='ocrx_word' id='word_1_234' title='bbox 346 3200 417 3261; x_wconf 88' lang='lat' dir='ltr'><strong>libro</strong></span> <span class='ocrx_word' id='word_1_235' title='bbox 426 3205 556 3281; x_wconf 86' lang='lat' dir='ltr'><strong>seriptum</strong></span> <span class='ocrx_word' id='word_1_236' title='bbox 568 3213 634 3273; x_wconf 79' lang='lat' dir='ltr'><strong>erat,</strong></span> 
     </span>
     <span class='ocr_line' id='line_1_39' title="bbox 185 3290 633 3373; baseline -0.004 -23"><span class='ocrx_word' id='word_1_237' title='bbox 185 3290 266 3350; x_wconf 84' lang='lat' dir='ltr'><strong>lacil&#39;e</strong></span> <span class='ocrx_word' id='word_1_238' title='bbox 283 3290 343 3351; x_wconf 83' lang='lat' dir='ltr'><strong>fieri</strong></span> <span class='ocrx_word' id='word_1_239' title='bbox 362 3292 451 3373; x_wconf 88' lang='lat' dir='ltr'><strong>potuit</strong></span> <span class='ocrx_word' id='word_1_240' title='bbox 473 3303 503 3348; x_wconf 87' lang='lat' dir='ltr'><strong>ut</strong></span> <span class='ocrx_word' id='word_1_241' title='bbox 520 3300 552 3351; x_wconf 74' lang='lat' dir='ltr'><strong>od</strong></span> <span class='ocrx_word' id='word_1_242' title='bbox 569 3302 633 3370; x_wconf 85' lang='lat' dir='ltr'><strong>post</strong></span> 
     </span>
     <span class='ocr_line' id='line_1_40' title="bbox 186 3354 630 3486; baseline -0.011 -46"><span class='ocrx_word' id='word_1_243' title='bbox 186 3354 209 3440; x_wconf 77' lang='lat' dir='ltr'><strong>d</strong></span> <span class='ocrx_word' id='word_1_244' title='bbox 237 3383 503 3486; x_wconf 75' lang='lat' dir='ltr'><strong>praetermitteretur.</strong></span> <span class='ocrx_word' id='word_1_245' title='bbox 532 3410 567 3423; x_wconf 91' lang='lat'><strong>·-</strong></span> <span class='ocrx_word' id='word_1_246' title='bbox 597 3378 630 3435; x_wconf 85' lang='lat' dir='ltr'><strong>P:</strong></span> 
     </span>
     <span class='ocr_line' id='line_1_41' title="bbox 184 3467 631 3544; baseline 0.002 -21"><span class='ocrx_word' id='word_1_247' title='bbox 184 3471 303 3544; x_wconf 85' lang='lat' dir='ltr'><strong>nouique</strong></span> <span class='ocrx_word' id='word_1_248' title='bbox 316 3467 469 3525; x_wconf 87' lang='lat' dir='ltr'><strong>consules&#39;</strong></span> <span class='ocrx_word' id='word_1_249' title='bbox 451 3491 484 3524; x_wconf 89' lang='lat' dir='ltr'><strong>nr.</strong></span> <span class='ocrx_word' id='word_1_250' title='bbox 497 3467 631 3543; x_wconf 85' lang='lat' dir='ltr'><strong>poetelius</strong></span> 
     </span>
     <span class='ocr_line' id='line_1_42' title="bbox 184 3555 629 3632; baseline -0.009 -17.851"><span class='ocrx_word' id='word_1_251' title='bbox 184 3576 207 3614; x_wconf 78' lang='lat' dir='ltr'><strong>c.</strong></span> <span class='ocrx_word' id='word_1_252' title='bbox 184 3555 356 3632; x_wconf 80' lang='lat' dir='ltr'><strong>&#39;sulpicius</strong></span> <span class='ocrx_word' id='word_1_253' title='bbox 374 3558 519 3612; x_wconf 85' lang='lat' dir='ltr'><strong>exereitum</strong></span> <span class='ocrx_word' id='word_1_254' title='bbox 538 3555 571 3610; x_wconf 79' lang='lat' dir='ltr'><strong>ab</strong></span> <span class='ocrx_word' id='word_1_255' title='bbox 590 3555 629 3610; x_wconf 91' lang='lat' dir='ltr'><strong>di·</strong></span> 
     </span>
     <span class='ocr_line' id='line_1_43' title="bbox 184 3642 629 3722; baseline 0.002 -27"><span class='ocrx_word' id='word_1_256' title='bbox 184 3648 285 3696; x_wconf 79' lang='lat' dir='ltr'><strong>ctatore</strong></span> <span class='ocrx_word' id='word_1_257' title='bbox 313 3644 384 3700; x_wconf 81' lang='lat' dir='ltr'><strong>sabio</strong></span> <span class='ocrx_word' id='word_1_258' title='bbox 412 3645 556 3722; x_wconf 72' lang='lat' dir='ltr'><strong>accipiunt,</strong></span> <span class='ocrx_word' id='word_1_259' title='bbox 588 3642 629 3697; x_wconf 81' lang='lat' dir='ltr'><strong>tl:</strong></span> 
     </span>
     <span class='ocr_line' id='line_1_44' title="bbox 183 3727 629 3807; baseline 0.009 -25"><span class='ocrx_word' id='word_1_260' title='bbox 183 3727 301 3800; x_wconf 80' lang='lat' dir='ltr'><strong>nonique</strong></span> <span class='ocrx_word' id='word_1_261' title='bbox 319 3731 442 3790; x_wconf 86' lang='lat' dir='ltr'><strong>consoles</strong></span> <span class='ocrx_word' id='word_1_262' title='bbox 460 3738 494 3790; x_wconf 86' lang='grc' dir='ltr'>ιῑι.</span> <span class='ocrx_word' id='word_1_263' title='bbox 513 3729 629 3807; x_wconf 81' lang='lat' dir='ltr'><strong>poetalis</strong></span> 
     </span>
    </p>
   </div>
   <div class='ocr_carea' id='block_1_8' title="bbox 79 3812 421 3892">
    <p class='ocr_par' dir='ltr' id='par_1_11' title="bbox 79 3812 421 3892">
     <span class='ocr_line' id='line_1_45' title="bbox 79 3812 421 3892; baseline 0.003 -21"><span class='ocrx_word' id='word_1_264' title='bbox 79 3868 81 3877; x_wconf 73' lang='grc'><strong><em>,</em></strong></span> <span class='ocrx_word' id='word_1_265' title='bbox 181 3835 205 3871; x_wconf 85' lang='lat' dir='ltr'><strong>o.</strong></span> <span class='ocrx_word' id='word_1_266' title='bbox 223 3812 352 3892; x_wconf 79' lang='lat' dir='ltr'><strong>sulpicius</strong></span> <span class='ocrx_word' id='word_1_267' title='bbox 370 3825 421 3874; x_wconf 87' lang='lat' dir='ltr'><strong>eet.</strong></span> 
     </span>
    </p>
   </div>
   <div class='ocr_carea' id='block_1_9' title="bbox 110 3925 626 4090">
    <p class='ocr_par' dir='ltr' id='par_1_12' title="bbox 110 3925 626 4090">
     <span class='ocr_line' id='line_1_46' title="bbox 110 3925 626 4031; baseline 0.008 -51"><span class='ocrx_word' id='word_1_268' title='bbox 110 3925 152 3984; x_wconf 73' lang='lat'><strong>12.</strong></span> <span class='ocrx_word' id='word_1_269' title='bbox 178 3934 207 3983; x_wconf 71' lang='lat' dir='ltr'><strong>ot</strong></span> <span class='ocrx_word' id='word_1_270' title='bbox 231 3934 284 3984; x_wconf 77' lang='lat' dir='ltr'><strong>aut</strong></span> <span class='ocrx_word' id='word_1_271' title='bbox 304 3935 434 4031; x_wconf 78' lang='lat' dir='ltr'><strong>tempore</strong></span> <span class='ocrx_word' id='word_1_272' title='bbox 460 3930 545 3986; x_wconf 69' lang='lat' dir='ltr'><strong>tono·</strong></span> <span class='ocrx_word' id='word_1_273' title='bbox 509 3948 626 4007; x_wconf 79' lang='lat' dir='ltr'><strong>gmquo</strong></span> 
     </span>
     <span class='ocr_line' id='line_1_47' title="bbox 177 3990 624 4090; baseline 0.002 -20"><span class='ocrx_word' id='word_1_274' title='bbox 177 4022 232 4070; x_wconf 79' lang='lat' dir='ltr'><strong>aut</strong></span> <span class='ocrx_word' id='word_1_275' title='bbox 255 4034 398 4090; x_wconf 76' lang='lat' dir='ltr'><strong>praeceps</strong></span> <span class='ocrx_word' id='word_1_276' title='bbox 400 3990 554 4090; x_wconf 77' lang='lat' dir='ltr'><strong>periculo</strong></span> <span class='ocrx_word' id='word_1_277' title='bbox 582 4018 624 4072; x_wconf 83' lang='lat' dir='ltr'><strong>ui-</strong></span> 
     </span>
    </p>
   </div>
   <div class='ocr_carea' id='block_1_10' title="bbox 68 4101 624 4183">
    <p class='ocr_par' dir='ltr' id='par_1_13' title="bbox 68 4101 624 4183">
     <span class='ocr_line' id='line_1_48' title="bbox 68 4101 624 4183; baseline 0.002 -26"><span class='ocrx_word' id='word_1_278' title='bbox 68 4160 79 4183; x_wconf 53' lang='lat'><strong>·</strong></span> <span class='ocrx_word' id='word_1_279' title='bbox 178 4102 379 4161; x_wconf 59' lang='lat' dir='ltr'><strong>deduceret.-</strong></span> <span class='ocrx_word' id='word_1_280' title='bbox 372 4101 437 4160; x_wconf 86' lang='grc' dir='ltr'><strong>·ιΜ</strong></span> <span class='ocrx_word' id='word_1_281' title='bbox 455 4102 624 4173; x_wconf 76' lang='lat' dir='ltr'><strong>„nnehsich</strong></span> 
     </span>
    </p>
   </div>
   <div class='ocr_carea' id='block_1_11' title="bbox 707 3142 1015 3205">
    <p class='ocr_par' dir='ltr' id='par_1_14' title="bbox 707 3142 1015 3205">
     <span class='ocr_line' id='line_1_49' title="bbox 707 3142 1015 3205; baseline 0.003 -8"><span class='ocrx_word' id='word_1_282' title='bbox 707 3143 750 3200; x_wconf 78' lang='lat'><strong>15.</strong></span> <span class='ocrx_word' id='word_1_283' title='bbox 780 3145 865 3205; x_wconf 78' lang='lat' dir='ltr'><strong>uisus</strong></span> <span class='ocrx_word' id='word_1_284' title='bbox 888 3142 958 3202; x_wconf 79' lang='lat' dir='ltr'><strong>inde</strong></span> <span class='ocrx_word' id='word_1_285' title='bbox 981 3175 1015 3185; x_wconf 89' lang='lat'><em>-</em></span> 
     </span>
    </p>
   </div>
   <div class='ocr_carea' id='block_1_12' title="bbox 766 2882 1230 4172">
    <p class='ocr_par' dir='ltr' id='par_1_15' title="bbox 766 2882 1230 4172">
     <span class='ocr_line' id='line_1_50' title="bbox 778 2882 1228 2962; baseline 0 -24"><span class='ocrx_word' id='word_1_286' title='bbox 778 2903 846 2960; x_wconf 88' lang='lat' dir='ltr'><strong>pore</strong></span> <span class='ocrx_word' id='word_1_287' title='bbox 855 2883 1001 2961; x_wconf 79' lang='lat' dir='ltr'><strong>longinquo</strong></span> <span class='ocrx_word' id='word_1_288' title='bbox 1013 2893 1063 2962; x_wconf 84' lang='lat' dir='ltr'><strong>cet.</strong></span> <span class='ocrx_word' id='word_1_289' title='bbox 1082 2883 1113 2940; x_wconf 91' lang='lat' dir='ltr'><strong>ln</strong></span> <span class='ocrx_word' id='word_1_290' title='bbox 1124 2882 1201 2942; x_wconf 79' lang='lat' dir='ltr'><strong>Leid.</strong></span> <span class='ocrx_word' id='word_1_291' title='bbox 1211 2904 1228 2938; x_wconf 91' lang='grc' dir='ltr'><strong>ι.</strong></span> 
     </span>
     <span class='ocr_line' id='line_1_51' title="bbox 779 2969 1227 3050; baseline 0.009 -25"><span class='ocrx_word' id='word_1_292' title='bbox 779 2970 880 3027; x_wconf 81' lang='lat' dir='ltr'><strong>excidit</strong></span> <span class='ocrx_word' id='word_1_293' title='bbox 889 2974 1031 3050; x_wconf 84' lang='lat' dir='ltr'><strong>periculo.</strong></span> <span class='ocrx_word' id='word_1_294' title='bbox 1043 3004 1076 3012; x_wconf 93' lang='lat'><em>-</em></span> <span class='ocrx_word' id='word_1_295' title='bbox 1089 2970 1149 3029; x_wconf 75' lang='lat' dir='ltr'><strong>Pllt</strong></span> <span class='ocrx_word' id='word_1_296' title='bbox 1162 2969 1227 3023; x_wconf 78' lang='lat' dir='ltr'><strong>duci</strong></span> 
     </span>
     <span class='ocr_line' id='line_1_52' title="bbox 778 3054 1206 3132; baseline 0.005 -21"><span class='ocrx_word' id='word_1_297' title='bbox 778 3077 809 3111; x_wconf 87' lang='lat' dir='ltr'><strong>se</strong></span> <span class='ocrx_word' id='word_1_298' title='bbox 827 3057 960 3132; x_wconf 85' lang='lat' dir='ltr'><strong>externplo</strong></span> <span class='ocrx_word' id='word_1_299' title='bbox 980 3059 1014 3116; x_wconf 78' lang='lat' dir='ltr'><strong>ad</strong></span> <span class='ocrx_word' id='word_1_300' title='bbox 1033 3062 1104 3123; x_wconf 62' lang='lat' dir='ltr'><strong>coss.</strong></span> <span class='ocrx_word' id='word_1_301' title='bbox 1123 3054 1206 3113; x_wconf 88' lang='lat' dir='ltr'><strong>iubet.</strong></span> 
     </span>
     <span class='ocr_line' id='line_1_53' title="bbox 1038 3143 1227 3203; baseline -0.005 -4"><span class='ocrx_word' id='word_1_302' title='bbox 1038 3143 1126 3201; x_wconf 77' lang='lat' dir='ltr'><strong>haud</strong></span> <span class='ocrx_word' id='word_1_303' title='bbox 1145 3163 1227 3203; x_wconf 80' lang='lat' dir='ltr'><strong>uuna</strong></span> 
     </span>
     <span class='ocr_line' id='line_1_54' title="bbox 775 3228 1225 3302; baseline -0.004 -16"><span class='ocrx_word' id='word_1_304' title='bbox 775 3229 910 3302; x_wconf 79' lang='lat' dir='ltr'><strong>adferre.</strong></span> <span class='ocrx_word' id='word_1_305' title='bbox 924 3263 954 3271; x_wconf 81' lang='lat'>—</span> <span class='ocrx_word' id='word_1_306' title='bbox 969 3229 998 3287; x_wconf 88' lang='grc' dir='ltr'><strong>Μ</strong></span> <span class='ocrx_word' id='word_1_307' title='bbox 1016 3234 1050 3290; x_wconf 87' lang='lat' dir='ltr'><strong>iu.</strong></span> <span class='ocrx_word' id='word_1_308' title='bbox 1069 3232 1095 3293; x_wconf 76' lang='lat'><strong>2.</strong></span> <span class='ocrx_word' id='word_1_309' title='bbox 1114 3228 1225 3288; x_wconf 76' lang='lat' dir='ltr'><strong>preli:</strong></span> 
     </span>
     <span class='ocr_line' id='line_1_55' title="bbox 776 3317 1224 3394; baseline -0.004 -20"><span class='ocrx_word' id='word_1_310' title='bbox 776 3319 865 3375; x_wconf 83' lang='lat' dir='ltr'><strong>iussus</strong></span> <span class='ocrx_word' id='word_1_311' title='bbox 875 3317 939 3372; x_wconf 85' lang='lat' dir='ltr'><strong>inde</strong></span> <span class='ocrx_word' id='word_1_312' title='bbox 949 3337 1009 3373; x_wconf 86' lang='lat' dir='ltr'><strong>eum</strong></span> <span class='ocrx_word' id='word_1_313' title='bbox 1020 3337 1135 3394; x_wconf 84' lang='lat' dir='ltr'><strong>quonam</strong></span> <span class='ocrx_word' id='word_1_314' title='bbox 1143 3318 1224 3383; x_wconf 84' lang='lat' dir='ltr'><strong>modo</strong></span> 
     </span>
     <span class='ocr_line' id='line_1_56' title="bbox 774 3405 1230 3483; baseline -0.004 -21"><span class='ocrx_word' id='word_1_315' title='bbox 774 3405 803 3462; x_wconf 90' lang='lat' dir='ltr'><strong>id</strong></span> <span class='ocrx_word' id='word_1_316' title='bbox 822 3413 1004 3483; x_wconf 76' lang='lat' dir='ltr'><strong>praestaturus</strong></span> <span class='ocrx_word' id='word_1_317' title='bbox 1024 3415 1096 3461; x_wconf 88' lang='lat' dir='ltr'><strong>esset</strong></span> <span class='ocrx_word' id='word_1_318' title='bbox 1109 3412 1230 3483; x_wconf 83' lang='lat' dir='ltr'><strong>percon-¹</strong></span> 
     </span>
     <span class='ocr_line' id='line_1_57' title="bbox 775 3492 1223 3550; baseline 0.002 -2"><span class='ocrx_word' id='word_1_319' title='bbox 775 3503 877 3549; x_wconf 74' lang='lat' dir='ltr'><strong>etentes</strong></span> <span class='ocrx_word' id='word_1_320' title='bbox 890 3494 999 3549; x_wconf 89' lang='lat' dir='ltr'><strong>doceret</strong></span> <span class='ocrx_word' id='word_1_321' title='bbox 1011 3493 1082 3550; x_wconf 76' lang='lat' dir='ltr'><strong>haud</strong></span> <span class='ocrx_word' id='word_1_322' title='bbox 1095 3513 1165 3549; x_wconf 81' lang='lat' dir='ltr'><strong>unna</strong></span> <span class='ocrx_word' id='word_1_323' title='bbox 1178 3492 1223 3549; x_wconf 79' lang='lat' dir='ltr'><strong>ad·</strong></span> 
     </span>
     <span class='ocr_line' id='line_1_58' title="bbox 773 3581 1223 3657; baseline 0.002 -21"><span class='ocrx_word' id='word_1_324' title='bbox 773 3581 853 3640; x_wconf 85' lang='lat' dir='ltr'><strong>ferre.</strong></span> <span class='ocrx_word' id='word_1_325' title='bbox 867 3613 901 3622; x_wconf 83' lang='lat'><strong>-—</strong></span> <span class='ocrx_word' id='word_1_326' title='bbox 913 3581 940 3636; x_wconf 83' lang='lat' dir='ltr'><strong>tl</strong></span> <span class='ocrx_word' id='word_1_327' title='bbox 953 3602 987 3639; x_wconf 88' lang='lat' dir='ltr'><strong>m.</strong></span> <span class='ocrx_word' id='word_1_328' title='bbox 1001 3585 1039 3639; x_wconf 62' lang='lat' dir='ltr'><strong>t:</strong></span> <span class='ocrx_word' id='word_1_329' title='bbox 1057 3601 1118 3637; x_wconf 86' lang='lat' dir='ltr'><strong>oum</strong></span> <span class='ocrx_word' id='word_1_330' title='bbox 1131 3581 1223 3657; x_wconf 73' lang='lat' dir='ltr'><strong>quon}</strong></span> 
     </span>
     <span class='ocr_line' id='line_1_59' title="bbox 772 3667 1222 3747; baseline 0.004 -25"><span class='ocrx_word' id='word_1_331' title='bbox 772 3667 834 3723; x_wconf 77' lang='lat' dir='ltr'><strong>darn</strong></span> <span class='ocrx_word' id='word_1_332' title='bbox 852 3669 942 3724; x_wconf 86' lang='lat' dir='ltr'><strong>modo.</strong></span> <span class='ocrx_word' id='word_1_333' title='bbox 961 3700 994 3708; x_wconf 88' lang='lat'><strong>-—</strong></span> <span class='ocrx_word' id='word_1_334' title='bbox 1012 3668 1052 3724; x_wconf 80' lang='lat' dir='ltr'><strong>tl:</strong></span> <span class='ocrx_word' id='word_1_335' title='bbox 1072 3689 1158 3747; x_wconf 86' lang='lat' dir='ltr'><strong>prope</strong></span> <span class='ocrx_word' id='word_1_336' title='bbox 1177 3669 1222 3724; x_wconf 85' lang='lat' dir='ltr'><strong>ad·</strong></span> 
     </span>
     <span class='ocr_line' id='line_1_60' title="bbox 770 3755 1219 3814; baseline 0 -4"><span class='ocrx_word' id='word_1_337' title='bbox 770 3756 860 3811; x_wconf 85' lang='lat' dir='ltr'><strong>iuncta</strong></span> <span class='ocrx_word' id='word_1_338' title='bbox 879 3757 977 3813; x_wconf 85' lang='lat' dir='ltr'><strong>menib.</strong></span> <span class='ocrx_word' id='word_1_339' title='bbox 990 3788 1024 3797; x_wconf 93' lang='lat'>-</span> <span class='ocrx_word' id='word_1_340' title='bbox 1043 3755 1065 3810; x_wconf 94' lang='lat' dir='ltr'>P</span> <span class='ocrx_word' id='word_1_341' title='bbox 1083 3776 1120 3811; x_wconf 89' lang='grc' dir='ltr'><strong>ιιι.</strong></span> <span class='ocrx_word' id='word_1_342' title='bbox 1139 3759 1166 3814; x_wconf 65' lang='lat' dir='ltr'><strong>‘t</strong></span> <span class='ocrx_word' id='word_1_343' title='bbox 1178 3756 1219 3812; x_wconf 83' lang='lat' dir='ltr'><strong>tl:</strong></span> 
     </span>
     <span class='ocr_line' id='line_1_61' title="bbox 769 3842 1219 3918; baseline 0.009 -20"><span class='ocrx_word' id='word_1_344' title='bbox 769 3852 799 3898; x_wconf 90' lang='lat' dir='ltr'><strong>ut</strong></span> <span class='ocrx_word' id='word_1_345' title='bbox 817 3863 843 3898; x_wconf 89' lang='lat' dir='ltr'><strong>vr</strong></span> <span class='ocrx_word' id='word_1_346' title='bbox 862 3848 909 3901; x_wconf 86' lang='lat' dir='ltr'><strong>rnrt</strong></span> <span class='ocrx_word' id='word_1_347' title='bbox 927 3844 960 3898; x_wconf 79' lang='lat' dir='ltr'><strong>ab</strong></span> <span class='ocrx_word' id='word_1_348' title='bbox 979 3842 1081 3918; x_wconf 88' lang='lat' dir='ltr'><strong>oppido</strong></span> <span class='ocrx_word' id='word_1_349' title='bbox 1098 3865 1219 3903; x_wconf 83' lang='lat' dir='ltr'><strong>remoue·</strong></span> 
     </span>
     <span class='ocr_line' id='line_1_62' title="bbox 768 3931 1217 4009; baseline 0.013 -26"><span class='ocrx_word' id='word_1_350' title='bbox 768 3938 869 3989; x_wconf 85' lang='lat' dir='ltr'><strong>rentur.</strong></span> <span class='ocrx_word' id='word_1_351' title='bbox 897 3931 918 3987; x_wconf 91' lang='lat' dir='ltr'><strong>P</strong></span> <span class='ocrx_word' id='word_1_352' title='bbox 937 3950 971 3989; x_wconf 88' lang='lat' dir='ltr'><strong>m.</strong></span> <span class='ocrx_word' id='word_1_353' title='bbox 991 3935 1032 3989; x_wconf 85' lang='lat'><strong>1.:</strong></span> <span class='ocrx_word' id='word_1_354' title='bbox 1051 3931 1084 3986; x_wconf 83' lang='lat' dir='ltr'><strong>ad</strong></span> <span class='ocrx_word' id='word_1_355' title='bbox 1104 3933 1217 4009; x_wconf 86' lang='lat' dir='ltr'><strong>oppido.</strong></span> 
     </span>
     <span class='ocr_line' id='line_1_63' title="bbox 767 4017 1218 4076; baseline 0.011 -5"><span class='ocrx_word' id='word_1_356' title='bbox 767 4048 802 4059; x_wconf 90' lang='lat'><strong>·-</strong></span> <span class='ocrx_word' id='word_1_357' title='bbox 824 4017 859 4074; x_wconf 87' lang='lat' dir='ltr'><strong>P:</strong></span> <span class='ocrx_word' id='word_1_358' title='bbox 887 4017 944 4074; x_wconf 81' lang='lat' dir='ltr'><strong>sore</strong></span> <span class='ocrx_word' id='word_1_359' title='bbox 962 4027 992 4073; x_wconf 85' lang='lat' dir='ltr'><strong>ut</strong></span> <span class='ocrx_word' id='word_1_360' title='bbox 1008 4019 1097 4075; x_wconf 86' lang='lat' dir='ltr'><strong>minus</strong></span> <span class='ocrx_word' id='word_1_361' title='bbox 1114 4021 1218 4076; x_wconf 82' lang='lat' dir='ltr'><strong>intenta</strong></span> 
     </span>
     <span class='ocr_line' id='line_1_64' title="bbox 766 4104 1038 4172; baseline 0.007 -11"><span class='ocrx_word' id='word_1_362' title='bbox 766 4104 795 4161; x_wconf 89' lang='lat' dir='ltr'><strong>in</strong></span> <span class='ocrx_word' id='word_1_363' title='bbox 814 4105 969 4172; x_wconf 79' lang='lat' dir='ltr'><strong>custodium</strong></span> <span class='ocrx_word' id='word_1_364' title='bbox 986 4114 1038 4164; x_wconf 84' lang='lat' dir='ltr'><strong>eet.</strong></span> 
     </span>
    </p>
   </div>
   <div class='ocr_carea' id='block_1_13' title="bbox 0 0 1314 4590">
    <p class='ocr_par' dir='ltr' id='par_1_16' title="bbox 0 0 1314 4590">
     <span class='ocr_line' id='line_1_65' title="bbox 0 0 1314 4590; baseline 0 11"><span class='ocrx_word' id='word_1_365' title='bbox 0 0 1314 4590; x_wconf 95' lang='lat' dir='ltr'><strong> </strong></span> 
     </span>
    </p>
   </div>
  </div>
 </body>
</html>
