<?xml version="1.0" encoding="UTF-8"?>
<!DOCTYPE html PUBLIC "-//W3C//DTD XHTML 1.0 Transitional//EN"
    "http://www.w3.org/TR/xhtml1/DTD/xhtml1-transitional.dtd">
<html xmlns="http://www.w3.org/1999/xhtml" xml:lang="en" lang="en">
 <head>
  <title>
</title>
<meta http-equiv="Content-Type" content="text/html;charset=utf-8" />
  <meta name='ocr-system' content='tesseract 3.04.00' />
  <meta name='ocr-capabilities' content='ocr_page ocr_carea ocr_par ocr_line ocrx_word'/>
</head>
<body>
  <div class='ocr_page' id='page_1' title='image "./titilivirerumro01alscgoog_0086.png"; bbox 0 0 2618 4590; ppageno 0'>
   <div class='ocr_carea' id='block_1_1' title="bbox 511 240 1143 347">
    <p class='ocr_par' dir='ltr' id='par_1_1' title="bbox 511 240 1143 347">
     <span class='ocr_line' id='line_1_1' title="bbox 511 240 1143 347; baseline 0.005 -29"><span class='ocrx_word' id='word_1_1' title='bbox 511 259 620 319; x_wconf 81' lang='lat' dir='ltr'><strong>arran</strong></span> <span class='ocrx_word' id='word_1_2' title='bbox 636 260 682 321; x_wconf 88' lang='lat' dir='ltr'><strong>u.</strong></span> <span class='ocrx_word' id='word_1_3' title='bbox 1006 240 1017 347; x_wconf 73' lang='lat' dir='ltr'><em>j</em></span> <span class='ocrx_word' id='word_1_4' title='bbox 1100 254 1143 325; x_wconf 81' lang='lat'><strong>67</strong></span> 
     </span>
    </p>
   </div>
   <div class='ocr_carea' id='block_1_2' title="bbox 44 420 1240 727">
    <p class='ocr_par' dir='ltr' id='par_1_2' title="bbox 44 420 1240 727">
     <span class='ocr_line' id='line_1_2' title="bbox 45 420 1146 514; baseline 0.006 -24"><span class='ocrx_word' id='word_1_5' title='bbox 45 423 196 514; x_wconf 89' lang='lat' dir='ltr'><strong>pitolium·</strong></span> <span class='ocrx_word' id='word_1_6' title='bbox 212 443 279 489; x_wconf 90' lang='lat' dir='ltr'><strong>non</strong></span> <span class='ocrx_word' id='word_1_7' title='bbox 301 431 402 503; x_wconf 76' lang='lat' dir='ltr'><strong>asset,</strong></span> <span class='ocrx_word' id='word_1_8' title='bbox 431 420 601 488; x_wconf 84' lang='lat' dir='ltr'><strong>concilium</strong></span> <span class='ocrx_word' id='word_1_9' title='bbox 621 422 732 513; x_wconf 91' lang='lat' dir='ltr'><strong>populi</strong></span> <span class='ocrx_word' id='word_1_10' title='bbox 754 423 905 492; x_wconf 87' lang='lat' dir='ltr'><strong>indictum</strong></span> <span class='ocrx_word' id='word_1_11' title='bbox 927 439 986 495; x_wconf 82' lang='lat' dir='ltr'><strong>est</strong></span> <span class='ocrx_word' id='word_1_12' title='bbox 1022 428 1065 496; x_wconf 92' lang='lat' dir='ltr'><strong>ibi</strong></span> <span class='ocrx_word' id='word_1_13' title='bbox 1088 429 1146 497; x_wconf 85' lang='lat' dir='ltr'><strong>eri·</strong></span> 
     </span>
     <span class='ocr_line' id='line_1_3' title="bbox 44 525 1240 623; baseline 0.005 -28"><span class='ocrx_word' id='word_1_14' title='bbox 44 552 121 595; x_wconf 90' lang='lat' dir='ltr'><strong>men</strong></span> <span class='ocrx_word' id='word_1_15' title='bbox 143 526 243 594; x_wconf 90' lang='lat' dir='ltr'><strong>valuit</strong></span> <span class='ocrx_word' id='word_1_16' title='bbox 265 536 298 591; x_wconf 89' lang='lat' dir='ltr'><strong>et</strong></span> <span class='ocrx_word' id='word_1_17' title='bbox 321 525 483 592; x_wconf 87' lang='lat' dir='ltr'><strong>obstinatis</strong></span> <span class='ocrx_word' id='word_1_18' title='bbox 511 525 623 592; x_wconf 89' lang='lat' dir='ltr'><strong>animis</strong></span> <span class='ocrx_word' id='word_1_19' title='bbox 650 526 739 594; x_wconf 90' lang='lat' dir='ltr'><strong>triste</strong></span> <span class='ocrx_word' id='word_1_20' title='bbox 766 528 916 596; x_wconf 87' lang='lat' dir='ltr'><strong>iudicium</strong></span> <span class='ocrx_word' id='word_1_21' title='bbox 942 530 1144 623; x_wconf 85' lang='lat' dir='ltr'><strong>invisumque</strong></span> <span class='ocrx_word' id='word_1_22' title='bbox 1234 529 1240 542; x_wconf 76' lang='grc'><strong><em>’</em></strong></span> 
     </span>
     <span class='ocr_line' id='line_1_4' title="bbox 47 629 1143 727; baseline 0.005 -28"><span class='ocrx_word' id='word_1_23' title='bbox 47 632 146 699; x_wconf 87' lang='lat' dir='ltr'><strong>etiam</strong></span> <span class='ocrx_word' id='word_1_24' title='bbox 173 629 329 696; x_wconf 86' lang='lat' dir='ltr'><strong>iudicibus</strong></span> <span class='ocrx_word' id='word_1_25' title='bbox 357 630 486 697; x_wconf 84' lang='lat' dir='ltr'><strong>lactum.</strong></span> <span class='ocrx_word' id='word_1_26' title='bbox 528 642 603 697; x_wconf 91' lang='lat' dir='ltr'><strong>sunt</strong></span> <span class='ocrx_word' id='word_1_27' title='bbox 632 631 687 721; x_wconf 85' lang='lat' dir='ltr'><strong>qui</strong></span> <span class='ocrx_word' id='word_1_28' title='bbox 713 655 772 722; x_wconf 89' lang='lat' dir='ltr'><strong>per</strong></span> <span class='ocrx_word' id='word_1_29' title='bbox 794 634 991 718; x_wconf 90' lang='lat' dir='ltr'><strong>duumviros,</strong></span> <span class='ocrx_word' id='word_1_30' title='bbox 1024 637 1078 727; x_wconf 90' lang='lat' dir='ltr'><strong>qui</strong></span> <span class='ocrx_word' id='word_1_31' title='bbox 1101 637 1143 705; x_wconf 90' lang='lat' dir='ltr'><strong>de</strong></span> 
     </span>
    </p>
   </div>
   <div class='ocr_carea' id='block_1_3' title="bbox 43 735 1243 826">
    <p class='ocr_par' dir='ltr' id='par_1_3' title="bbox 43 735 1243 826">
     <span class='ocr_line' id='line_1_5' title="bbox 43 735 1243 826; baseline 0.006 -24"><span class='ocrx_word' id='word_1_32' title='bbox 43 735 265 826; x_wconf 86' lang='lat' dir='ltr'><strong>perduellione</strong></span> <span class='ocrx_word' id='word_1_33' title='bbox 288 735 503 825; x_wconf 78' lang='lat' dir='ltr'>anquirerent,</span> <span class='ocrx_word' id='word_1_34' title='bbox 536 747 660 804; x_wconf 88' lang='lat' dir='ltr'><strong>creatos</strong></span> <span class='ocrx_word' id='word_1_35' title='bbox 688 749 835 804; x_wconf 81' lang='lat' dir='ltr'><strong>auctores</strong></span> <span class='ocrx_word' id='word_1_36' title='bbox 863 736 927 804; x_wconf 85' lang='lat' dir='ltr'><strong>sint</strong></span> <span class='ocrx_word' id='word_1_37' title='bbox 953 739 1143 809; x_wconf 87' lang='lat' dir='ltr'><strong>damnatum</strong></span> <span class='ocrx_word' id='word_1_38' title='bbox 1239 808 1243 817; x_wconf 84' lang='grc'>,</span> 
     </span>
    </p>
   </div>
   <div class='ocr_carea' id='block_1_4' title="bbox 18 839 1207 1036">
    <p class='ocr_par' dir='ltr' id='par_1_4' title="bbox 18 839 1207 1036">
     <span class='ocr_line' id='line_1_6' title="bbox 18 839 1207 932; baseline 0.007 -25"><span class='ocrx_word' id='word_1_39' title='bbox 18 841 164 915; x_wconf 74' lang='lat' dir='ltr'><strong>,tribuni</strong></span> <span class='ocrx_word' id='word_1_40' title='bbox 183 842 222 906; x_wconf 88' lang='lat' dir='ltr'><strong>de</strong></span> <span class='ocrx_word' id='word_1_41' title='bbox 244 864 320 907; x_wconf 85' lang='lat' dir='ltr'><strong>saxo</strong></span> <span class='ocrx_word' id='word_1_42' title='bbox 344 839 482 929; x_wconf 81' lang='lat' dir='ltr'><strong>Tarpeio</strong></span> <span class='ocrx_word' id='word_1_43' title='bbox 506 841 703 923; x_wconf 85' lang='lat' dir='ltr'><strong>deiecerunt,</strong></span> <span class='ocrx_word' id='word_1_44' title='bbox 729 840 886 932; x_wconf 85' lang='lat' dir='ltr'><strong>locusque</strong></span> <span class='ocrx_word' id='word_1_45' title='bbox 914 841 999 907; x_wconf 90' lang='lat' dir='ltr'><strong>idem</strong></span> <span class='ocrx_word' id='word_1_46' title='bbox 1025 843 1058 908; x_wconf 89' lang='lat' dir='ltr'><strong>in</strong></span> <span class='ocrx_word' id='word_1_47' title='bbox 1078 860 1207 915; x_wconf 86' lang='lat' dir='ltr'><strong>un05&#39;</strong></span> 
     </span>
     <span class='ocr_line' id='line_1_7' title="bbox 44 944 1146 1036; baseline 0.005 -25"><span class='ocrx_word' id='word_1_48' title='bbox 44 946 175 1013; x_wconf 87' lang='lat' dir='ltr'><strong>homine</strong></span> <span class='ocrx_word' id='word_1_49' title='bbox 197 956 229 1012; x_wconf 89' lang='lat' dir='ltr'><strong>et</strong></span> <span class='ocrx_word' id='word_1_50' title='bbox 251 944 385 1012; x_wconf 79' lang='lat' dir='ltr'>eximiae</span> <span class='ocrx_word' id='word_1_51' title='bbox 406 944 525 1033; x_wconf 81' lang='lat' dir='ltr'><strong>gloriae</strong></span> <span class='ocrx_word' id='word_1_52' title='bbox 547 957 792 1014; x_wconf 83' lang='lat' dir='ltr'><strong>monumentum</strong></span> <span class='ocrx_word' id='word_1_53' title='bbox 814 957 847 1014; x_wconf 87' lang='lat' dir='ltr'><strong>et</strong></span> <span class='ocrx_word' id='word_1_54' title='bbox 867 970 992 1036; x_wconf 89' lang='lat' dir='ltr'><strong>poenae</strong></span> <span class='ocrx_word' id='word_1_55' title='bbox 1015 946 1146 1016; x_wconf 90' lang='lat' dir='ltr'><strong>ultimao</strong></span> 
     </span>
    </p>
   </div>
   <div class='ocr_carea' id='block_1_5' title="bbox 111 1126 560 2231">
    <p class='ocr_par' dir='ltr' id='par_1_5' title="bbox 111 1126 560 2231">
     <span class='ocr_line' id='line_1_8' title="bbox 113 1126 559 1207; baseline -0.002 -21"><span class='ocrx_word' id='word_1_56' title='bbox 113 1129 223 1207; x_wconf 82' lang='lat' dir='ltr'><strong>quidem</strong></span> <span class='ocrx_word' id='word_1_57' title='bbox 240 1130 328 1186; x_wconf 84' lang='lat' dir='ltr'><strong>omnia</strong></span> <span class='ocrx_word' id='word_1_58' title='bbox 345 1126 489 1185; x_wconf 85' lang='lat' dir='ltr'><strong>rlilliaultas</strong></span> <span class='ocrx_word' id='word_1_59' title='bbox 508 1129 559 1186; x_wconf 91' lang='lat' dir='ltr'><strong>tol·</strong></span> 
     </span>
     <span class='ocr_line' id='line_1_9' title="bbox 113 1215 558 1274; baseline 0 -2"><span class='ocrx_word' id='word_1_60' title='bbox 113 1215 185 1274; x_wconf 88' lang='lat' dir='ltr'><strong>litur.</strong></span> <span class='ocrx_word' id='word_1_61' title='bbox 217 1236 278 1272; x_wconf 91' lang='lat' dir='ltr'><strong>cum</strong></span> <span class='ocrx_word' id='word_1_62' title='bbox 297 1219 366 1272; x_wconf 87' lang='lat' dir='ltr'><strong>enim</strong></span> <span class='ocrx_word' id='word_1_63' title='bbox 388 1215 464 1273; x_wconf 86' lang='lat' dir='ltr'><strong>lucus</strong></span> <span class='ocrx_word' id='word_1_64' title='bbox 482 1215 558 1272; x_wconf 88' lang='lat' dir='ltr'><strong>Pete·</strong></span> 
     </span>
     <span class='ocr_line' id='line_1_10' title="bbox 111 1302 558 1380; baseline 0 -21"><span class='ocrx_word' id='word_1_65' title='bbox 111 1302 184 1359; x_wconf 89' lang='lat' dir='ltr'><strong>linus</strong></span> <span class='ocrx_word' id='word_1_66' title='bbox 197 1304 226 1358; x_wconf 90' lang='lat' dir='ltr'><strong>in</strong></span> <span class='ocrx_word' id='word_1_67' title='bbox 237 1302 367 1380; x_wconf 78' lang='lat' dir='ltr'><strong>Esquiliis</strong></span> <span class='ocrx_word' id='word_1_68' title='bbox 379 1302 468 1371; x_wconf 84' lang='lat' dir='ltr'><strong>luerit,</strong></span> <span class='ocrx_word' id='word_1_69' title='bbox 484 1302 558 1380; x_wconf 84' lang='lat' dir='ltr'><strong>quod</strong></span> 
     </span>
     <span class='ocr_line' id='line_1_11' title="bbox 111 1389 558 1458; baseline -0.007 -10"><span class='ocrx_word' id='word_1_70' title='bbox 111 1389 198 1448; x_wconf 82' lang='lat' dir='ltr'><strong>Varro</strong></span> <span class='ocrx_word' id='word_1_71' title='bbox 216 1389 251 1446; x_wconf 90' lang='lat' dir='ltr'><strong>de</strong></span> <span class='ocrx_word' id='word_1_72' title='bbox 268 1389 286 1448; x_wconf 92' lang='lat' dir='ltr'><strong>l.</strong></span> <span class='ocrx_word' id='word_1_73' title='bbox 305 1389 323 1449; x_wconf 89' lang='lat' dir='ltr'><strong>l.</strong></span> <span class='ocrx_word' id='word_1_74' title='bbox 341 1393 373 1458; x_wconf 83' lang='lat'><strong>5,</strong></span> <span class='ocrx_word' id='word_1_75' title='bbox 391 1392 435 1448; x_wconf 84' lang='lat'><strong>50.</strong></span> <span class='ocrx_word' id='word_1_76' title='bbox 457 1410 490 1445; x_wconf 86' lang='lat' dir='ltr'><strong>ex</strong></span> <span class='ocrx_word' id='word_1_77' title='bbox 507 1391 558 1446; x_wconf 84' lang='lat' dir='ltr'><strong>Ar·</strong></span> 
     </span>
     <span class='ocr_line' id='line_1_12' title="bbox 112 1476 559 1555; baseline -0.002 -21"><span class='ocrx_word' id='word_1_78' title='bbox 112 1497 223 1553; x_wconf 82' lang='lat' dir='ltr'><strong>georum</strong></span> <span class='ocrx_word' id='word_1_79' title='bbox 231 1476 559 1555; x_wconf 83' lang='lat' dir='ltr'><strong>sacrisralert„Gespius</strong></span> 
     </span>
     <span class='ocr_line' id='line_1_13' title="bbox 112 1562 558 1642; baseline 0 -20"><span class='ocrx_word' id='word_1_80' title='bbox 112 1585 191 1622; x_wconf 83' lang='lat' dir='ltr'><strong>mous</strong></span> <span class='ocrx_word' id='word_1_81' title='bbox 221 1565 372 1642; x_wconf 83' lang='lat' dir='ltr'><strong>quintieepa</strong></span> <span class='ocrx_word' id='word_1_82' title='bbox 400 1567 438 1621; x_wconf 86' lang='lat' dir='ltr'><strong>ais</strong></span> <span class='ocrx_word' id='word_1_83' title='bbox 467 1562 558 1622; x_wconf 87' lang='lat' dir='ltr'><strong>lucum</strong></span> 
     </span>
     <span class='ocr_line' id='line_1_14' title="bbox 111 1650 558 1723; baseline -0.002 -13"><span class='ocrx_word' id='word_1_84' title='bbox 111 1651 283 1710; x_wconf 88' lang='lat' dir='ltr'><strong>Poetelium“</strong></span> <span class='ocrx_word' id='word_1_85' title='bbox 301 1655 312 1721; x_wconf 82' lang='lat'><strong>(</strong></span> <span class='ocrx_word' id='word_1_86' title='bbox 318 1651 360 1710; x_wconf 86' lang='lat' dir='ltr'><strong>ed.</strong></span> <span class='ocrx_word' id='word_1_87' title='bbox 378 1650 482 1723; x_wconf 71' lang='lat' dir='ltr'><strong>alat),</strong></span> <span class='ocrx_word' id='word_1_88' title='bbox 503 1672 558 1710; x_wconf 87' lang='lat' dir='ltr'><strong>nan</strong></span> 
     </span>
     <span class='ocr_line' id='line_1_15' title="bbox 111 1737 558 1818; baseline -0.004 -21"><span class='ocrx_word' id='word_1_89' title='bbox 111 1737 192 1797; x_wconf 84' lang='lat' dir='ltr'><strong>virleo</strong></span> <span class='ocrx_word' id='word_1_90' title='bbox 206 1741 253 1814; x_wconf 81' lang='lat' dir='ltr'><strong>qui</strong></span> <span class='ocrx_word' id='word_1_91' title='bbox 264 1737 310 1793; x_wconf 91' lang='lat' dir='ltr'><strong>ille</strong></span> <span class='ocrx_word' id='word_1_92' title='bbox 322 1737 398 1794; x_wconf 89' lang='lat' dir='ltr'><strong>lucus</strong></span> <span class='ocrx_word' id='word_1_93' title='bbox 410 1749 483 1796; x_wconf 85' lang='lat' dir='ltr'><strong>extra</strong></span> <span class='ocrx_word' id='word_1_94' title='bbox 496 1760 558 1818; x_wconf 90' lang='lat' dir='ltr'><strong>por·</strong></span> 
     </span>
     <span class='ocr_line' id='line_1_16' title="bbox 112 1824 560 1883; baseline 0.002 -1"><span class='ocrx_word' id='word_1_95' title='bbox 112 1835 170 1882; x_wconf 88' lang='lat' dir='ltr'><strong>tam</strong></span> <span class='ocrx_word' id='word_1_96' title='bbox 190 1824 385 1881; x_wconf 81' lang='lat' dir='ltr'><strong>Nomentanam</strong></span> <span class='ocrx_word' id='word_1_97' title='bbox 408 1826 477 1882; x_wconf 83' lang='lat' dir='ltr'><strong>situs</strong></span> <span class='ocrx_word' id='word_1_98' title='bbox 504 1825 560 1883; x_wconf 84' lang='lat' dir='ltr'><strong>diei</strong></span> 
     </span>
     <span class='ocr_line' id='line_1_17' title="bbox 112 1910 558 1988; baseline 0 -20"><span class='ocrx_word' id='word_1_99' title='bbox 112 1913 241 1988; x_wconf 87' lang='lat' dir='ltr'><strong>potuerit.</strong></span> <span class='ocrx_word' id='word_1_100' title='bbox 275 1910 343 1967; x_wconf 85' lang='lat' dir='ltr'><strong>haee</strong></span> <span class='ocrx_word' id='word_1_101' title='bbox 368 1913 450 1969; x_wconf 87' lang='lat' dir='ltr'><strong>etiam</strong></span> <span class='ocrx_word' id='word_1_102' title='bbox 479 1911 558 1969; x_wconf 84' lang='lat' dir='ltr'><strong>luerit</strong></span> 
     </span>
     <span class='ocr_line' id='line_1_18' title="bbox 115 1996 557 2064; baseline -0.002 -7"><span class='ocrx_word' id='word_1_103' title='bbox 115 2019 203 2064; x_wconf 88' lang='lat' dir='ltr'><strong>causa,</strong></span> <span class='ocrx_word' id='word_1_104' title='bbox 221 1996 416 2055; x_wconf 86' lang='lat' dir='ltr'><strong>eurNardinus</strong></span> <span class='ocrx_word' id='word_1_105' title='bbox 435 1999 506 2056; x_wconf 88' lang='lat' dir='ltr'><strong>hune</strong></span> <span class='ocrx_word' id='word_1_106' title='bbox 518 1998 557 2056; x_wconf 88' lang='lat' dir='ltr'><strong>lu·</strong></span> 
     </span>
     <span class='ocr_line' id='line_1_19' title="bbox 113 2083 557 2143; baseline 0.002 -2"><span class='ocrx_word' id='word_1_107' title='bbox 113 2105 174 2142; x_wconf 89' lang='lat' dir='ltr'><strong>aum</strong></span> <span class='ocrx_word' id='word_1_108' title='bbox 189 2087 217 2141; x_wconf 89' lang='lat' dir='ltr'><strong>iu</strong></span> <span class='ocrx_word' id='word_1_109' title='bbox 231 2083 356 2141; x_wconf 89' lang='lat' dir='ltr'><strong>Viminali</strong></span> <span class='ocrx_word' id='word_1_110' title='bbox 370 2085 454 2143; x_wconf 84' lang='lat' dir='ltr'><strong>fuisse</strong></span> <span class='ocrx_word' id='word_1_111' title='bbox 468 2089 557 2143; x_wconf 83' lang='lat' dir='ltr'><strong>conie-</strong></span> 
     </span>
     <span class='ocr_line' id='line_1_20' title="bbox 113 2170 557 2231; baseline 0.009 -4"><span class='ocrx_word' id='word_1_112' title='bbox 113 2173 188 2228; x_wconf 87' lang='lat' dir='ltr'><strong>carit.</strong></span> <span class='ocrx_word' id='word_1_113' title='bbox 206 2170 381 2229; x_wconf 88' lang='lat' dir='ltr'><strong>nihilominus</strong></span> <span class='ocrx_word' id='word_1_114' title='bbox 392 2183 482 2231; x_wconf 87' lang='lat' dir='ltr'><strong>tamea</strong></span> <span class='ocrx_word' id='word_1_115' title='bbox 494 2173 557 2231; x_wconf 89' lang='lat' dir='ltr'><strong>Plu-</strong></span> 
     </span>
    </p>
   </div>
   <div class='ocr_carea' id='block_1_6' title="bbox 110 2257 606 2334">
    <p class='ocr_par' dir='ltr' id='par_1_6' title="bbox 110 2257 606 2334">
     <span class='ocr_line' id='line_1_21' title="bbox 110 2257 606 2334; baseline 0.006 -20"><span class='ocrx_word' id='word_1_116' title='bbox 110 2257 232 2325; x_wconf 84' lang='lat' dir='ltr'><strong>tarchus,</strong></span> <span class='ocrx_word' id='word_1_117' title='bbox 255 2260 308 2334; x_wconf 75' lang='lat' dir='ltr'><strong>&#39;qui</strong></span> <span class='ocrx_word' id='word_1_118' title='bbox 334 2261 394 2315; x_wconf 89' lang='lat' dir='ltr'><strong>sine</strong></span> <span class='ocrx_word' id='word_1_119' title='bbox 421 2259 503 2317; x_wconf 89' lang='lat' dir='ltr'><strong>dubio</strong></span> <span class='ocrx_word' id='word_1_120' title='bbox 530 2272 558 2317; x_wconf 89' lang='lat' dir='ltr'><strong>at</strong></span> <span class='ocrx_word' id='word_1_121' title='bbox 602 2326 606 2333; x_wconf 33' lang='grc' dir='ltr'>Ι</span> 
     </span>
    </p>
   </div>
   <div class='ocr_carea' id='block_1_7' title="bbox 57 2343 557 4156">
    <p class='ocr_par' dir='ltr' id='par_1_7' title="bbox 57 2343 557 4156">
     <span class='ocr_line' id='line_1_22' title="bbox 109 2343 557 2405; baseline 0.007 -3"><span class='ocrx_word' id='word_1_122' title='bbox 109 2345 182 2403; x_wconf 87' lang='lat' dir='ltr'><strong>hune</strong></span> <span class='ocrx_word' id='word_1_123' title='bbox 208 2343 350 2403; x_wconf 80' lang='lat' dir='ltr'><strong>Liuianum</strong></span> <span class='ocrx_word' id='word_1_124' title='bbox 375 2345 466 2405; x_wconf 85' lang='lat' dir='ltr'><strong>locam</strong></span> <span class='ocrx_word' id='word_1_125' title='bbox 496 2358 557 2405; x_wconf 88' lang='lat' dir='ltr'><strong>ante</strong></span> 
     </span>
     <span class='ocr_line' id='line_1_23' title="bbox 111 2431 555 2503; baseline 0.009 -14"><span class='ocrx_word' id='word_1_126' title='bbox 111 2431 204 2499; x_wconf 60' lang='lat' dir='ltr'><strong>ocules</strong></span> <span class='ocrx_word' id='word_1_127' title='bbox 233 2432 346 2503; x_wconf 88' lang='lat' dir='ltr'><strong>babuit,</strong></span> <span class='ocrx_word' id='word_1_128' title='bbox 380 2436 410 2492; x_wconf 90' lang='lat' dir='ltr'><strong>in</strong></span> <span class='ocrx_word' id='word_1_129' title='bbox 439 2433 555 2493; x_wconf 91' lang='lat' dir='ltr'><strong>Camillo</strong></span> 
     </span>
     <span class='ocr_line' id='line_1_24' title="bbox 111 2520 556 2593; baseline 0.018 -18"><span class='ocrx_word' id='word_1_130' title='bbox 111 2541 134 2578; x_wconf 72' lang='lat' dir='ltr'><strong>a.</strong></span> <span class='ocrx_word' id='word_1_131' title='bbox 161 2522 205 2578; x_wconf 81' lang='lat'><strong>36.</strong></span> <span class='ocrx_word' id='word_1_132' title='bbox 231 2520 339 2576; x_wconf 78' lang='lat' dir='ltr'><strong>acribia:</strong></span> <span class='ocrx_word' id='word_1_133' title='bbox 365 2521 381 2579; x_wconf 83' lang='grc' dir='ltr'>ὁ</span> <span class='ocrx_word' id='word_1_134' title='bbox 408 2521 556 2593; x_wconf 53' lang='grc' dir='ltr'><strong>κάμινος</strong></span> 
     </span>
     <span class='ocr_line' id='line_1_25' title="bbox 108 2597 556 2682; baseline 0.013 -19"><span class='ocrx_word' id='word_1_135' title='bbox 108 2607 272 2682; x_wconf 61' lang='grc' dir='ltr'><strong>μενήτγαγεν</strong></span> <span class='ocrx_word' id='word_1_136' title='bbox 289 2597 344 2675; x_wconf 63' lang='grc' dir='ltr'><strong>’ἔξω</strong></span> <span class='ocrx_word' id='word_1_137' title='bbox 359 2607 448 2682; x_wconf 57' lang='lat' dir='ltr'><strong>aalma:</strong></span> <span class='ocrx_word' id='word_1_138' title='bbox 466 2610 496 2668; x_wconf 71' lang='lat' dir='ltr'><strong>tri</strong></span> <span class='ocrx_word' id='word_1_139' title='bbox 516 2622 556 2669; x_wconf 79' lang='grc' dir='ltr'><strong>δι·</strong></span> 
     </span>
     <span class='ocr_line' id='line_1_26' title="bbox 108 2693 556 2769; baseline 0.009 -18"><span class='ocrx_word' id='word_1_140' title='bbox 108 2693 265 2768; x_wconf 68' lang='grc' dir='ltr'><strong><em>ναστήριον</em></strong></span> <span class='ocrx_word' id='word_1_141' title='bbox 288 2697 328 2761; x_wconf 79' lang='grc' dir='ltr'><strong>εἷς</strong></span> <span class='ocrx_word' id='word_1_142' title='bbox 349 2695 382 2754; x_wconf 67' lang='lat' dir='ltr'><strong>at</strong></span> <span class='ocrx_word' id='word_1_143' title='bbox 399 2704 556 2769; x_wconf 61' lang='grc' dir='ltr'><strong><em>Πετηλῖνον</em></strong></span> 
     </span>
     <span class='ocr_line' id='line_1_27' title="bbox 110 2772 557 2849; baseline 0 -10"><span class='ocrx_word' id='word_1_144' title='bbox 110 2775 212 2848; x_wconf 61' lang='grc' dir='ltr'><strong>ἄλσος,</strong></span> <span class='ocrx_word' id='word_1_145' title='bbox 237 2772 310 2849; x_wconf 63' lang='lat' dir='ltr'><strong>&lt;lara</strong></span> <span class='ocrx_word' id='word_1_146' title='bbox 326 2782 384 2842; x_wconf 76' lang='lat' dir='ltr'><strong>orla</strong></span> <span class='ocrx_word' id='word_1_147' title='bbox 407 2776 486 2848; x_wconf 63' lang='grc' dir='ltr'><strong><em>ἔντος</em></strong></span> <span class='ocrx_word' id='word_1_148' title='bbox 504 2786 557 2841; x_wconf 60' lang='grc' dir='ltr'><strong>τοῦ</strong></span> 
     </span>
     <span class='ocr_line' id='line_1_28' title="bbox 108 2866 556 2938; baseline -0.007 -10"><span class='ocrx_word' id='word_1_149' title='bbox 108 2866 295 2929; x_wconf 64' lang='grc' dir='ltr'><strong>Κατιτωλῖου</strong></span> <span class='ocrx_word' id='word_1_150' title='bbox 318 2872 507 2938; x_wconf 61' lang='grc' dir='ltr'><strong><em>καταφανοῦς</em></strong></span> <span class='ocrx_word' id='word_1_151' title='bbox 527 2895 556 2930; x_wconf 81' lang='lat' dir='ltr'><strong>aa.</strong></span> 
     </span>
     <span class='ocr_line' id='line_1_29' title="bbox 109 2952 557 3032; baseline -0.004 -18"><span class='ocrx_word' id='word_1_152' title='bbox 109 2977 133 3014; x_wconf 79' lang='lat' dir='ltr'><strong>r.</strong></span> <span class='ocrx_word' id='word_1_153' title='bbox 162 2966 188 3013; x_wconf 71' lang='lat' dir='ltr'><strong>n.</strong></span> <span class='ocrx_word' id='word_1_154' title='bbox 218 2953 291 3010; x_wconf 86' lang='lat' dir='ltr'><strong>nulla</strong></span> <span class='ocrx_word' id='word_1_155' title='bbox 320 2952 431 3032; x_wconf 85' lang='lat' dir='ltr'><strong>quidem</strong></span> <span class='ocrx_word' id='word_1_156' title='bbox 463 2963 557 3032; x_wconf 84' lang='lat' dir='ltr'><strong>portae</strong></span> 
     </span>
     <span class='ocr_line' id='line_1_30' title="bbox 108 3040 557 3120; baseline 0.002 -21"><span class='ocrx_word' id='word_1_157' title='bbox 108 3044 195 3120; x_wconf 83' lang='lat' dir='ltr'><strong>ipsius</strong></span> <span class='ocrx_word' id='word_1_158' title='bbox 205 3043 340 3098; x_wconf 82' lang='lat' dir='ltr'><strong>mentione</strong></span> <span class='ocrx_word' id='word_1_159' title='bbox 352 3040 432 3100; x_wconf 86' lang='lat' dir='ltr'><strong>faeta.</strong></span> <span class='ocrx_word' id='word_1_160' title='bbox 449 3042 557 3116; x_wconf 76' lang='lat' dir='ltr'><strong>Quodsi</strong></span> 
     </span>
     <span class='ocr_line' id='line_1_31' title="bbox 110 3128 556 3205; baseline 0 -19"><span class='ocrx_word' id='word_1_161' title='bbox 110 3128 205 3187; x_wconf 79' lang='lat' dir='ltr'><strong>Livius</strong></span> <span class='ocrx_word' id='word_1_162' title='bbox 235 3139 324 3186; x_wconf 76' lang='lat' dir='ltr'><strong>extra</strong></span> <span class='ocrx_word' id='word_1_163' title='bbox 350 3138 470 3205; x_wconf 84' lang='lat' dir='ltr'><strong>portam</strong></span> <span class='ocrx_word' id='word_1_164' title='bbox 495 3130 556 3188; x_wconf 88' lang='grc' dir='ltr'><strong>Νο-</strong></span> 
     </span>
     <span class='ocr_line' id='line_1_32' title="bbox 110 3218 556 3294; baseline 0 -22"><span class='ocrx_word' id='word_1_165' title='bbox 110 3227 278 3273; x_wconf 74' lang='lat' dir='ltr'><strong>montanam</strong></span> <span class='ocrx_word' id='word_1_166' title='bbox 297 3236 361 3274; x_wconf 82' lang='lat' dir='ltr'><strong>rere</strong></span> <span class='ocrx_word' id='word_1_167' title='bbox 382 3218 505 3294; x_wconf 76' lang='lat' dir='ltr'><strong>arripnit,</strong></span> <span class='ocrx_word' id='word_1_168' title='bbox 527 3219 556 3272; x_wconf 94' lang='lat' dir='ltr'><strong>iu</strong></span> 
     </span>
     <span class='ocr_line' id='line_1_33' title="bbox 112 3303 556 3381; baseline 0.002 -22"><span class='ocrx_word' id='word_1_169' title='bbox 112 3304 265 3360; x_wconf 86' lang='lat' dir='ltr'><strong>universum</strong></span> <span class='ocrx_word' id='word_1_170' title='bbox 288 3303 377 3360; x_wconf 82' lang='lat' dir='ltr'><strong>rideri</strong></span> <span class='ocrx_word' id='word_1_171' title='bbox 403 3313 494 3381; x_wconf 87' lang='lat' dir='ltr'><strong>potest</strong></span> <span class='ocrx_word' id='word_1_172' title='bbox 515 3303 556 3360; x_wconf 93' lang='lat' dir='ltr'><strong>lo·</strong></span> 
     </span>
     <span class='ocr_line' id='line_1_34' title="bbox 112 3389 556 3463; baseline 0 -17"><span class='ocrx_word' id='word_1_173' title='bbox 112 3408 172 3446; x_wconf 89' lang='lat' dir='ltr'><strong>eam</strong></span> <span class='ocrx_word' id='word_1_174' title='bbox 194 3391 344 3463; x_wconf 79' lang='lat' dir='ltr'><strong>significare</strong></span> <span class='ocrx_word' id='word_1_175' title='bbox 364 3389 483 3448; x_wconf 86' lang='lat' dir='ltr'><strong>valuisse</strong></span> <span class='ocrx_word' id='word_1_176' title='bbox 506 3411 556 3447; x_wconf 86' lang='lat' dir='ltr'><strong>nea</strong></span> 
     </span>
     <span class='ocr_line' id='line_1_35' title="bbox 110 3475 556 3555; baseline 0.004 -23"><span class='ocrx_word' id='word_1_177' title='bbox 110 3475 280 3549; x_wconf 79' lang='lat' dir='ltr'><strong>diligentiore</strong></span> <span class='ocrx_word' id='word_1_178' title='bbox 293 3477 474 3555; x_wconf 76' lang='lat' dir='ltr'><strong>descriptione</strong></span> <span class='ocrx_word' id='word_1_179' title='bbox 490 3497 556 3534; x_wconf 86' lang='lat' dir='ltr'><strong>usus</strong></span> 
     </span>
     <span class='ocr_line' id='line_1_36' title="bbox 110 3561 556 3640; baseline 0.007 -22"><span class='ocrx_word' id='word_1_180' title='bbox 110 3581 180 3631; x_wconf 86' lang='lat' dir='ltr'><strong>esse,</strong></span> <span class='ocrx_word' id='word_1_181' title='bbox 198 3561 271 3637; x_wconf 85' lang='lat' dir='ltr'><strong>quod</strong></span> <span class='ocrx_word' id='word_1_182' title='bbox 284 3563 464 3638; x_wconf 78' lang='lat' dir='ltr'><strong>Esquiliarum</strong></span> <span class='ocrx_word' id='word_1_183' title='bbox 482 3567 556 3640; x_wconf 81' lang='lat' dir='ltr'><strong>regio</strong></span> 
     </span>
     <span class='ocr_line' id='line_1_37' title="bbox 109 3648 556 3727; baseline 0.004 -21"><span class='ocrx_word' id='word_1_184' title='bbox 109 3648 164 3706; x_wconf 89' lang='lat' dir='ltr'><strong>late</strong></span> <span class='ocrx_word' id='word_1_185' title='bbox 181 3651 306 3727; x_wconf 83' lang='lat' dir='ltr'><strong>patuerit,</strong></span> <span class='ocrx_word' id='word_1_186' title='bbox 323 3659 350 3705; x_wconf 89' lang='lat' dir='ltr'><strong>et</strong></span> <span class='ocrx_word' id='word_1_187' title='bbox 362 3650 495 3726; x_wconf 80' lang='lat' dir='ltr'><strong>Augustae</strong></span> <span class='ocrx_word' id='word_1_188' title='bbox 514 3672 556 3707; x_wconf 89' lang='lat' dir='ltr'><strong>ae·</strong></span> 
     </span>
     <span class='ocr_line' id='line_1_38' title="bbox 109 3735 557 3815; baseline 0.007 -23"><span class='ocrx_word' id='word_1_189' title='bbox 109 3746 174 3804; x_wconf 89' lang='lat' dir='ltr'><strong>tate,</strong></span> <span class='ocrx_word' id='word_1_190' title='bbox 193 3756 246 3813; x_wconf 82' lang='lat' dir='ltr'><strong>qua</strong></span> <span class='ocrx_word' id='word_1_191' title='bbox 263 3738 292 3793; x_wconf 87' lang='lat' dir='ltr'><strong>ia</strong></span> <span class='ocrx_word' id='word_1_192' title='bbox 304 3738 344 3793; x_wconf 87' lang='lat' dir='ltr'><strong>eis</strong></span> <span class='ocrx_word' id='word_1_193' title='bbox 355 3735 423 3794; x_wconf 88' lang='lat' dir='ltr'><strong>loeis</strong></span> <span class='ocrx_word' id='word_1_194' title='bbox 435 3737 557 3815; x_wconf 86' lang='lat' dir='ltr'><strong>lrequea·</strong></span> 
     </span>
     <span class='ocr_line' id='line_1_39' title="bbox 110 3823 556 3902; baseline 0 -21"><span class='ocrx_word' id='word_1_195' title='bbox 110 3826 214 3881; x_wconf 84' lang='lat' dir='ltr'><strong>tissime</strong></span> <span class='ocrx_word' id='word_1_196' title='bbox 226 3823 405 3893; x_wconf 76' lang='lat' dir='ltr'><strong>habitabatur,</strong></span> <span class='ocrx_word' id='word_1_197' title='bbox 421 3827 467 3882; x_wconf 83' lang='lat' dir='ltr'><strong>vix</strong></span> <span class='ocrx_word' id='word_1_198' title='bbox 479 3824 556 3902; x_wconf 84' lang='lat' dir='ltr'><strong>quid·</strong></span> 
     </span>
     <span class='ocr_line' id='line_1_40' title="bbox 111 3908 555 3989; baseline 0.002 -22"><span class='ocrx_word' id='word_1_199' title='bbox 111 3932 193 3989; x_wconf 87' lang='lat' dir='ltr'><strong>quam</strong></span> <span class='ocrx_word' id='word_1_200' title='bbox 204 3908 311 3968; x_wconf 92' lang='lat' dir='ltr'><strong>illorum</strong></span> <span class='ocrx_word' id='word_1_201' title='bbox 322 3910 444 3967; x_wconf 83' lang='lat' dir='ltr'><strong>lucorum</strong></span> <span class='ocrx_word' id='word_1_202' title='bbox 462 3932 495 3967; x_wconf 88' lang='lat' dir='ltr'><strong>ex</strong></span> <span class='ocrx_word' id='word_1_203' title='bbox 510 3924 555 3968; x_wconf 88' lang='lat' dir='ltr'><strong>a&#39;n·</strong></span> 
     </span>
     <span class='ocr_line' id='line_1_41' title="bbox 57 3997 554 4078; baseline 0.004 -24"><span class='ocrx_word' id='word_1_204' title='bbox 57 4012 67 4029; x_wconf 92' lang='lat'><strong>·</strong></span> <span class='ocrx_word' id='word_1_205' title='bbox 111 3999 194 4074; x_wconf 84' lang='lat' dir='ltr'><strong>tiquis</strong></span> <span class='ocrx_word' id='word_1_206' title='bbox 207 4000 374 4076; x_wconf 75' lang='lat' dir='ltr'><strong>temporibus</strong></span> <span class='ocrx_word' id='word_1_207' title='bbox 386 3997 554 4078; x_wconf 80' lang='lat' dir='ltr'><strong>superfuerit.</strong></span> 
     </span>
     <span class='ocr_line' id='line_1_42' title="bbox 101 4083 554 4156; baseline 0 -15"><span class='ocrx_word' id='word_1_208' title='bbox 101 4083 157 4155; x_wconf 60' lang='lat' dir='ltr'><strong>,ct</strong></span> <span class='ocrx_word' id='word_1_209' title='bbox 170 4088 249 4144; x_wconf 86' lang='lat' dir='ltr'><strong>etiam</strong></span> <span class='ocrx_word' id='word_1_210' title='bbox 261 4090 288 4156; x_wconf 77' lang='grc'><strong>4,</strong></span> <span class='ocrx_word' id='word_1_211' title='bbox 301 4090 358 4147; x_wconf 81' lang='lat' dir='ltr'><strong>1o.:</strong></span> <span class='ocrx_word' id='word_1_212' title='bbox 376 4085 554 4143; x_wconf 69' lang='lat' dir='ltr'><strong>intimenius</strong></span> 
     </span>
    </p>
   </div>
   <div class='ocr_carea' id='block_1_8' title="bbox 645 1124 1146 1626">
    <p class='ocr_par' dir='ltr' id='par_1_8' title="bbox 699 1124 1146 1298">
     <span class='ocr_line' id='line_1_43' title="bbox 699 1124 1146 1209; baseline 0.002 -23"><span class='ocrx_word' id='word_1_213' title='bbox 699 1130 769 1188; x_wconf 87' lang='lat' dir='ltr'><strong>bove</strong></span> <span class='ocrx_word' id='word_1_214' title='bbox 794 1140 887 1188; x_wconf 90' lang='lat' dir='ltr'><strong>aurato</strong></span> <span class='ocrx_word' id='word_1_215' title='bbox 914 1124 1013 1209; x_wconf 68' lang='lat' dir='ltr'><strong>&#39;extra</strong></span> <span class='ocrx_word' id='word_1_216' title='bbox 1026 1139 1146 1206; x_wconf 85' lang='lat' dir='ltr'><strong>partam</strong></span> 
     </span>
     <span class='ocr_line' id='line_1_44' title="bbox 703 1217 1101 1298; baseline 0 -22"><span class='ocrx_word' id='word_1_217' title='bbox 703 1219 901 1298; x_wconf 78' lang='lat' dir='ltr'><strong>Trigeminam</strong></span> <span class='ocrx_word' id='word_1_218' title='bbox 918 1222 961 1274; x_wconf 89' lang='lat' dir='ltr'><strong>est</strong></span> <span class='ocrx_word' id='word_1_219' title='bbox 976 1217 1101 1277; x_wconf 85' lang='lat' dir='ltr'><strong>donatas.</strong></span> 
     </span>
    </p>

    <p class='ocr_par' dir='ltr' id='par_1_9' title="bbox 645 1298 1146 1626">
     <span class='ocr_line' id='line_1_45' title="bbox 645 1298 1144 1380; baseline -0.002 -18"><span class='ocrx_word' id='word_1_220' title='bbox 645 1298 673 1363; x_wconf 80' lang='grc'><strong>3.</strong></span> <span class='ocrx_word' id='word_1_221' title='bbox 699 1315 770 1361; x_wconf 85' lang='lat' dir='ltr'><strong>eunt</strong></span> <span class='ocrx_word' id='word_1_222' title='bbox 796 1305 850 1380; x_wconf 80' lang='lat' dir='ltr'><strong>qui</strong></span> <span class='ocrx_word' id='word_1_223' title='bbox 874 1325 930 1380; x_wconf 82' lang='lat' dir='ltr'><strong>per</strong></span> <span class='ocrx_word' id='word_1_224' title='bbox 959 1305 1144 1373; x_wconf 76' lang='lat' dir='ltr'><strong>duumuiros,</strong></span> 
     </span>
     <span class='ocr_line' id='line_1_46' title="bbox 700 1392 1145 1469; baseline 0.002 -22"><span class='ocrx_word' id='word_1_225' title='bbox 700 1393 754 1467; x_wconf 84' lang='lat' dir='ltr'><strong>qui</strong></span> <span class='ocrx_word' id='word_1_226' title='bbox 770 1392 808 1448; x_wconf 80' lang='lat' dir='ltr'><strong>de</strong></span> <span class='ocrx_word' id='word_1_227' title='bbox 818 1392 1025 1467; x_wconf 73' lang='lat' dir='ltr'><strong>perduellione</strong></span> <span class='ocrx_word' id='word_1_228' title='bbox 1039 1395 1145 1469; x_wconf 79' lang='lat' dir='ltr'><strong>anqui-</strong></span> 
     </span>
     <span class='ocr_line' id='line_1_47' title="bbox 700 1480 1146 1546; baseline 0.002 -13"><span class='ocrx_word' id='word_1_229' title='bbox 700 1489 806 1546; x_wconf 79' lang='lat' dir='ltr'><strong>rerent,</strong></span> <span class='ocrx_word' id='word_1_230' title='bbox 817 1489 933 1536; x_wconf 79' lang='lat' dir='ltr'><strong>creatae</strong></span> <span class='ocrx_word' id='word_1_231' title='bbox 942 1480 1146 1536; x_wconf 74' lang='lat' dir='ltr'><strong>auatoreseint</strong></span> 
     </span>
     <span class='ocr_line' id='line_1_48' title="bbox 700 1564 1144 1626; baseline 0.011 -5"><span class='ocrx_word' id='word_1_232' title='bbox 700 1566 890 1622; x_wconf 82' lang='lat' dir='ltr'><strong>damnatum:</strong></span> <span class='ocrx_word' id='word_1_233' title='bbox 913 1565 963 1623; x_wconf 83' lang='lat' dir='ltr'><strong>l’lll</strong></span> <span class='ocrx_word' id='word_1_234' title='bbox 979 1564 1040 1625; x_wconf 76' lang='lat' dir='ltr'><strong>aad.</strong></span> <span class='ocrx_word' id='word_1_235' title='bbox 1056 1565 1144 1626; x_wconf 82' lang='lat' dir='ltr'><strong>Rhea.</strong></span> 
     </span>
    </p>
   </div>
   <div class='ocr_carea' id='block_1_9' title="bbox 699 1650 1250 1719">
    <p class='ocr_par' dir='ltr' id='par_1_10' title="bbox 699 1650 1250 1719">
     <span class='ocr_line' id='line_1_49' title="bbox 699 1650 1250 1719; baseline 0.004 -11"><span class='ocrx_word' id='word_1_236' title='bbox 699 1650 774 1710; x_wconf 84' lang='lat' dir='ltr'><strong>Harl.</strong></span> <span class='ocrx_word' id='word_1_237' title='bbox 792 1671 810 1710; x_wconf 88' lang='lat'><strong>1.</strong></span> <span class='ocrx_word' id='word_1_238' title='bbox 831 1650 909 1707; x_wconf 87' lang='lat' dir='ltr'><strong>Leid.</strong></span> <span class='ocrx_word' id='word_1_239' title='bbox 927 1671 945 1710; x_wconf 89' lang='lat'><strong>1.</strong></span> <span class='ocrx_word' id='word_1_240' title='bbox 970 1683 1004 1693; x_wconf 94' lang='lat'><em>-</em></span> <span class='ocrx_word' id='word_1_241' title='bbox 1030 1651 1062 1709; x_wconf 90' lang='lat' dir='ltr'><strong>ln</strong></span> <span class='ocrx_word' id='word_1_242' title='bbox 1083 1652 1144 1710; x_wconf 79' lang='lat' dir='ltr'><strong>aliis</strong></span> <span class='ocrx_word' id='word_1_243' title='bbox 1247 1712 1250 1719; x_wconf 71' lang='grc'><strong>,</strong></span> 
     </span>
    </p>
   </div>
   <div class='ocr_carea' id='block_1_10' title="bbox 642 1737 1145 2768">
    <p class='ocr_par' dir='ltr' id='par_1_11' title="bbox 695 1737 1145 2678">
     <span class='ocr_line' id='line_1_50' title="bbox 699 1737 1144 1815; baseline -0.004 -19"><span class='ocrx_word' id='word_1_244' title='bbox 699 1759 769 1798; x_wconf 84' lang='lat' dir='ltr'><strong>reae.</strong></span> <span class='ocrx_word' id='word_1_245' title='bbox 788 1737 868 1794; x_wconf 85' lang='lat' dir='ltr'><strong>codd.</strong></span> <span class='ocrx_word' id='word_1_246' title='bbox 890 1739 1022 1815; x_wconf 87' lang='lat' dir='ltr'><strong>scriptam</strong></span> <span class='ocrx_word' id='word_1_247' title='bbox 1044 1748 1086 1794; x_wconf 87' lang='lat' dir='ltr'><strong>est</strong></span> <span class='ocrx_word' id='word_1_248' title='bbox 1102 1741 1144 1794; x_wconf 86' lang='lat' dir='ltr'><strong>in·</strong></span> 
     </span>
     <span class='ocr_line' id='line_1_51' title="bbox 701 1823 1145 1902; baseline -0.005 -20"><span class='ocrx_word' id='word_1_249' title='bbox 701 1828 866 1902; x_wconf 67' lang='lat' dir='ltr'><strong>ponerent,</strong></span> <span class='ocrx_word' id='word_1_250' title='bbox 885 1825 915 1881; x_wconf 90' lang='lat' dir='ltr'><strong>in</strong></span> <span class='ocrx_word' id='word_1_251' title='bbox 933 1823 992 1882; x_wconf 87' lang='lat' dir='ltr'><strong>aliis</strong></span> <span class='ocrx_word' id='word_1_252' title='bbox 1010 1826 1145 1900; x_wconf 79' lang='lat' dir='ltr'><strong>acquire·</strong></span> 
     </span>
     <span class='ocr_line' id='line_1_52' title="bbox 699 1908 1145 1988; baseline -0.004 -21"><span class='ocrx_word' id='word_1_253' title='bbox 699 1920 773 1969; x_wconf 83' lang='lat' dir='ltr'><strong>rent.</strong></span> <span class='ocrx_word' id='word_1_254' title='bbox 792 1908 836 1969; x_wconf 85' lang='lat' dir='ltr'><strong>cf.</strong></span> <span class='ocrx_word' id='word_1_255' title='bbox 849 1914 876 1979; x_wconf 89' lang='lat'><strong>8,</strong></span> <span class='ocrx_word' id='word_1_256' title='bbox 894 1913 951 1967; x_wconf 82' lang='lat'><strong>33.:</strong></span> <span class='ocrx_word' id='word_1_257' title='bbox 970 1913 1081 1988; x_wconf 86' lang='lat' dir='ltr'><strong>„eapite</strong></span> <span class='ocrx_word' id='word_1_258' title='bbox 1099 1930 1145 1965; x_wconf 89' lang='lat' dir='ltr'><strong>arr·</strong></span> 
     </span>
     <span class='ocr_line' id='line_1_53' title="bbox 700 1996 1145 2072; baseline 0.004 -22"><span class='ocrx_word' id='word_1_259' title='bbox 700 1997 828 2072; x_wconf 77' lang='lat' dir='ltr'><strong>quiritum</strong></span> <span class='ocrx_word' id='word_1_260' title='bbox 847 1996 881 2052; x_wconf 95' lang='lat' dir='ltr'><strong>ob</strong></span> <span class='ocrx_word' id='word_1_261' title='bbox 906 2016 963 2053; x_wconf 90' lang='lat' dir='ltr'><strong>rem</strong></span> <span class='ocrx_word' id='word_1_262' title='bbox 983 1996 1056 2054; x_wconf 90' lang='lat' dir='ltr'><strong>bello</strong></span> <span class='ocrx_word' id='word_1_263' title='bbox 1077 1996 1145 2056; x_wconf 80' lang='lat' dir='ltr'><strong>male</strong></span> 
     </span>
     <span class='ocr_line' id='line_1_54' title="bbox 699 2082 1144 2161; baseline 0.004 -24"><span class='ocrx_word' id='word_1_264' title='bbox 699 2092 802 2156; x_wconf 83' lang='lat' dir='ltr'><strong>gestam</strong></span> <span class='ocrx_word' id='word_1_265' title='bbox 823 2082 858 2143; x_wconf 85' lang='lat' dir='ltr'><strong>de</strong></span> <span class='ocrx_word' id='word_1_266' title='bbox 884 2083 1045 2161; x_wconf 84' lang='lat' dir='ltr'><strong>imperatore</strong></span> <span class='ocrx_word' id='word_1_267' title='bbox 1070 2082 1144 2140; x_wconf 88' lang='lat' dir='ltr'><strong>nullo</strong></span> 
     </span>
     <span class='ocr_line' id='line_1_55' title="bbox 699 2168 1144 2236; baseline 0.007 -12"><span class='ocrx_word' id='word_1_268' title='bbox 699 2168 736 2224; x_wconf 88' lang='lat' dir='ltr'><strong>ad</strong></span> <span class='ocrx_word' id='word_1_269' title='bbox 747 2188 807 2225; x_wconf 88' lang='lat' dir='ltr'><strong>eam</strong></span> <span class='ocrx_word' id='word_1_270' title='bbox 819 2168 891 2225; x_wconf 88' lang='lat' dir='ltr'><strong>diem</strong></span> <span class='ocrx_word' id='word_1_271' title='bbox 903 2175 992 2230; x_wconf 85' lang='lat' dir='ltr'><strong>ease“.</strong></span> <span class='ocrx_word' id='word_1_272' title='bbox 1012 2170 1044 2229; x_wconf 91' lang='lat' dir='ltr'><strong>al.</strong></span> <span class='ocrx_word' id='word_1_273' title='bbox 1064 2173 1089 2236; x_wconf 88' lang='lat'><strong>1,</strong></span> <span class='ocrx_word' id='word_1_274' title='bbox 1101 2173 1144 2228; x_wconf 70' lang='lat'><strong>26.</strong></span> 
     </span>
     <span class='ocr_line' id='line_1_56' title="bbox 699 2255 1144 2332; baseline 0 -19"><span class='ocrx_word' id='word_1_275' title='bbox 699 2256 747 2313; x_wconf 89' lang='lat' dir='ltr'><strong>ubi</strong></span> <span class='ocrx_word' id='word_1_276' title='bbox 772 2255 806 2312; x_wconf 85' lang='lat' dir='ltr'><strong>de</strong></span> <span class='ocrx_word' id='word_1_277' title='bbox 828 2256 911 2313; x_wconf 85' lang='lat' dir='ltr'><strong>caede</strong></span> <span class='ocrx_word' id='word_1_278' title='bbox 932 2256 1072 2314; x_wconf 80' lang='lat' dir='ltr'><strong>manifesta</strong></span> <span class='ocrx_word' id='word_1_279' title='bbox 1091 2258 1144 2332; x_wconf 83' lang='lat' dir='ltr'><strong>agi·</strong></span> 
     </span>
     <span class='ocr_line' id='line_1_57' title="bbox 697 2342 1143 2414; baseline 0.004 -14"><span class='ocrx_word' id='word_1_280' title='bbox 697 2353 751 2410; x_wconf 87' lang='lat' dir='ltr'><strong>tur,</strong></span> <span class='ocrx_word' id='word_1_281' title='bbox 763 2342 935 2401; x_wconf 86' lang='lat' dir='ltr'><strong>scribendum</strong></span> <span class='ocrx_word' id='word_1_282' title='bbox 948 2354 1018 2403; x_wconf 87' lang='lat' dir='ltr'><strong>erat:</strong></span> <span class='ocrx_word' id='word_1_283' title='bbox 1030 2344 1143 2414; x_wconf 85' lang='lat' dir='ltr'><strong>„duum-</strong></span> 
     </span>
     <span class='ocr_line' id='line_1_58' title="bbox 696 2429 1144 2510; baseline 0.004 -24"><span class='ocrx_word' id='word_1_284' title='bbox 696 2431 779 2498; x_wconf 83' lang='lat' dir='ltr'><strong>viros‚</strong></span> <span class='ocrx_word' id='word_1_285' title='bbox 798 2433 845 2507; x_wconf 87' lang='lat' dir='ltr'><strong>qui</strong></span> <span class='ocrx_word' id='word_1_286' title='bbox 857 2429 970 2488; x_wconf 88' lang='lat' dir='ltr'><strong>Horatio</strong></span> <span class='ocrx_word' id='word_1_287' title='bbox 982 2430 1144 2510; x_wconf 80' lang='lat' dir='ltr'><strong>perduellio-</strong></span> 
     </span>
     <span class='ocr_line' id='line_1_59' title="bbox 696 2517 1143 2586; baseline 0.002 -12"><span class='ocrx_word' id='word_1_288' title='bbox 696 2537 759 2574; x_wconf 87' lang='lat' dir='ltr'><strong>nem</strong></span> <span class='ocrx_word' id='word_1_289' title='bbox 781 2517 915 2586; x_wconf 87' lang='lat' dir='ltr'><strong>iudiaent,</strong></span> <span class='ocrx_word' id='word_1_290' title='bbox 936 2518 1084 2576; x_wconf 84' lang='lat' dir='ltr'><strong>secundum</strong></span> <span class='ocrx_word' id='word_1_291' title='bbox 1105 2518 1143 2575; x_wconf 90' lang='lat' dir='ltr'><strong>le·</strong></span> 
     </span>
     <span class='ocr_line' id='line_1_60' title="bbox 695 2603 877 2678; baseline 0.016 -18"><span class='ocrx_word' id='word_1_292' title='bbox 695 2623 754 2678; x_wconf 80' lang='lat' dir='ltr'><strong>gem</strong></span> <span class='ocrx_word' id='word_1_293' title='bbox 774 2603 877 2663; x_wconf 85' lang='lat' dir='ltr'><strong>lacio“.</strong></span> 
     </span>
    </p>

    <p class='ocr_par' dir='ltr' id='par_1_12' title="bbox 642 2691 1143 2768">
     <span class='ocr_line' id='line_1_61' title="bbox 642 2691 1143 2768; baseline 0 -22"><span class='ocrx_word' id='word_1_294' title='bbox 642 2692 671 2750; x_wconf 85' lang='grc'><strong>6.</strong></span> <span class='ocrx_word' id='word_1_295' title='bbox 698 2700 728 2748; x_wconf 83' lang='lat' dir='ltr'><strong>et</strong></span> <span class='ocrx_word' id='word_1_296' title='bbox 749 2691 878 2748; x_wconf 77' lang='lat' dir='ltr'><strong>eximiae</strong></span> <span class='ocrx_word' id='word_1_297' title='bbox 896 2691 1016 2768; x_wconf 82' lang='lat' dir='ltr'><strong>gloriae</strong></span> <span class='ocrx_word' id='word_1_298' title='bbox 1042 2708 1143 2747; x_wconf 85' lang='lat' dir='ltr'><strong>monu-</strong></span> 
     </span>
    </p>
   </div>
   <div class='ocr_carea' id='block_1_11' title="bbox 696 2778 1237 2855">
    <p class='ocr_par' dir='ltr' id='par_1_13' title="bbox 696 2778 1237 2855">
     <span class='ocr_line' id='line_1_62' title="bbox 696 2778 1237 2855; baseline -0.009 -21"><span class='ocrx_word' id='word_1_299' title='bbox 696 2787 826 2834; x_wconf 84' lang='lat' dir='ltr'><strong>mentum</strong></span> <span class='ocrx_word' id='word_1_300' title='bbox 843 2785 874 2833; x_wconf 87' lang='lat' dir='ltr'><strong>et</strong></span> <span class='ocrx_word' id='word_1_301' title='bbox 888 2795 1004 2849; x_wconf 81' lang='lat' dir='ltr'><strong>poenae</strong></span> <span class='ocrx_word' id='word_1_302' title='bbox 1021 2778 1144 2832; x_wconf 81' lang='lat' dir='ltr'><strong>ultimae</strong></span> <span class='ocrx_word' id='word_1_303' title='bbox 1226 2832 1237 2855; x_wconf 33' lang='lat' dir='ltr'>x</span> 
     </span>
    </p>
   </div>
   <div class='ocr_carea' id='block_1_12' title="bbox 689 2858 1144 3896">
    <p class='ocr_par' dir='ltr' id='par_1_14' title="bbox 689 2858 1144 3896">
     <span class='ocr_line' id='line_1_63' title="bbox 689 2858 1144 2936; baseline 0 -19"><span class='ocrx_word' id='word_1_304' title='bbox 689 2862 773 2934; x_wconf 82' lang='lat' dir='ltr'><strong>snit:</strong></span> <span class='ocrx_word' id='word_1_305' title='bbox 796 2861 860 2918; x_wconf 76' lang='lat' dir='ltr'><strong>PM:</strong></span> <span class='ocrx_word' id='word_1_306' title='bbox 888 2861 944 2917; x_wconf 88' lang='lat' dir='ltr'><strong>nisi</strong></span> <span class='ocrx_word' id='word_1_307' title='bbox 966 2860 1040 2936; x_wconf 84' lang='lat' dir='ltr'><strong>quod</strong></span> <span class='ocrx_word' id='word_1_308' title='bbox 1065 2858 1144 2917; x_wconf 76' lang='lat' dir='ltr'><strong>inti</strong></span> 
     </span>
     <span class='ocr_line' id='line_1_64' title="bbox 695 2947 1144 3024; baseline 0.002 -20"><span class='ocrx_word' id='word_1_309' title='bbox 695 2968 800 3024; x_wconf 83' lang='lat' dir='ltr'><strong>paene.</strong></span> <span class='ocrx_word' id='word_1_310' title='bbox 830 2947 871 3003; x_wconf 87' lang='lat' dir='ltr'><strong>sic</strong></span> <span class='ocrx_word' id='word_1_311' title='bbox 888 2966 1018 3024; x_wconf 85' lang='lat' dir='ltr'><strong>persaepe</strong></span> <span class='ocrx_word' id='word_1_312' title='bbox 1037 2965 1088 3023; x_wconf 92' lang='lat' dir='ltr'><strong>pro</strong></span> <span class='ocrx_word' id='word_1_313' title='bbox 1107 2968 1144 3005; x_wconf 86' lang='lat' dir='ltr'><strong>oe</strong></span> 
     </span>
     <span class='ocr_line' id='line_1_65' title="bbox 697 3033 1142 3113; baseline 0.002 -22"><span class='ocrx_word' id='word_1_314' title='bbox 697 3035 773 3113; x_wconf 79' lang='lat' dir='ltr'><strong>quod</strong></span> <span class='ocrx_word' id='word_1_315' title='bbox 794 3036 823 3093; x_wconf 89' lang='lat' dir='ltr'><strong>in</strong></span> <span class='ocrx_word' id='word_1_316' title='bbox 845 3034 1044 3112; x_wconf 87' lang='lat' dir='ltr'><strong>autiquloribus</strong></span> <span class='ocrx_word' id='word_1_317' title='bbox 1064 3033 1142 3092; x_wconf 81' lang='lat' dir='ltr'><strong>libris</strong></span> 
     </span>
     <span class='ocr_line' id='line_1_66' title="bbox 698 3121 1141 3202; baseline 0 -24"><span class='ocrx_word' id='word_1_318' title='bbox 698 3132 764 3191; x_wconf 82' lang='lat' dir='ltr'><strong>erat,</strong></span> <span class='ocrx_word' id='word_1_319' title='bbox 775 3125 908 3202; x_wconf 86' lang='lat' dir='ltr'><strong>scriptam</strong></span> <span class='ocrx_word' id='word_1_320' title='bbox 920 3132 962 3180; x_wconf 85' lang='lat' dir='ltr'><strong>est</strong></span> <span class='ocrx_word' id='word_1_321' title='bbox 973 3143 1010 3181; x_wconf 79' lang='lat' dir='ltr'><strong>ae</strong></span> <span class='ocrx_word' id='word_1_322' title='bbox 1020 3125 1049 3180; x_wconf 87' lang='lat' dir='ltr'><strong>in</strong></span> <span class='ocrx_word' id='word_1_323' title='bbox 1060 3121 1141 3201; x_wconf 87' lang='lat' dir='ltr'><strong>paulo</strong></span> 
     </span>
     <span class='ocr_line' id='line_1_67' title="bbox 696 3211 1142 3286; baseline 0.002 -21"><span class='ocrx_word' id='word_1_324' title='bbox 696 3211 901 3270; x_wconf 86' lang='lat' dir='ltr'><strong>recentioribus.</strong></span> <span class='ocrx_word' id='word_1_325' title='bbox 934 3214 1025 3286; x_wconf 85' lang='lat' dir='ltr'><strong>itaque</strong></span> <span class='ocrx_word' id='word_1_326' title='bbox 1047 3230 1142 3286; x_wconf 86' lang='lat' dir='ltr'><strong>reppe-</strong></span> 
     </span>
     <span class='ocr_line' id='line_1_68' title="bbox 697 3296 1143 3375; baseline -0.004 -21"><span class='ocrx_word' id='word_1_327' title='bbox 697 3300 782 3354; x_wconf 89' lang='lat' dir='ltr'><strong>rimua</strong></span> <span class='ocrx_word' id='word_1_328' title='bbox 800 3318 906 3375; x_wconf 85' lang='lat' dir='ltr'><strong>semper</strong></span> <span class='ocrx_word' id='word_1_329' title='bbox 924 3296 981 3353; x_wconf 88' lang='lat' dir='ltr'><strong>lere</strong></span> <span class='ocrx_word' id='word_1_330' title='bbox 995 3299 1143 3370; x_wconf 78' lang='lat' dir='ltr'><strong>proelium</strong></span> 
     </span>
     <span class='ocr_line' id='line_1_69' title="bbox 696 3382 1143 3456; baseline -0.007 -15"><span class='ocrx_word' id='word_1_331' title='bbox 696 3385 726 3441; x_wconf 90' lang='lat' dir='ltr'><strong>in</strong></span> <span class='ocrx_word' id='word_1_332' title='bbox 748 3382 809 3441; x_wconf 76' lang='lat' dir='ltr'><strong>Pur</strong></span> <span class='ocrx_word' id='word_1_333' title='bbox 831 3383 967 3449; x_wconf 70' lang='lat' dir='ltr'><strong>haumala,</strong></span> <span class='ocrx_word' id='word_1_334' title='bbox 995 3382 1143 3456; x_wconf 82' lang='lat' dir='ltr'><strong>praelium</strong></span> 
     </span>
     <span class='ocr_line' id='line_1_70' title="bbox 696 3467 1142 3528; baseline -0.002 0"><span class='ocrx_word' id='word_1_335' title='bbox 696 3470 770 3528; x_wconf 79' lang='lat' dir='ltr'><strong>baud</strong></span> <span class='ocrx_word' id='word_1_336' title='bbox 787 3489 848 3526; x_wconf 89' lang='lat' dir='ltr'><strong>raro</strong></span> <span class='ocrx_word' id='word_1_337' title='bbox 866 3471 896 3525; x_wconf 90' lang='lat' dir='ltr'><strong>in</strong></span> <span class='ocrx_word' id='word_1_338' title='bbox 913 3467 1008 3528; x_wconf 84' lang='lat' dir='ltr'><strong>lledio.</strong></span> <span class='ocrx_word' id='word_1_339' title='bbox 1036 3500 1070 3511; x_wconf 94' lang='lat'><em>-</em></span> <span class='ocrx_word' id='word_1_340' title='bbox 1098 3469 1142 3527; x_wconf 84' lang='lat' dir='ltr'><strong>Cl.</strong></span> 
     </span>
     <span class='ocr_line' id='line_1_71' title="bbox 696 3545 1142 3622; baseline -0.002 -6"><span class='ocrx_word' id='word_1_341' title='bbox 696 3557 766 3617; x_wconf 87' lang='lat' dir='ltr'><strong>Plut.</strong></span> <span class='ocrx_word' id='word_1_342' title='bbox 785 3556 861 3615; x_wconf 79' lang='lat' dir='ltr'><strong>Cam.</strong></span> <span class='ocrx_word' id='word_1_343' title='bbox 879 3558 938 3613; x_wconf 82' lang='lat' dir='ltr'><strong>3b.:</strong></span> <span class='ocrx_word' id='word_1_344' title='bbox 964 3554 981 3612; x_wconf 80' lang='grc' dir='ltr'><em>ὅ</em></span> <span class='ocrx_word' id='word_1_345' title='bbox 1003 3551 1060 3622; x_wconf 64' lang='grc' dir='ltr'><strong>μὶν</strong></span> <span class='ocrx_word' id='word_1_346' title='bbox 1087 3545 1142 3615; x_wconf 71' lang='lat' dir='ltr'><strong>orla</strong></span> 
     </span>
     <span class='ocr_line' id='line_1_72' title="bbox 696 3642 1141 3710; baseline 0.002 -6"><span class='ocrx_word' id='word_1_347' title='bbox 696 3648 827 3709; x_wconf 65' lang='grc' dir='ltr'><strong>Μάλλιος</strong></span> <span class='ocrx_word' id='word_1_348' title='bbox 844 3642 936 3709; x_wconf 68' lang='grc' dir='ltr'><strong>ἀλαὸς</strong></span> <span class='ocrx_word' id='word_1_349' title='bbox 953 3645 991 3710; x_wconf 79' lang='grc' dir='ltr'><strong>εἷς</strong></span> <span class='ocrx_word' id='word_1_350' title='bbox 1009 3645 1040 3702; x_wconf 73' lang='lat' dir='ltr'><strong>ut</strong></span> <span class='ocrx_word' id='word_1_351' title='bbox 1054 3658 1141 3705; x_wconf 77' lang='lat' dir='ltr'><strong>Korn·</strong></span> 
     </span>
     <span class='ocr_line' id='line_1_73' title="bbox 697 3729 1142 3807; baseline 0.002 -16"><span class='ocrx_word' id='word_1_352' title='bbox 697 3731 801 3791; x_wconf 67' lang='lat' dir='ltr'><strong>rto&#39;baon</strong></span> <span class='ocrx_word' id='word_1_353' title='bbox 812 3731 930 3804; x_wconf 59' lang='grc' dir='ltr'><strong>ἅκήκὲη</strong></span> <span class='ocrx_word' id='word_1_354' title='bbox 943 3729 996 3789; x_wconf 69' lang='lat' dir='ltr'><strong>marl</strong></span> <span class='ocrx_word' id='word_1_355' title='bbox 1007 3733 1082 3792; x_wconf 64' lang='lat' dir='ltr'><strong>natal</strong></span> <span class='ocrx_word' id='word_1_356' title='bbox 1095 3737 1142 3807; x_wconf 68' lang='grc' dir='ltr'><strong>τῆς</strong></span> 
     </span>
     <span class='ocr_line' id='line_1_74' title="bbox 697 3815 1141 3896; baseline -0.002 -20"><span class='ocrx_word' id='word_1_357' title='bbox 697 3815 795 3896; x_wconf 68' lang='lat' dir='ltr'><strong>stirpare</strong></span> <span class='ocrx_word' id='word_1_358' title='bbox 806 3818 911 3887; x_wconf 47' lang='lat' dir='ltr'><strong>alaprie</strong></span> <span class='ocrx_word' id='word_1_359' title='bbox 929 3820 978 3876; x_wconf 71' lang='lat' dir='ltr'><strong>rain</strong></span> <span class='ocrx_word' id='word_1_360' title='bbox 996 3820 1088 3878; x_wconf 67' lang='lat' dir='ltr'><strong>artata</strong></span> <span class='ocrx_word' id='word_1_361' title='bbox 1099 3821 1141 3876; x_wconf 74' lang='lat' dir='ltr'><strong>rri-</strong></span> 
     </span>
    </p>
   </div>
   <div class='ocr_carea' id='block_1_13' title="bbox 695 3899 1221 3974">
    <p class='ocr_par' dir='ltr' id='par_1_15' title="bbox 695 3899 1221 3974">
     <span class='ocr_line' id='line_1_75' title="bbox 695 3899 1221 3974; baseline -0.006 -9"><span class='ocrx_word' id='word_1_362' title='bbox 695 3927 750 3966; x_wconf 69' lang='grc' dir='ltr'><strong>κον</strong></span> <span class='ocrx_word' id='word_1_363' title='bbox 776 3899 847 3974; x_wconf 66' lang='lat' dir='ltr'><strong>&#39;e&#39;oxa</strong></span> <span class='ocrx_word' id='word_1_364' title='bbox 868 3905 921 3963; x_wconf 75' lang='lat' dir='ltr'><strong>nul</strong></span> <span class='ocrx_word' id='word_1_365' title='bbox 939 3910 995 3965; x_wconf 56' lang='grc' dir='ltr'><strong>τῶν</strong></span> <span class='ocrx_word' id='word_1_366' title='bbox 1021 3907 1140 3974; x_wconf 64' lang='lat' dir='ltr'><strong>erlrvxe·</strong></span> <span class='ocrx_word' id='word_1_367' title='bbox 1214 3932 1221 3947; x_wconf 55' lang='lat' dir='ltr'><strong>r</strong></span> 
     </span>
    </p>
   </div>
   <div class='ocr_carea' id='block_1_14' title="bbox 695 3985 1141 4155">
    <p class='ocr_par' dir='ltr' id='par_1_16' title="bbox 695 3985 1141 4155">
     <span class='ocr_line' id='line_1_76' title="bbox 696 3985 1141 4071; baseline -0.004 -19"><span class='ocrx_word' id='word_1_368' title='bbox 696 3995 808 4054; x_wconf 65' lang='lat' dir='ltr'><strong>aeteae</strong></span> <span class='ocrx_word' id='word_1_369' title='bbox 820 3985 915 4071; x_wconf 64' lang='grc' dir='ltr'><strong><em>’ἔργων</em></strong></span> <span class='ocrx_word' id='word_1_370' title='bbox 928 3992 979 4051; x_wconf 69' lang='grc' dir='ltr'><strong>καὶ</strong></span> <span class='ocrx_word' id='word_1_371' title='bbox 993 3997 1051 4052; x_wconf 69' lang='lat' dir='ltr'><strong>raia</strong></span> <span class='ocrx_word' id='word_1_372' title='bbox 1062 3992 1141 4069; x_wconf 66' lang='grc' dir='ltr'><strong><em>μεγί-</em></strong></span> 
     </span>
     <span class='ocr_line' id='line_1_77' title="bbox 695 4080 1141 4155; baseline -0.004 -13"><span class='ocrx_word' id='word_1_373' title='bbox 695 4103 771 4142; x_wconf 65' lang='grc' dir='ltr'><strong>στων</strong></span> <span class='ocrx_word' id='word_1_374' title='bbox 782 4080 983 4155; x_wconf 57' lang='grc' dir='ltr'><strong>ἀτυχημάτων</strong></span> <span class='ocrx_word' id='word_1_375' title='bbox 992 4088 1141 4155; x_wconf 75' lang='grc' dir='ltr'><strong><em>μνημεῖον.</em></strong></span> 
     </span>
    </p>
   </div>
   <div class='ocr_carea' id='block_1_15' title="bbox 894 4170 955 4282">
    <p class='ocr_par' dir='ltr' id='par_1_17' title="bbox 894 4170 955 4282">
     <span class='ocr_line' id='line_1_78' title="bbox 894 4170 955 4282; baseline 0 0"><span class='ocrx_word' id='word_1_376' title='bbox 894 4170 955 4282; x_wconf 45' lang='grc'><strong>5..</strong></span> 
     </span>
    </p>
   </div>
   <div class='ocr_carea' id='block_1_16' title="bbox 0 0 1314 4590">
    <p class='ocr_par' dir='ltr' id='par_1_18' title="bbox 0 0 1314 4590">
     <span class='ocr_line' id='line_1_79' title="bbox 0 0 1314 4590; baseline 0 1"><span class='ocrx_word' id='word_1_377' title='bbox 0 0 1314 4590; x_wconf 95' lang='lat' dir='ltr'><strong> </strong></span> 
     </span>
    </p>
   </div>
  </div>
 </body>
</html>
