2618 4590
544 277 653 337 tutan
669 279 705 340 X.

1108 266 1174 337 675

73 441 206 509 ercitum
228 442 268 508 ad
291 439 436 508 Clusium
460 442 651 510 admoveant
672 463 861 532 summaque
884 442 915 507 vi
937 441 1016 510 lines
1031 414 1173 513 hostium

73 545 316 637 depopulentur,
338 544 494 613 scribunt:
516 545 610 612 huius
632 545 846 637 populationis
862 545 947 612 lania
961 544 1114 617 Eturscos
1130 572 1172 617 ex

65 675 148 741 agro
179 650 342 719 Sentinate
370 651 412 717 ad
437 674 514 718 suos
541 650 612 718 finis
640 651 792 735 tuendos
808 651 918 719 movit.
955 650 1071 719 instare
1096 651 1171 721 inde

70 755 279 823 consules'ut
301 754 483 822 absentibus
504 755 554 822 his
581 766 789 846 pugnaretur:
826 777 884 845 per
911 754 1045 822 biduum
1072 756 1171 825 laces-

69 859 150 926 siere
171 859 294 951 proelio
317 858 460 926 hostem:
482 860 579 927 biduo
602 860 680 926 nihil
695 859 825 950 dignum
840 859 925 927 dictu
940 871 1056 943 actum,
1077 861 1171 950 pauci
1188 873 1205 929 5

70 963 231 1054 utrimque
260 964 402 1031 cecidere
429 965 594 1055 magisque
620 963 736 1031 inritati
762 976 838 1032 sunt
864 964 906 1030 ad
932 964 1052 1031 iustum
1074 974 1170 1031 certa-

68 1091 144 1133 men
167 1068 261 1134 animi
285 1092 382 1159 quam
405 1069 444 1134 ad
467 1068 635 1136 discrimen
657 1093 783 1136 summa
805 1093 913 1135 rerum
936 1068 1086 1135 adducta:
1109 1079 1170 1135 ter·

67 1171 112 1238 tio
136 1171 186 1238 die
209 1173 398 1240 descensum
418 1172 452 1239 in
474 1198 623 1264 campum
646 1171 794 1240 omnibus
816 1172 915 1262 copiis
931 1182 990 1239 est.
1028 1193 1102 1239 cum
1124 1171 1169 1237 in-

67 1286 206 1343 structae
228 1277 312 1344 acies
334 1287 469 1362 starent,
493 1299 586 1346 cerva
609 1277 731 1367 fugiens
754 1277 867 1367 lupum
890 1299 908 1343 e
931 1275 1094 1342 montibus
1116 1298 1169 1343 ex·

69 1391 140 1447 acta
161 1405 220 1471 per
241 1405 373 1471 campos
396 1382 478 1449 inter
500 1383 578 1448 duas
602 1381 693 1448 acies
709 1381 855 1464 decurrit,
877 1380 950 1447 inde
968 1379 1110 1447 diversae
1125 1380 1167 1447 le·
1181 1396 1216 1452 10

64 1506 120 1551 rae
147 1509 241 1553 cerva
266 1486 306 1552 ad
334 1486 445 1553 Gallos
473 1486 569 1577 lupos
598 1486 638 1552 ad
664 1485 827 1553 Romanos
862 1508 991 1552 cursum
1025 1484 1168 1551 deflexit:

65 1587 143 1677 lupo
167 1590 239 1655 data
261 1590 343 1656 inter
364 1590 491 1658 ordines
513 1590 573 1673 via,
596 1613 724 1656 cervam
739 1589 822 1656 Galli
845 1589 1021 1657 confixere:
1042 1600 1112 1656 tum
1127 1612 1168 1656 ex

65 1691 275 1782 antesignanis
297 1694 462 1761 Romanus
484 1695 576 1762 miles
599 1694 696 1777 „illac
717 1694 816 1783 fuga“
842 1693 946 1783 inquit
973 1704 1032 1775 „et
1054 1693 1168 1759 caedes

65 1795 175 1878 vertit,
197 1797 252 1862 ubi
275 1821 398 1864 sacram
420 1799 542 1866 Dianae
565 1798 666 1866 leram
687 1798 844 1865 iacentem
865 1797 993 1867 videtis:
1027 1795 1103 1864 hine
1124 1795 1168 1863 vi-

66 1912 135 1968 ctor
150 1901 282 1968 Martius
303 1901 398 1992 lupus
420 1902 542 1994 integer
564 1916 597 1971 et
619 1902 754 1969 intactus
777 1902 878 1992 gentis
900 1924 960 1969 nos
978 1900 1112 1968 Martiae
1135 1911 1168 1967 et
1181 1916 1214 1973 15

65 2005 235 2072 conditoris
257 2006 357 2071 nostri
379 2007 577 2074 admonuit“.
601 2008 713 2073 dextm
738 2029 837 2073 cornu
853 2005 947 2088 Galli,
969 2004 1095 2073 sinistro
1110 2005 1167 2071 Sa·

63 2108 178 2175 mnites
208 2109 431 2179 constiterunt:
467 2106 618 2179 adversus
641 2109 802 2177 Samnites
825 2111 866 2196 Q.
889 2110 1006 2177 Fabius
1029 2108 1166 2201 primam

132 2285 273 2343 sentinate.
296 2313 330 2326 -—
358 2284 420 2342 Pll:
452 2280 490 2342 ad
514 2305 579 2343 suos
651 2287 694 2344 11.
721 2287 809 2359 lupos
827 2284 871 2340 ad
882 2282 1035 2342 Romanos
1047 2302 1167 2342 cursum

132 2368 199 2426 finis
216 2371 341 2431 tuendos.

84 2459 111 2516 3.
140 2458 253 2515 instare
270 2459 340 2516 lude
351 2466 411 2517 cos.
430 2468 462 2516 ut
474 2461 579 2517 absen-

130 2545 209 2601 tibus
227 2544 275 2602 Iris
287 2555 490 2625 pugnaretur:
509 2545 577 2618 PM]

132 2633 232 2686 instare
254 2632 317 2687 iude
340 2632 464 2689 consules
486 2641 517 2688 ut
534 2634 579 2688 ab·

132 2717 253 2771 sentibus
272 2717 306 2771 iis
325 2726 376 2775 cet.
394 2748 427 2760 -
448 2717 511 2774 Pul:
530 2735 579 2795 per

135 2801 229 2858 bidom
248 2800 389 2858 lacessiere
408 2803 512 2879 proelio
530 2804 579 2860 ho·

133 2897 210 2947 stem.
240 2888 321 2947 Pvm.
344 2892 383 2947 2:
410 2911 458 2966 per
485 2890 577 2951 bidus.

131 2973 199 3034 Lor.
212 2977 254 3032 a:
269 2973 451 3037 lacessierunt.
469 2975 546 3036 Leid.
559 2998 576 3038 1.

133 3062 183 3121 al:
210 3061 350 3122 lacessere:
382 3062 462 3124 Voss.
484 3084 503 3122 1.
530 3063 577 3123 al.:

129 3147 270 3209 lacescere.
288 3180 323 3191 —
346 3147 429 3206 Paulo
448 3159 511 3228 post
529 3151 578 3208 ΡΜ
649 3178 652 3189 ·

131 3235 207 3295 Leid.
217 3240 393 3314 1.:magisque
402 3239 504 3295 inritati
514 3248 578 3295 suut

132 3324 167 3378 ad
197 3325 296 3381 iustum
326 3332 460 3380 certamen
494 3325 577 3382 animi

131 3430 210 3486 quam
238 3411 273 3466 ad
300 3409 444 3466 discrimen
473 3432 577 3468 summa

133 3516 222 3552 rerum
245 3497 360 3554 addicta.
390 3495 458 3557 Lov.
476 3501 503 3554 4.
528 3497 577 3555 alt

131 3584 229 3643 addita.
251 3579 437 3642 CodKlorlst
450 3605 530 3661 quam
542 3585 577 3642 ad

133 3669 278 3729 discrimen
295 3691 414 3728 summae
428 3691 518 3728 rerum
530 3672 576 3728 ad·

132 3757 214 3816 ducti.

78 3844 104 3901 7.
131 3846 217 3900 tertio
249 3843 299 3902 die
334 3842 510 3904 descensum
546 3845 576 3902 r'n

132 3951 266 4004 campum
276 3933 409 3989 erunibus
419 3934 576 4006 copiisest:

721 2371 863 2444 deflexit:
882 2369 908 2426 ll
921 2392 955 2431 m.
971 2374 1012 2442 1.]
1025 2370 1104 2448 lupus
1115 2381 1166 2431 eet.
1253 2410 1272 2441 ,-

721 2457 764 2526 (tl
781 2478 818 2517 m.
835 2459 861 2516 2.
878 2456 925 2529 P).
942 2486 977 2501 —-
1004 2456 1086 2514 Paulo
1103 2468 1167 2515 auto

720 2542 958 2605 Leid.1.Lor.1l.:
977 2545 1117 2602 discurrit.
1131 2578 1166 2589 -

720 2631 761 2688 llI:
779 2631 842 2687 inde
860 2631 983 2688 diuersae
1001 2631 1125 2690 faere.—
1143 2631 1165 2686 P

720 2738 756 2776 m.
780 2721 805 2775 1.
828 2715 907 2775 Voss.
924 2737 950 2773 u.
974 2716 1042 2774 Lor.
1063 2721 1088 2775 l.
1115 2715 1164 2776 aL:

721 2822 827 2858 ceruam
845 2799 908 2876 galli
927 2801 1080 2863 conflixere.
1098 2802 1164 2864 l’m.

720 2894 745 2946 9.
763 2889 802 2944 lll:
821 2889 964 2947 confixere.

649 2978 693 3036 13.
721 2972 886 3054 illacfuga·
904 2977 999 3052 inquit
1016 2976 1164 3036 &caedes
1206 3042 1208 3046 Α

720 3066 822 3120 uertit:
839 3062 861 3118 P
879 3083 914 3120 m.
933 3065 958 3122 2.
978 3063 1013 3123 ll.
1031 3095 1065 3104 -
1090 3063 1111 3120 P
1128 3085 1163 3121 m.

721 3153 757 3209 l.:
771 3149 816 3206 ille
829 3149 888 3225 luga
899 3160 948 3208 cet.
969 3149 1046 3210 Voss.
1057 3168 1097 3206 tu:
1110 3149 1163 3210 illa.

719 3234 763 3294 Cf.
789 3235 874 3296 Plaut.
899 3236 970 3296 itud,
993 3241 1022 3306 1,
1049 3243 1076 3295 3.
1103 3240 1164 3297 22:

719 3321 820 3378 Saltem
831 3320 945 3399 aliquem
953 3323 1034 3380 velim
1042 3325 1089 3401 qui
1099 3323 1165 3380 milri

719 3429 753 3465 ex
770 3409 813 3464 his
830 3408 898 3465 locis
910 3404 965 3467 Aut
982 3414 1053 3468 viam
1066 3421 1111 3468 aut
1123 3431 1164 3466 se·
1243 3420 1247 3431 '

718 3498 810 3553 mitam
820 3507 962 3553 monstret:
973 3498 1009 3554 ita
1020 3517 1091 3554 nune
1099 3498 1165 3555 Hoc

718 3585 842 3640 suillae
866 3604 923 3641 cam
945 3585 1046 3641 ineerta
1065 3583 1162 3641 consili

717 3676 728 3737 ί
735 3671 793 3738 „ob
811 3669 870 3727 hier
893 3671 927 3727 ob
946 3670 1105 3739 dortbln“).
1128 3697 1163 3713 -*

718 3755 761 3816 Cf.
774 3762 799 3825 9,
809 3760 867 3817 38:
883 3768 909 3814 et
922 3778 982 3814 cum
995 3777 1094 3836 auceps
1105 3776 1162 3814 cae·

717 3842 765 3915 des
788 3844 897 3913 luisset,
924 3845 1052 3902 adversae
1074 3850 1162 3903 talneu

718 3933 757 3985 rei
776 3930 844 3986 lama
862 3932 892 3986 in
904 3930 1040 3988 Romanos
1052 3935 1148 3991 remit.

131 4016 179 4072 ΡΜ
198 4015 277 4076 11-
295 4017 575 4079 lnLcid.r.Voss.n.
648 4016 692 4076 17.
715 4020 844 4093 primam
871 4037 908 4073 oc
934 4018 991 4087 tlt:
1014 4018 1082 4089 buo)
1107 4027 1163 4081 ter·

130 4100 197 4164 Lov.
216 4106 241 4164 4.
260 4107 360 4165 excidit
378 4108 436 4168 die.

717 4107 789 4160 tiam
818 4106 979 4260 legioperp:
1010 4104 1059 4163 ΡΜ
1088 4104 1162 4178 rell]

913 4197 934 4262 3
