2618 4590
31 2234 37 2248 ,
85 2208 88 2213 ·
115 2192 118 2197 ’
190 2183 218 2241 Θ.
244 2199 299 2239 sert
321 2181 447 2239 uictoria
466 2179 690 2256 triumphoque.—

175 251 218 319 38
639 256 747 321 omns
764 255 810 319 Vl.
888 326 892 331 ,

175 446 289 516 perse
312 433 477 493 oneratum
490 419 674 490 latinorum
697 430 792 511 atque
808 417 1019 488 Hernicorum
1041 419 1222 490 defectione
1243 422 1276 491 in

62 576 67 596 .
152 529 316 620 speciem
338 551 452 597 causae
472 526 631 610 iactatum,
652 534 690 592 ut
704 524 806 592 maior
819 534 961 615 potestas
974 537 1196 617 quaereretur:
1218 529 1276 597 sed

175 658 262 703 nova
292 633 421 703 consilia
442 630 553 702 Manlii
578 630 680 722 magis
709 630 882 720 conpulere
909 641 1055 699 senatum
1082 632 1123 699 ad
1145 632 1277 703 dictato

176 763 247 808 rem
267 738 455 808 creandum:
477 745 602 806 creatus
616 733 656 802 A.
672 731 838 804 Cornelius
852 733 973 804 Cossus
985 735 1172 828 magistrum
1188 738 1276 831 eqni

5 846 11 868 “
78 843 84 850 ’
145 853 247 914 atum
266 843 345 912 dixit
365 844 407 913 Τ.
429 839 615 930 Quinctium
636 837 861 931 Capitolinum.

120 967 124 975 ·
283 949 354 1018 XII.
397 946 544 1017 Dictator
564 943 624 1014 etsi
644 944 799 1014 maiorem
820 943 1055 1014 dimicationem
1075 946 1275 1038 propositam

175 1053 264 1142 dpmi
285 1077 384 1144 quam
405 1051 482 1120 foris
504 1049 663 1133 cernebat,
683 1059 792 1119 tamen
812 1073 876 1118 sen
886 1049 960 1142 quia
975 1050 1136 1119 celeritate
1155 1053 1197 1120 ad
1211 1052 1276 1121 bel·

174 1160 245 1226 lum
266 1180 349 1248 opus
372 1167 440 1225 crat
460 1180 519 1224 seu
539 1153 671 1224 victoria
697 1152 923 1247 triumphoque
951 1154 1124 1223 dictaturae
1152 1155 1214 1247 ipsi
1232 1157 1276 1226 vi·

175 1285 228 1330 res
248 1283 285 1329 se
307 1261 487 1328 additurum
509 1269 605 1344 ratus,
626 1258 745 1327 dilectu
765 1257 874 1328 habito
890 1260 922 1326 in
936 1284 1048 1350 agrum
1061 1260 1276 1350 Pomptinum,

130 1375 165 1432 1⁰
176 1389 242 1456 quo
264 1389 284 1432 a
306 1365 434 1434 Vulscis
455 1362 631 1434 exercitum
651 1361 803 1431 indictum
820 1363 970 1448 audierat,
992 1364 1104 1454 pergit
1131 1388 1199 1433 non
1222 1366 1276 1434 du·

175 1469 252 1555 bito,
273 1481 400 1562 praeter
414 1469 592 1538 satietatem
606 1477 656 1536 tot
675 1466 739 1535 iam
758 1467 847 1536 libris
861 1468 992 1536 adsidua
1006 1467 1091 1535 bella
1113 1469 1276 1538 canul·

49 1659 52 1663 ἱ
176 1574 238 1642 scis
258 1583 348 1666 gesta
369 1574 548 1666 legentibus
568 1572 648 1640 illud
670 1595 799 1664 quoque
822 1595 1056 1654 succursurum,
1089 1573 1178 1661 quod
1199 1575 1278 1644 mihi

86 1710 94 1723 ¹
174 1676 375 1769 percensenti
394 1678 562 1770 propiores
576 1676 774 1767 temporibus
796 1676 911 1744 harum
931 1689 1039 1744 rerum
1051 1687 1199 1746 auctores
1220 1680 1276 1748 mi-

174 1782 285 1852 raculo
306 1782 376 1865 fuit,
396 1783 482 1850 unde
504 1780 621 1850 totiens
642 1779 733 1849 victis
756 1774 886 1850 Vulscis‘
907 1792 940 1849 et
954 1779 1075 1871 Aequis
1088 1777 1278 1855 ¹suffecerint

62 1875 71 1881 ’
128 1893 163 1954 15
174 1887 302 1955 milites.
339 1885 429 1976 quod
455 1907 531 1954 cum
558 1884 600 1952 ab
628 1884 764 1975 antiquis
790 1887 924 1954 tacitum
954 1885 1278 1982 praetemrissmnque

114 1981 118 1985 ⁶
173 1989 224 2075 sit,
246 1989 336 2059 cuius
356 1990 488 2058 tandem
507 2013 567 2082 ego
588 1989 635 2056 rei
656 1999 782 2080 praeter
804 1990 1001 2082 opinionem,
1030 2013 1113 2080 qnae
1134 2015 1195 2062 sna
1215 1995 1279 2064 cui-

832 2210 867 2224 ·-
885 2179 908 2236 P
925 2199 961 2239 m.
981 2177 1098 2237 1..—tllut
1114 2196 1278 2255 quoqne·-
1300 2198 1303 2202 ·

245 2266 303 2323 Pnl.
321 2297 356 2308 -
374 2265 402 2324 Μ
419 2286 455 2324 m.
473 2269 513 2322 3.:
531 2266 662 2324 uictoriae.

190 2354 218 2411 9.
246 2353 356 2410 dilectu
385 2351 487 2408 habito
517 2353 549 2407 in
584 2370 691 2430 agrum

242 2439 424 2516 pomptinnm
438 2446 503 2497 eet:
520 2437 580 2511 PM]
594 2437 646 2497 del.
656 2469 690 2480 -

831 2266 872 2325 lilt
889 2267 1047 2346 propriores
1058 2267 1236 2344 temporibus.
1245 2299 1276 2312 -

831 2351 896 2412 PM:
915 2373 1134 2412 succursurum.
1152 2351 1228 2415 Harl.
1245 2373 1278 2415 t:

831 2461 1001 2499 succursum.

245 2525 323 2582 -Pz
337 2546 391 2601 quo
409 2523 692 2581 auolaciaexercitum
734 2528 736 2535 '
761 2529 805 2589 14.
832 2531 913 2587 unde
929 2531 1038 2586 totiena
1055 2528 1144 2586 uictis
1165 2529 1278 2587 aulacia

244 2612 376 2671 indictum
393 2607 522 2670 audierat.
540 2611 583 2668 M:
602 2631 656 2689 quo
675 2631 690 2667 a

120 2762 123 2768 ,
245 2699 345 2756 nolscis
363 2701 509 2756 exercitum
524 2700 529 2771 Ι
545 2697 637 2756 induci
649 2701 689 2754 in·

158 2779 161 2787 ¹
244 2786 345 2845 dictum
368 2785 497 2846 andierat.
534 2784 578 2845 Cf.
601 2788 632 2855 2,
649 2788 689 2842 7.a

242 2875 364 2952 „fieri“.
382 2877 409 2944 4,
427 2876 484 2932 ota
509 2875 618 2931 interim
634 2871 689 2929 Ro·

242 2982 301 3018 mae
318 2963 456 3041 principes
473 2961 561 3040 plebis
575 2993 608 3004 -
628 2980 689 3016 coe·

241 3057 287 3103 tus
304 3048 424 3104 indicere
441 3051 470 3103 in
491 3048 588 3103 domos
604 3047 690 3103 tribu·

242 3132 454 3210 norum‘plebis.
484 3135 534 3201 10,
552 3135 610 3190 38.ε
632 3141 689 3190 tom

243 3221 376 3276 exercitus
403 3221 492 3277 omnis
516 3217 689 3298 Aquiloniam

242 3315 285 3364 eat
301 3307 429 3364 indictus.
448 3305 482 3366 ai.

27 3471 31 3479 ι
146 3396 215 3454 ι11.
240 3403 362 3471 praeter
386 3394 569 3454 sotietatem:
591 3393 627 3453 tl.
653 3426 688 3439 -

240 3479 276 3540 P:
294 3491 403 3560 praeter
418 3483 581 3541 sacietatem.
599 3480 643 3542 cf.
661 3484 688 3552 4,

241 3570 298 3627 ila
315 3577 422 3647 praeter
433 3570 544 3627 minime
558 3567 688 3647 populare

240 3654 428 3715 ministerium.

123 3796 128 3809 .
188 3771 223 3784 -
240 3741 374 3798 adsidua
391 3744 471 3801 della
488 3763 555 3801 cum
573 3744 686 3801 solacia
735 3780 737 3783 -

237 3826 385 3906 gestasti
409 3829 461 3885 cod
478 3829 566 3889 Rhen.
591 3861 625 3872 -
649 3830 685 3887 P:

240 3912 369 3971 adsiduae
390 3911 529 3976 bellaret.
559 3915 633 3976 Harl'.
652 3935 684 3976 t:

110 4047 114 4055 .
239 4000 368 4060 adsiduae
390 4000 518 4059 bellatum
545 4023 606 4061 cum
628 4003 685 4060 nol·

154 4098 161 4110 ·
219 4146 223 4157 „
239 4090 357 4148 scisset.
376 4088 457 4149 Reor.
468 4089 560 4149 codd:
570 4089 686 4149 assidue.

831 2625 862 2674 et
873 2618 959 2692 equis
972 2616 1147 2689 suffecerint
1154 2617 1278 2673 milites.-

796 2688 810 2706 X*
831 2702 890 2775 Pol]
913 2701 986 2760 unde
1008 2703 1090 2758 toties
1112 2702 1192 2760 victis
1214 2701 1278 2762 Vol·

830 2789 885 2848 scis
904 2799 932 2846 et
946 2790 1049 2866 Aequis
1067 2798 1117 2848 cet.

761 2877 804 2935 15.
832 2877 991 2953 quodcum
1006 2876 1191 2951 abantiquis
1207 2877 1278 2933 tasi·
1295 2870 1305 2879 '⁵

829 2972 893 3022 tum
907 2965 1212 3039 praetermissumque
1223 2964 1279 3020 ait:

830 3051 888 3109 Pol.
913 3082 947 3093 -
977 3049 1054 3110 Leid.
1077 3069 1095 3108 1.
1118 3049 1166 3108 al.:
1195 3050 1279 3128 quod

830 3157 896 3195 cum
925 3138 964 3194 ab
995 3138 1127 3213 antiquis
1156 3139 1277 3194 tacitum

827 3227 1071 3301 praetermissum
1088 3226 1136 3281 sr't.
1155 3222 1199 3283 Cf.
1218 3222 1277 3283 Cic.

830 3331 891 3390 epp.
905 3313 940 3368 ad
951 3311 1014 3370 sam.
1025 3314 1052 3379 3,
1064 3313 1102 3369 8.:
1120 3311 1209 3388 prima
1222 3310 1276 3367 duo

829 3401 917 3475 capita
948 3397 1079 3476 epistolae
1107 3406 1170 3455 tuae
1195 3398 1277 3454 tacita

828 3487 896 3541 mihi
911 3485 1109 3560 quodammodo
1124 3484 1277 3562 relinquen·

828 3571 863 3628 da
881 3580 952 3631 sunt.
970 3571 1043 3632 Harl.
1058 3592 1089 3632 t:
1109 3573 1277 3649 quodcum

776 3676 779 3683 ’
827 3660 867 3716 ab
884 3661 1015 3736 antiquis
1030 3660 1277 3737 praetermissum

828 3749 877 3804 air.
913 3747 969 3804 Sed
988 3747 1021 3808 cf.
1039 3753 1071 3817 5,
1090 3749 1145 3805 12:
1170 3744 1275 3816 „colla-

825 3841 882 3890 tum
892 3835 1049 3893 obedienter
1058 3837 1230 3910 missumque
1240 3832 1275 3890 ad

826 3923 973 3980 exercitum
991 3933 1040 3979 est.
1053 3953 1087 3964 -
1105 3921 1147 3980 M:
1166 3931 1274 3998 praeter

828 4010 1009 4085 oppinionem.
1027 4009 1149 4068 Prn.1.:
1167 4017 1275 4088 praeter

790 4141 797 4156 .
828 4097 1273 4176 oponionean.n1.2.:opinionem.
