2816 4726
482 313 485 324 ’
532 323 639 383 amun
656 325 704 388 tx.
1101 311 1166 380 ⁵25

59 487 172 556 decim
194 485 331 554 tanriliae
354 511 391 554 ea
414 491 604 580 tempestate
625 485 813 556 Potitiorum
837 501 952 572 essent,
973 483 1110 582 puberes
1125 489 1165 556 ad

59 594 207 684 triginta,
235 591 338 659 omnis
355 589 440 658 intra
463 616 580 660 annum
603 617 678 660 curn
700 593 797 684 stirpe
825 594 997 677 extinctos,
1025 619 1087 662 nee
1108 619 1164 662 no·

58 721 141 764 men
169 707 293 764 tantum
315 694 504 768 Potitiorum
531 696 675 764 interisse
702 699 760 765 scd
787 721 954 768 censorem
981 698 1077 766 etiam
1098 698 1161 788 Ap-

57 802 153 891 pium
168 800 302 866 memori
317 800 414 867 deum
428 801 472 870 ira
488 813 563 892 post
578 799 699 892 aliquot
713 801 814 871 annos
828 803 999 870 luminibus
1020 814 1160 894 captum.
1265 791 1278 842 A

151 903 256 970 XXX.
301 905 411 996 ltaque
444 907 592 974 eonsules
619 907 674 998 qui
702 931 778 975 eum
807 932 926 975 annum
953 908 1055 975 secuti
1086 917 1161 974 sunt
1177 918 1203 1002 ⁵„

57 1009 98 1076 C.
122 1006 230 1076 Iunius
252 1007 415 1076 Bubulcus
436 1009 565 1078 tertium
587 1021 620 1078 et
642 1011 682 1098 Q.
704 1011 859 1079 Aemilius
880 1011 1019 1080 Barbula
1044 1011 1160 1078 iterum
1208 1096 1210 1113 Ι
1331 1049 1336 1057 =

57 1115 149 1181 initio
173 1113 245 1180 anni
269 1111 372 1203 questi
395 1115 479 1204 apud
494 1115 651 1207 populum
666 1117 879 1210 deformatum
896 1118 1041 1185 ordinem
1061 1141 1159 1206 prava

58 1218 201 1286 lectione
211 1243 214 1254 ·
224 1227 362 1300 senatus,
384 1242 447 1309 qua
470 1220 611 1310 potiores
626 1221 748 1311 aliquot
761 1221 852 1290 lectis
867 1220 1027 1311 praeteriti
1043 1231 1158 1302 essent,

55 1331 257 1412 negaverunt
278 1346 350 1388 eam
371 1321 542 1392 lectionem
564 1347 600 1392 se
623 1349 705 1416 quae
727 1326 795 1394 sine
817 1325 895 1393 recti
920 1324 1076 1416 pravique
1098 1325 1158 1394 dis-

56 1427 190 1494 crimine
212 1427 252 1492 ad
274 1425 406 1516 gratiam
428 1451 465 1496 ac
480 1426 642 1496 libidinem
663 1429 747 1498 iacta
770 1443 855 1499 esset
870 1431 1103 1513 observaturos,
1125 1439 1158 1496 et
1171 1439 1206 1504 to
1234 1508 1237 1517 Ι

54 1543 206 1600 senatum
228 1531 391 1622 externplo
419 1533 594 1603 citaverunt
621 1557 661 1602 eo
690 1535 800 1624 ordine
829 1535 883 1628 qui
912 1545 986 1602 ante
1008 1557 1158 1602 censores

55 1637 142 1728 App.
165 1636 334 1704 Claudium
362 1649 395 1706 et
417 1636 460 1704 C.¹
476 1637 637 1706 Plautium
658 1639 771 1708 luerat.
809 1651 842 1710 et
869 1641 934 1706 duo
961 1638 1094 1729 imperia
1116 1661 1157 1705 eo

56 1765 143 1810 anno
167 1741 233 1808 dari
256 1755 370 1833 coepta
392 1767 450 1834 per
470 1742 628 1833 populum
655 1753 790 1834 utraque
814 1742 1003 1834 pertinentia
1025 1743 1066 1810 ad
1087 1765 1160 1808 rem

53 1847 237 1932 militarem,
265 1871 367 1914 unum
393 1859 430 1914 ut
456 1848 573 1914 tribuni
600 1846 737 1916 militurn
765 1849 834 1916 seni
856 1848 929 1916 deni
950 1845 983 1912 in
1006 1857 1157 1937 quattuor

53 1953 197 2044 legiones
220 1977 238 2018 a
261 1951 382 2044 populo
406 1963 601 2035 crearentur,
630 1961 713 2044 quae
741 1959 833 2020 antea
860 1975 1017 2042 perquam
1043 1939 1154 2039 paucis
1168 1960 1202 2017 ts

55 2057 204 2149 suffragio
227 2055 338 2148 populi
360 2055 477 2124 relictis
499 2055 580 2124 locis
602 2057 792 2126 dictatorum
815 2068 848 2126 et
863 2055 1031 2124 consulum
1053 2055 1154 2122 ferme

54 2163 179 2231 fuerant
206 2151 375 2230 beneficia:
408 2160 509 2228 tulere
532 2183 604 2228 eam
625 2160 824 2253 rogationem
846 2160 961 2228 tribuni
983 2159 1095 2252 'plebei
1116 2159 1153 2226 L.

70 2357 97 2414 5.
126 2357 226 2430 itaque
246 2359 323 2414 coss.
351 2357 492 2430 quicum
513 2373 566 2410 an·
707 2357 733 2416 ὓ.
751 2353 781 2415 Ρ.
803 2385 837 2396 -
860 2350 1153 2412 Mm.1.=atduosie·

123 2463 192 2500 num
209 2443 303 2500 secuta·
319 2453 403 2500 aunt:
420 2439 451 2501 P.
469 2473 503 2486 -
524 2440 565 2498 tu:

122 2533 213 2607 itaque
239 2537 329 2588 conss.
356 2541 408 2586 eet.
437 2561 472 2574 --
502 2527 565 2586 Pul:

123 2619 211 2696 questi
229 2603 465 2693 apud⁸populum
482 2615 564 2676 Reec.

121 2705 231 2782 quidam
248 2702 342 2760 codd:
360 2705 447 2778 questi
459 2703 504 2758 od
515 2723 564 2778 po·

121 2791 222 2869 pulum.
240 2789 284 2847 Cf.
296 2791 322 2856 3,
336 2791 391 2846 10.:
409 2791 504 2844 iactata
517 2809 566 2866 per

121 2879 225 2956 aliquot
246 2877 304 2936 dies
326 2893 387 2930 curn
413 2875 441 2931 in
471 2883 565 2930 acuatu

119 2987 163 3024 res
185 2975 242 3024 tum
264 2961 337 3042 apud
362 2960 491 3040 populum
515 2971 565 3022 est.

121 3085 155 3096 -
168 3051 229 3110 Ptt:
242 3073 315 3130 „qua
328 3053 448 3129 potiores
461 3049 565 3124 aliquot

120 3143 197 3198 lectis
209 3140 347 3218 praeteriti
360 3144 484 3194 esseut“:
503 3137 529 3197 h.
539 3158 563 3198 e.

119 3247 171 3306 qua
197 3226 313 3284 lectione
336 3225 426 3284 multi
441 3227 564 3283 homiues

118 3317 188 3374 bene
199 3315 234 3371 de
245 3313 380 3392 republica
390 3315 478 3370 meriti
486 3333 562 3389 praa·

120 3405 191 3460 teriti
210 3412 315 3468 essent,
337 3403 458 3476 quamvis
476 3399 562 3473 digui-

118 3501 173 3547 tate
189 3488 269 3564 longa
285 3497 453 3565 praestarent
475 3485 561 3546 lectis.

118 3575 248 3636 ablativus
268 3577 352 3633 lectis
374 3576 444 3631 enim
464 3573 562 3650 pendet

117 3683 149 3722 cx
165 3665 305 3740 potiores.
317 3658 386 3718 -P
403 3681 439 3720 m.
458 3665 494 3720 1.a
513 3652 562 3721 ob·¹

118 3761 279 3810 seruatores.
308 3769 345 3810 m.
367 3751 407 3808 22
434 3749 559 3806 obserua·

116 3847 199 3898 turos.
212 3867 246 3880 -—
264 3837 304 3896 ll:
323 3837 448 3914 quiante
466 3831 559 3894 censo·

117 3943 160 3980 res
177 3931 220 4004 ap.
238 3931 265 4004 p.
282 3923 391 3982 claudia‘r
409 3934 436 3981 et
448 3931 471 3984 e.
482 3922 558 4004 plau·

117 4013 186 4070 cium
204 4011 298 4072 luerat.

51 4101 93 4160 tu.
119 4109 146 4157 et
157 4100 217 4158 duo
230 4101 345 4174 inperia
355 4119 390 4157 eo
401 4117 479 4156 anuo
490 4097 561 4155 clara·

706 2447 746 2500 ria
766 2463 797 2498 ao
816 2461 886 2498 anno
904 2439 967 2498 ¹dari
989 2449 1083 2518 coepta
1101 2449 1152 2498 cet.

706 2549 742 2588 m.
760 2532 801 2588 2:
819 2539 846 2585 et
864 2528 918 2586 duo
935 2529 1024 2606 iperio
1036 2547 1068 2584 eo
1082 2547 1152 2583 anuo

705 2627 757 2675 cet.
776 2647 809 2662 -·
827 2616 870 2672 tl:
888 2626 1003 2692 utroque
1017 2617 1165 2692 ptinentia·

707 2704 742 2760 ad
765 2721 821 2760 rem
842 2702 985 2758 militarem
1011 2721 1093 2760 uuum
1121 2711 1151 2758 ut
1210 2731 1214 2740 =

707 2796 742 2848 ti.
759 2789 818 2845 seni
841 2788 904 2844 deni
922 2792 949 2844 in
972 2797 1096 2862 quattuor
1112 2787 1149 2844 le·

706 2877 801 2950 gionea
824 2884 874 2932 eat.
904 2873 939 2930 P:
967 2893 1049 2929 unum
1071 2883 1101 2929 ut
1123 2880 1150 2930 ti
1235 2939 1241 2950 ¹

705 2963 755 3018 unl
771 2961 831 3018 seni
847 2960 910 3018 deul
923 2969 974 3019 cet.
983 2991 1017 3002 --
1030 2959 1070 3019 tl:
1089 2981 1149 3038 per·

706 3069 785 3126 quam
802 3051 895 3127 paucis
918 3048 1046 3128 suffragio
1063 3067 1149 3126 popu·

648 3151 659 3174 -’
705 3135 739 3194 lis
757 3137 858 3196 relictis
875 3135 951 3196 locis.
970 3169 1002 3180 -
1023 3135 1065 3195 Cf.
1085 3139 1110 3204 7,
1122 3137 1149 3192 5.

704 3245 758 3302 quo
780 3224 841 3282 loeo
864 3223 989 3300 legimus,
1012 3244 1072 3282 eum
1093 3225 1149 3302 pri-

704 3332 776 3369 mum
793 3311 940 3391 placuisset
957 3311 1079 3367 tribunos
1098 3313 1162 3378 mi„

700 3399 782 3456 litum
809 3399 843 3456 ad
870 3399 991 3474 legiones
1020 3397 1148 3472 suffragio

702 3485 773 3556 fieri,
790 3505 853 3543 seua
872 3485 932 3542 loca
945 3484 1038 3564 populi
1053 3485 1148 3541 suffra·

702 3576 753 3650 giis
785 3576 814 3630 in
851 3583 993 3652 quaternas
1028 3572 1148 3648 legiones

703 3661 773 3729 data,
791 3661 892 3739 reliqua
912 3671 1007 3734 octona
1022 3659 1089 3716 dena
1104 3661 1147 3718 be·

702 3749 798 3805 nelieio
817 3749 957 3807 consulum
979 3748 1086 3805 relicta:
1112 3748 1145 3806 ab

700 3835 754 3892 boc
777 3835 841 3892 iude
862 3857 932 3892 anno
955 3836 1078 3894 videmus
1105 3855 1145 3890 se·

699 3941 750 3979 uos
768 3921 853 3980 densa
871 3925 996 3981 tribunos
1008 3923 1145 3996 suffragio

699 4008 793 4088 populi
803 4021 917 4079 creatos,
935 4019 1047 4068 octonos
1057 4029 1071 4064 a
1082 4027 1144 4064 con·

698 4096 802 4154 nulibus
820 4097 915 4157 lectos.

10 4227 12 4230 -
117 4195 217 4262 coeptu
232 4205 287 4262 per·
301 4187 459 4263 populum.-
477 4184 504 4242 lt
521 4205 557 4244 an.
622 4154 673 4243 ¹17.
700 4185 796 4245 tulere
815 4186 881 4244 cana
892 4185 1076 4266 rogationem
1092 4184 1142 4240 trt-
