2780 4720
174 373 179 408 ¹
216 303 284 372 cro
398 385 400 390 ,
647 315 878 378 urrunnun

219 479 437 571 praeferretur.
460 477 497 547 L.
513 478 679 548 Cornelius
701 480 814 548 consul
835 479 867 545 in
882 477 1023 546 Sardinia
1046 488 1078 545 et
1093 472 1246 540 Corsica
1267 493 1345 535 con-

219 597 267 652 tra
288 583 407 651 Sardos
429 595 462 650 et
484 583 602 666 Corsos
630 595 663 651 et
683 583 874 652 Hannonem
895 585 1076 652 Poenorum
1104 581 1239 646 ducem
1278 573 1345 639 feli-

220 688 297 756 citcr
319 689 480 778 pugnavit.
513 689 630 764 Atilius
650 688 821 764 Calatinus.
840 688 951 760 consul
964 687 1104 756 eumin
1128 685 1263 752 locum
1291 678 1345 744 ini-

221 816 322 883 quum
350 817 370 860 ²
396 792 512 874 P⁰⁰¹tl⁵
540 793 784 866 circumsessum
810 805 930 862 temere
958 790 1134 864 exercitum
1167 786 1343 856 duxisset

185 897 266 968 att.
294 896 456 988 Calpurnii
483 889 602 966 tribuni
626 899 762 978 rnilitum
789 899 904 972 virtute
932 903 964 968 et
991 921 1090 988 opera
1116 892 1249 974 evasit,
1288 889 1342 979 qui

222 1025 297 1071 orno
318 1003 475 1082 trecentis,
488 1003 639 1084 militibus
661 1003 826 1094 eruptione
849 1005 940 1076 laeta
953 1003 1064 1074 hostes
1084 1001 1119 1068 in
1135 1021 1172 1067 se
1194 1021 1339 1066 conver-

193 1149 205 1182 ,-
221 1117 311 1174 terat
342 1107 502 1177 Hannibal
528 1110 593 1180 dux
614 1109 796 1180 Poenorum
818 1106 902 1198 uicta
930 1109 1030 1176 alasse
1059 1106 1111 1173 cui
1141 1105 1338 1196 praefuerat

223 1236 240 1280 a
263 1211 414 1285 militibus
436 1214 504 1284 suis
522 1214 557 1282 in
571 1214 933 1308 oruceru'sublatuscst.
956 1211 1071 1284 Atilius
1088 1212 1244 1302 Regulus
1263 1234 1335 1278 con-

223 1315 274 1384 sul
297 1316 388 1390 victis
405 1318 514 1388 navali
536 1320 658 1409 proelio
680 1318 797 1388 Poenis
819 1319 852 1386 in
872 1318 1012 1388 Africam
1033 1317 1166 1386 traiecit.
1281 1375 1285 1382 .

313 1587 347 1600 ··
391 1586 451 1602 ··’“
534 1567 580 1638 ’,
639 1550 994 1662 ''XVIH.''J'³‘J
1042 1585 1064 1593 ''

189 1717 226 1791 10'
265 1787 269 1796 .
311 1731 427 1804 Atilius
446 1733 589 1828 Regulus
610 1733 643 1802 in
664 1734 771 1806 Africa
799 1747 982 1828 serpentem
1009 1745 1249 1827 portentuosae
1272 1757 1329 1798 ma

221 1837 391 1926 gniturlinis
415 1835 490 1908 cum
512 1864 627 1932 magna
648 1840 785 1907 militurn
807 1841 897 1908 clade
912 1841 1035 1925 occidit,
1058 1853 1091 1909 et
1106 1839 1329 1928 cum-aliquot

221 1942 350 2030 procliis
373 1944 455 2012 bene
479 1947 630 2012 adversus
654 1945 928 2036 Carthaginienses
950 1957 1123 2037 pugnasset
1146 1967 1327 2012 successor-

222 2069 285 2132 que
308 2047 337 2113 ei
360 2073 378 2114 a
401 2060 514 2116 senatu
537 2073 688 2140 prospere
710 2050 832 2116 bellum
854 2051 975 2140 gerenti
996 2075 1061 2118 non
1083 2050 1277 2122 mitteretur,
1297 2044 1354 2108 id

222 2145 329 2236 ipsum
350 2177 409 2240 per
431 2152 550 2223 litteras
573 2153 613 2220 ad
635 2165 782 2222 senatum
808 2154 921 2221 missas
948 2166 1080 2246 questus
1112 2166 1175 2238 est,
1205 2147 1239 2216 in
1265 2149 1321 2238 qui·
1353 2121 1354 2242 l

177 2253 211 2309 15
223 2248 315 2317 bns
304 2263 385 2320 mter
408 2263 519 2322 causas
542 2259 670 2346 petendi
693 2253 890 2326 successoris
909 2266 977 2326 erat
998 2251 1085 2344 quod
1110 2239 1234 2342 agellus
1261 2254 1354 2319 eins

222 2371 240 2417 a
264 2362 488 2426 mercennariis
512 2361 655 2428 tlese'rtns
678 2373 772 2430 esset.
807 2371 979 2454 quaerente
1002 2353 1116 2426 deinde
1138 2355 1271 2440 fortuna
1290 2371 1318 2426 ut

222 2478 374 2546 magnum
396 2463 561 2553 utriusque
590 2485 683 2531 casus
712 2466 936 2558 exemplum
924 2490 957 2532 rn
979 2461 1101 2554 Regulo
1127 2456 1316 2552 proderetur

217 2561 369 2628 arcessito
401 2565 753 2657 aCarthaginieusibus
781 2569 967 2662 Xanthippo
996 2567 1315 2642 Lacedaemoniorum

221 2663 301 2732 duce
324 2667 426 2777 victus
449 2673 572 2762 proelio
596 2683 628 2740 et
650 2685 762 2766 captus
786 2685 844 2743 est.
870 2699 921 2742 res
944 2673 1057 2741 deinde
1075 2699 1093 2739 a
1110 2673 1246 2742 ducibus
1261 2647 1353 2741 llo-l

236 2841 297 2900 1.
288 2861 317 2898 m
335 2842 460 2902 Sardinia
482 2857 575 2904 eontra
594 2846 697 2904 Sardos
713 2859 737 2900 ἄ
808 2852 851 2911 lb.
877 2849 1314 2924 portentuosemagniladiniacnm

265 2949 278 2971 ι
290 2927 406 3065 Gausapa
424 2943 448 2985 sa
465 2931 624 3008 Hannonem
641 2933 735 2992 Ptenc-
876 2937 990 2993 maxima
1009 2934 1122 2992 militnm
1141 2935 1224 2995 clade.

289 3028 349 3065 rnnr
388 3029 472 3069 ucern.

238 3099 264 3155 3.
277 3113 280 3126 ¹
291 3095 402 3170 Attillus
420 3094 567 3161 Calatinus.

238 3211 273 3238 -.·
292 3203 353 3240 cum
369 3185 399 3241 iu
417 3183 735 3265 locnnriniqunmaPffi.

290 3273 334 3326 nia
352 3272 557 3332 circumsessum
570 3287 671 3336 temere
688 3280 736 3338 du·

175 3353 179 3367 ¹
291 3359 376 3416 xbaat
396 3363 551 3423 exercitum.

237 3445 263 3502 5.
290 3445 324 3504 lll.
344 3443 475 3506 Callumjt
494 3449 549 3509 Tri,
566 3443 696 3511 Mimans
806 3439 848 3498 15.
874 3437 985 3514 petendi
1003 3439 1179 3494 successoris:
1201 3457 1226 3514 q,
1247 3439 1309 3514 agel·
1350 3461 1351 3489 t

236 3533 263 3589 6.
289 3533 318 3588 in
335 3551 365 3590 aa
383 3540 524 3596 conuertit,
718 3533 719 3540 ’
874 3525 917 3582 lun
941 3530 999 3583 eius
1021 3547 1036 3581 a
1061 3529 1245 3582 mercennariis
1270 3526 1306 3580 di·

176 3613 181 3620 “
236 3620 263 3676 7.
291 3621 406 3678 Annibal
423 3623 487 3680 Dux
504 3623 652 3686 Ρῃῃοηιῃ,
873 3622 1030 3672 uastaretnr.
1061 3613 1196 3686 Quaentc
1217 3611 1305 3668 deinde

236 3734 269 3746 -
289 3706 431 3780 prelaerat.
760 3755 762 3760 .
873 3693 979 3758 lortnna
1003 3711 1033 3756 nt
1055 3719 1177 3775 magnum
1200 3703 1301 3772 utriusq;

235 3795 261 3851 8.
289 3793 397 3852 anitius
415 3794 539 3872 Regulus.
872 3808 960 3847 maus.

234 3882 262 3936 9.
289 3879 374 3957 prelio
396 3881 489 3942 Petris:
512 3886 542 3942 in
563 3886 653 3944 atrior
677 3899 729 3944 tra·
801 3893 843 3949 18.
871 3895 1001 3948 accersito
1025 3887 1298 3960 acartlraginenribrs

288 3969 358 4025 iecit.
870 3979 1026 4057 Xanthippo
1080 3974 1296 4055 taceteuontoltr

217 4051 260 4108 10.
285 4051 324 4108 ll:
350 4056 392 4112 Ex
417 4056 495 4116 libro.
521 4077 594 4120 xrnr.
618 4060 730 4120 Attilius
868 4065 959 4122 Duce:
988 4069 1075 4124 nictus
1096 4063 1180 4142 prelio
1204 4072 1226 4114 ἁ
1256 4081 1294 4116 ca·

284 4138 409 4214 llegnlttfl.
762 4225 766 4234 1
867 4161 930 4227 plna
948 4153 973 4210 ἓ.
1348 4145 1349 4150 ¹

807 3049 849 3104 11.
877 3047 979 3124 aliquot
997 3043 1089 3122 preliis
1102 3045 1242 3126 aduersum
1255 3047 1313 3104 Car·
1351 3023 1352 3103 Ξ

876 3135 1003 3209 thagineri
1031 3143 1188 3210 pugnasset:
1214 3156 1313 3194 succes

875 3241 958 3310 sorq3.

806 3327 849 3384 14.
876 3328 973 3383 missas
992 3330 1135 3404 coquestus
1154 3335 1201 3385 est.
