2618 4590
513 282 623 345 LIBER
639 282 709 344 vm.
837 288 841 301 ·
1097 271 1164 342 999

59 459 125 516 tres
146 448 316 541 conscripti
340 471 428 514 arma
450 470 565 537 capere
589 446 655 512 deis
679 446 832 513 ducibus?
859 447 904 514 sic
932 460 1044 516 stratas
1066 449 1163 541 legio·

24 614 29 625 .
59 576 117 621 nes
134 553 321 622 Latinorum
344 552 438 637 dabo,
461 576 559 643 quern
581 552 622 618 ad
643 551 778 618 modurn
791 550 933 641 legatum
946 550 1104 620 iacentem
1119 555 1163 621 vi·

60 660 176 726 detis“.
214 659 352 725 adsensu
374 657 487 749 populi
508 666 643 747 excepta
665 679 732 724 vox
759 655 900 724 consulis
925 667 1052 723 tantum
1073 658 1162 726 'ardo-

10 834 12 841 ,
58 763 100 830 ris
124 761 235 830 animis
250 763 342 847 -feeit,
364 773 402 830 ut
423 746 547 852 legatos
569 760 808 851 proficiscentes
831 785 906 828 cura
922 761 1162 852 magistratuum
1220 804 1223 816 ·

57 868 169 958 magio,
192 866 247 956 qui
268 867 356 934 iussu
371 867 511 936 consulis
527 866 812 957 prosequebantur,
836 867 998 957 quamius
1021 867 1163 957 gentium
1180 876 1197 932 5

60 970 101 1036 ab
129 971 175 1038 ira
203 971 389 1062 impetuque
416 971 584 1039 hominum
611 981 743 1061 tegeret.
783 970 954 1038 Consensit
976 983 1009 1039 et
1034 983 1163 1040 senatus
1227 990 1233 999 '

60 1077 190 1160 bellurn,
213 1076 428 1167 consulesque
450 1076 575 1144 duobus
598 1074 724 1171 scriptis¹
745 1075 936 1143 exercitibus
958 1100 1017 1166 per
1037 1075 1163 1142 lilarsos

58 1183 272 1273 Pelignosque
305 1180 441 1272 profecti
470 1181 619 1249 adiuncto
646 1180 838 1247 Samnitium
864 1182 1007 1248 exercitu
1038 1181 1078 1247 ad
1105 1179 1165 1246 Ca·

58 1311 170 1378 puam,
197 1309 263 1379 quo
284 1286 350 1354 iarn
370 1286 474 1354 Latini
496 1285 639 1377 sociique
661 1277 891 1371 convenerant,
920 1296 1022 1354 castra
1044 1274 1163 1352 locant.

57 1393 101 1459 ibi
122 1391 156 1458 in
178 1392 287 1483 quiete
308 1393 435 1484 utrique
458 1391 581 1460 consuli
603 1392 717 1458 eadem
740 1390 853 1457 dieitur
873 1391 942 1459 visa
964 1390 1088 1482 species
1105 1389 1163 1457 viri
1176 1399 1211 1454 1⁰

58 1497 186 1565 maioris
215 1521 314 1588 quarn
341 1520 401 1587 pro
427 1496 569 1563 humano
597 1495 709 1562 habitu
737 1496 989 1588 augustiorisque
1022 1495 1164 1577 dicentis,

59 1615 100 1670 'ex
122 1625 186 1669 una
209 1598 276 1669 acic
299 1601 526 1692 imperatorem
548 1624 591 1668 ex
614 1599 712 1666 altera
735 1599 911 1666 exercitum
929 1600 995 1666 deis
1017 1600 1163 1665 manibus

58 1705 217 1796 matrique
238 1717 342 1773 terrae
365 1703 489 1771 deberi:
517 1705 619 1771 utrius
642 1703 800 1771 exercitus
823 1705 995 1794 imperator
1021 1703 1163 1794 legiones

57 1809 203 1879 hostium
224 1832 386 1901 superque
410 1832 464 1875 eas
486 1831 523 1876 se
545 1808 744 1892 devovisset,
771 1809 839 1876 eius
861 1808 973 1899 populi
1001 1808 1164 1897 partisque
1262 1824 1266 1831 ’

57 1908 226 1983 victoria'm
248 1914 327 1985 fore.
364 1904 426 1982 bo's
452 1913 510 1982 ubi
531 1924 705 1983 nocturnos
728 1903 815 1982 risus
841 1913 924 1981 inter
950 1936 986 1980 se
1015 1912 1164 1981 consules
1178 1920 1211 1975 15

129 2152 236 2211 quo-
258 2132 311 2190 diis
333 2130 457 2195 ducibus.
479 2165 514 2177 -
541 2132 577 2190 P:

129 2240 241 2298 uosque.
271 2244 299 2300 p.
327 2228 352 2280 ὅ.
378 2242 451 2279 arma
483 2242 579 2301 capere

130 2307 207 2365 debis
220 2308 342 2366 ducibus.
355 2340 390 2353 -
402 2309 443 2368 ll:
461 2311 499 2368 ait
509 2321 578 2368 atra·

128 2404 172 2451 tus
189 2393 260 2472 legio
275 2397 281 2468 Ι
296 2416 354 2456 nes.

720 2131 810 2209 doque
827 2152 891 2210 pars
908 2133 995 2188 maior
1008 2151 1102 2189 eorum
1120 2133 1167 2208 qui

720 2220 832 2277 aderant
859 2223 888 2277 in
917 2219 1030 2278 eandem
1060 2228 1167 2290 senten-1

719 2309 785 2365 tiam
807 2306 877 2375 ibat,
901 2306 1000 2364 bellum
1022 2316 1080 2362 erat
1102 2327 1166 2363 con-

719 2414 837 2453 sensum.
850 2423 883 2437 -
897 2394 939 2451 lll:
957 2393 1056 2452 bellum
1076 2414 1167 2472 quoq.

75 2477 103 2545 3.
129 2483 265 2540 adsensu
271 2485 377 2560 populi
385 2494 579 2561 exceptouoa:

130 2570 578 2631 consulistantumardorirani·

129 2658 187 2712 mis
198 2654 293 2729 fecit.-
310 2657 370 2719 ΡΜ.
388 2691 422 2704 ·-
448 2659 530 2720 Voss.
549 2681 577 2720 rr.

131 2741 182 2801 al.:
201 2753 310 2819 accepta
328 2765 390 2803 uox.
410 2747 455 2806 Ul.
474 2750 499 2815 2,
518 2751 576 2808 ott:

132 2848 192 2885 eam
210 2848 267 2886 rem
280 2830 404 2888 consuler
417 2836 467 2889 rati
479 2844 509 2890 ut
521 2845 578 2891 erat

131 2915 312 2993 perniciosam
335 2917 370 2973 ad
389 2929 483 2996 patres
507 2920 579 2977 dele·

132 3011 196 3061 rant
219 3003 270 3060 red
295 3003 411 3062 delatam
438 3007 580 3065 considere

131 3089 228 3146 ordine
250 3111 306 3149 non
328 3092 417 3163 licuit,
445 3095 513 3152 adeo
537 3106 594 3169 tu-¹

131 3175 266 3235 multuose
288 3192 399 3258 excepta
422 3193 463 3238 cst
480 3174 595 3242 clamo·'

131 3264 207 3321 ribus
225 3267 345 3344 undique
356 3279 384 3324 et
395 3271 580 3345 indignatione

132 3361 240 3431 patrum
262 3364 312 3412 cet.
343 3388 377 3398 —
407 3357 439 3414 ln
464 3357 542 3418 Leid.
561 3379 579 3419 r.

131 3438 211 3499 Voss.
229 3458 257 3498 rr.
276 3439 309 3500 al.
328 3444 428 3501 excidit
445 3467 526 3507 curo.
545 3478 580 3490 -

132 3524 195 3584 Plll:
224 3529 271 3604 qui
294 3529 370 3586 iussu
393 3539 463 3590 co‘si.
487 3555 580 3611 prose·

134 3615 293 3692 quebantur.
308 3646 342 3659 -
361 3616 403 3674 lll:
421 3621 454 3676 ab
473 3624 512 3679 ira
531 3625 581 3681 im·

132 3708 198 3778 potu
216 3711 267 3780 qui
285 3702 425 3763 bominum
443 3717 551 3784 tegeret.

77 3792 107 3851 6.
135 3793 285 3848 consensit
311 3802 340 3850 et
369 3805 493 3853 senatus
522 3797 581 3854 oet-

42 3886 75 3955 '.
133 3878 212 3934 lum:
230 3877 286 3936 Ptt.
324 3879 367 3962 Cf.
389 3885 418 3949 1,
436 3885 493 3943 3¹2st
519 3884 583 3940 indo

134 3963 230 4021 ordine
248 3964 294 4026 alii
310 3970 481 4046 rogabantur,
500 3992 583 4050 quan·

720 2481 826 2539 duobus
856 2484 966 2563 scriptio
995 2483 1166 2541 exercitibus.

719 2569 754 2626 P:
772 2576 843 2629 cois.
862 2590 914 2647 que
933 2569 1039 2626 duobus
1058 2566 1110 2629 coi.
1130 2600 1166 2611 -

718 2656 759 2714 tt:
777 2659 936 2714 samnicium
955 2658 1083 2729 exercitu.

649 2782 692 2838 to.
721 2779 762 2834 ibt
782 2781 812 2835 in
836 2780 935 2852 quiete
962 2780 1080 2854 utrique
1106 2783 1166 2836 coi.

722 2865 827 2919 cadem
846 2860 955 2919 diariur
974 2866 1041 2920 uisa
1053 2867 1166 2938 species
1275 2892 1281 2899 ·

721 2951 781 3006 uiri
796 2951 919 3007 maioris
933 2970 1022 3027 quam
1037 2971 1095 3026 pro
1113 2951 1166 3007 ltu·

721 3057 809 3094 mano
840 3037 945 3095 habitu
970 3041 1167 3119 augustioris·
1246 3038 1255 3047 '

722 3145 795 3202 que:
824 3124 899 3184 Pm.
919 3128 945 3187 2.
967 3127 1027 3187 cod.
1046 3126 1105 3187 Gel.
1132 3157 1168 3170 -

720 3210 743 3270 P
765 3233 801 3272 m.
826 3215 865 3274 1.z
892 3217 1027 3291 utrimque
1050 3220 1107 3293 coi.
1132 3244 1168 3256 -

721 3300 763 3357 tl:
786 3302 825 3356 ibi
849 3304 958 3378 inquete
981 3306 1088 3379 utrique
1111 3306 1169 3361 cos'.

722 3388 816 3444 cadem
834 3386 875 3444 di.
894 3390 952 3444 uisa
970 3392 1075 3464 species
1092 3399 1142 3448 cet.

653 3512 696 3571 12.
725 3511 791 3567 doio
809 3507 962 3568 monibus?
988 3511 1064 3572 Pm.
1083 3514 1108 3571 2.
1126 3512 1169 3597 ld]

724 3597 777 3653 diis
800 3602 932 3656 manibus.
959 3631 994 3643 -
1023 3600 1049 3658 Ρ
1072 3620 1107 3660 m.
1132 3604 1170 3661 l.:

723 3686 801 3742 dehis
819 3687 951 3747 manibus.

655 3799 698 3858 15.
727 3798 783 3856 hoo
796 3799 847 3856 ubi
856 3809 1017 3885 nocturnos
1031 3801 1114 3855 uisus
1123 3799 1171 3854 'in-

725 3895 771 3942 ter
800 3908 834 3943 oe
862 3894 939 3945 coti.
969 3888 1170 3943 contulerunt:

727 3972 1159 4033 Pm.t.tt.-Pm.1.:utsor.

1103 4079 1119 4119 Ι
