2618 4590
71 278 78 291 ’
150 293 216 362 ‘260

613 304 723 365 LIBER
740 302 798 365 Vll,

460 420 484 449 ‘b

45 552 51 564 .
154 467 306 538 attonitos
328 480 362 536 et
388 467 470 536 eirea
498 466 616 535 collem
644 467 832 536 castellatim
866 468 1045 559 dissupatos
1069 468 1253 558 adgredere-

154 585 222 641 tur:
261 575 390 641 credere
413 573 510 641 etiam
538 572 662 664 aliquos
693 574 791 640 adse
815 575 1016 664 sequendum
1044 574 1181 641 emissos
1201 598 1258 664 per

154 679 272 747 saltum
294 679 409 770 vagari.
446 677 551 744 iussae
574 677 717 768 legiones
740 702 826 745 amm
849 703 962 770 capere
980 702 1194 770 egressaeque
1210 686 1257 747 cass

154 781 235 866 stris,
259 808 333 851 eum
356 807 413 874 per
436 774 654 873 exploratores
675 783 781 877 notior
802 784 866 850 iam
888 785 987 851 saltus
1011 796 1104 867 esset,
1129 785 1183 851 via
1205 809 1256 875 pa·
1295 778 1300 793 ⁹

125 887 289 956 stentiore
312 889 352 955 ad
374 889 503 955 hostem
525 888 691 970 ducuntur,
714 911 813 977 quem
834 889 997 956 incautum
1020 889 1183 978 inproviso
1208 890 1257 955 ad·

156 1003 259 1077 ortae,
288 1017 363 1060 cum
384 993 483 1083 palati
509 993 629 1082 passim
651 992 841 1062 Samnitium
867 995 982 1061 milites
1007 993 1158 1089 plerique
1181 993 1257 1060 irrer-

155 1119 224 1164 mes
246 1121 307 1165 nec
330 1098 415 1164 coire
436 1097 470 1163 in
492 1121 592 1164 unum
614 1120 674 1164 nec
696 1123 783 1165 arma
811 1122 925 1191 capere
955 1123 1016 1166 nec
1043 1098 1188 1188 recipere
1215 1099 1258 1163 irr.

156 1211 205 1267 tra
227 1201 347 1269 vallum
370 1225 404 1268 se
427 1215 574 1291 possent,
596 1215 768 1294 paventem
790 1205 929 1293 primum
950 1205 984 1269 in
1006 1214 1109 1270 castra
1133 1201 1258 1292 conpel-

123 1377 126 1386 .
156 1303 236 1388 lunt,
259 1305 371 1373 deinde
396 1318 498 1375 castra
519 1308 587 1398 ipsa
610 1309 742 1376 turbatis
762 1309 953 1377 stationibus
969 1309 1107 1398 capiunt.
1143 1307 1260 1399 perfer·

41 1462 45 1469 .
108 1410 144 1468 10
155 1418 209 1475 tur
231 1409 314 1476 circa
337 1409 455 1477 collem
477 1411 599 1505 clamor
618 1411 771 1503 fugatque
794 1437 835 1481 ex
862 1414 927 1480 suis
952 1436 1114 1503 quemque
1143 1412 1259 1503 praesi-

156 1511 232 1581 diis:
253 1514 297 1581 ita
317 1536 433 1605 magna
455 1540 529 1607 pars
552 1517 675 1585 absenti
696 1517 781 1585 hosti
796 1519 904 1586 cessit:
929 1541 1010 1608 quos
1033 1518 1115 1584 intra
1137 1517 1259 1585 vallum

156 1628 264 1704 egerat
289 1628 456 1708 pavor-
484 1622 573 1690 fuere
603 1634 712 1692 autem
738 1625 779 1691 ad
808 1623 933 1713 triginta
961 1623 1116 1690 milia-
1144 1643 1259 1688 omnes

157 1719 251 1803 caesi,
274 1734 376 1789 castra
400 1725 532 1816 direpta.

244 1823 409 1895 XXXVII.
454 1824 501 1897 lta
528 1833 625 1902 rebus
652 1832 750 1925 gestis
779 1834 893 1904 consul
924 1835 1077 1901 advocata
1102 1829 1262 1927 contione

227 2047 323 2105 cassio.
351 2081 385 2092 -
411 2047 444 2108 lu
460 2039 555 2114 Lorel.
573 2057 599 2113 l.
618 2066 672 2112 est:

225 2156 287 2202 „cc
312 2146 446 2196 unctumo
473 2149 611 2217 pauore“:
643 2155 674 2200 ut

171 2265 176 2270 .
226 2221 337 2280 dubium
356 2230 392 2281 sit
411 2248 445 2284 an
462 2228 590 2287 librarius
607 2232 673 2286 scri-

173 2691 200 2752 ⁶.

225 2304 291 2360 bere
317 2310 434 2369 voluerit
457 2318 518 2381 „ab
541 2326 673 2373 nocturno

225 2397 358 2465 pavore“.
373 2425 407 2438 -
425 2399 452 2453 M
469 2419 504 2458 m.
525 2403 565 2461 1.:
584 2403 674 2463 ‹lissu-

226 2484 306 2550 patus
325 2475 521 2555 adgrederetur.
539 2520 574 2532 —
596 2490 619 2546 P
637 2512 673 2548 m.

227 2563 266 2620 1.:
286 2569 395 2629 emisos.

224 2696 324 2770 palati
344 2704 474 2774 passim:
504 2707 534 2768 P.
565 2740 600 2753 -
630 2709 671 2770 lll:

226 2786 309 2858 passi.
336 2817 366 2828 -
394 2789 438 2848 M:
464 2815 515 2852 uec
533 2800 626 2855 colere
644 2801 673 2855 iu

227 2874 283 2924 uni
302 2892 351 2926 uec
370 2897 442 2954 erma
461 2901 564 2960 capere.
579 2872 613 2926 -2
631 2885 672 2942 M:

141 3038 143 3044 ,
226 2965 369 3031 pauentem
392 2964 508 3036 primum
531 2975 562 3025 in
585 2984 673 3030 castra

228 3042 355 3117 cpellunt.
373 3045 446 3107 Harl.
457 3069 487 3106 r.:
506 3056 672 3115 intercastra

227 3128 390 3204 conpellunt.
409 3132 430 3189 P
448 3135 524 3196 Leid.
537 3158 554 3198 1.
568 3162 673 3202 omues·

227 3234 281 3291 que
299 3236 369 3277 rece.
385 3219 477 3280 cedi:
496 3227 566 3283 iutra
585 3241 672 3289 castra

227 3303 390 3385 ponpellunt.
409 3338 443 3349 -
460 3308 538 3371 Leid.
556 3335 574 3373 1.
593 3321 672 3376 etiam

227 3408 301 3456 „uec
324 3395 445 3472 recipere
467 3400 499 3456 in
520 3401 620 3462 uallum
641 3426 672 3463 se

181 3516 185 3524 .
226 3486 338 3550 possent
345 3483 371 3538 ⁶⁶.

157 3600 201 3661 11.

120 3728 123 3732 .
227 3689 270 3748 sti
284 3700 389 3756 cessit:
408 3700 458 3759 ΡΜ
475 3704 533 3766 rell.
549 3709 575 3769 lr.
589 3731 612 3769 e.
625 3734 696 3769 auu
759 3700 763 3708 Χ

229 3603 272 3660 ita
286 3626 397 3687 magua
405 3633 481 3689 pars
492 3616 610 3682 absenti
619 3624 670 3682 ho·

224 3784 333 3856 tequam
350 3785 449 3846 milites
462 3789 577 3853 Romani
595 3799 671 3856 ades-

224 3877 300 3936 sent,
320 3870 476 3952 multiiuga
494 3881 606 3941 salutem
624 3906 671 3963 pe·

223 3955 350 4018 tiramus.
360 3991 394 4002 —
412 3958 454 4020 M:
473 3964 512 4044 qff
526 3972 596 4028 intra
615 3973 671 4030 ual-

182 4083 187 4094 ,
212 4029 281 4092 ‘lum
304 4059 392 4112 egeret
417 4071 512 4122 pauor.
541 4081 578 4101 ›-
606 4055 669 4114 PM:

188 4138 191 4215 j
223 4114 299 4200 iuste
315 4134 404 4188 autem
426 4132 461 4190 ul
478 4153 533 4214 m
549 4141 605 4200 mil
633 4171 669 4187 ·-

815 2052 909 2116 Luvel.
928 2059 967 2115 la
990 2054 1026 2112 ad
1048 2053 1143 2129 viginti
1169 2048 1265 2131 millia..

816 2177 851 2187 -
869 2145 909 2203 ll:
929 2155 1015 2202 castra
1034 2143 1145 2198 directa.
1210 2203 1212 2207 ¹

747 2232 789 2288 1¹l.
816 2234 859 2288 iic
876 2234 965 2289 rebus
981 2232 1076 2310 gestis
1091 2232 1152 2285 cis.
1169 2227 1265 2283 uduo-

815 2328 884 2374 cata
901 2323 1037 2376 contione
1047 2317 1084 2376 P.
1096 2317 1188 2372 Decii
1203 2331 1265 2368 non

761 2450 764 2455 -
815 2415 935 2481 coeptas
947 2407 1045 2462 solum
1058 2411 1127 2458 ante
1144 2400 1204 2457 sed
1218 2419 1266 2455 cu·

814 2495 945 2550 mulctas
959 2492 1009 2560 (1³2
1022 2489 1171 2558 cumulata)
1183 2507 1267 2545 noua

815 2568 924 2639 uirtute
933 2581 1038 2636 laudes
1048 2578 1186 2654 peragit.-
1198 2573 1264 2632 PM:

813 2668 883 2727 lue.
905 2688 962 2723 nou
984 2687 1029 2724 eas
1052 2664 1135 2721 modo
1158 2661 1265 2730 laudes,

815 2756 913 2833 quibus
927 2775 987 2810 eum
1000 2751 1154 2831 pauloartte
1167 2770 1267 2807 cruere

815 2852 949 2920 coeperat,
958 2842 1070 2919 peregit,
1078 2837 1266 2916 qusdsmmo

814 2949 864 2988 suo
877 2929 998 3008 periculo
1011 2929 1158 2983 exercitum
1176 2943 1267 3001 rumq-

814 3038 880 3074 uum
897 3025 1040 3083 servasset,
1064 3011 1115 3069 sed
1132 3013 1216 3071 ctiam
1233 3009 1265 3066 it

814 3103 939 3161 laudibus
958 3103 1043 3169 effert,
1065 3099 1140 3178 quod
1158 3118 1215 3155 uon
1227 3100 1265 3154 ita

764 3235 766 3239 v
815 3190 915 3265 glorias
933 3212 997 3249 suae
1015 3188 1153 3264 indulgere
1160 3185 1265 3244 voluis·

813 3288 857 3334 set
886 3290 915 3336 ut
945 3279 1054 3336 maioris
1084 3278 1126 3332 rei
1152 3274 1264 3330 occasio

814 3368 989 3423 emitteretur.
1016 3394 1051 3407 -—
1080 3361 1161 3418 Recc.
1187 3360 1262 3437 quid.

814 3453 909 3513 cudi:
922 3473 976 3506 uon
986 3458 1094 3522 coeptas
1103 3445 1187 3503 modu
1200 3456 1263 3502 ante

813 3536 864 3593 sed
877 3537 1021 3594 cumulatas
1034 3538 1114 3591 ctiam
1126 3553 1198 3591 nova
1207 3535 1262 3590 vir-

813 3633 879 3683 tute.
897 3655 931 3668 ·-
959 3624 1022 3680 Plll:
1041 3632 1069 3679 et
1086 3629 1195 3678 centum
1212 3620 1262 3677 bu·

812 3712 864 3768 bus
875 3713 1026 3787 eximioque
1036 3710 1155 3768 unoalbc
1164 3710 1262 3787 opimo

812 3799 904 3858 eleuat.
931 3830 965 3853 v-
992 3799 1066 3857 Pm.
1091 3801 1131 3878 l..
1159 3795 1263 3853 milites

813 3889 861 3962 qui
878 3889 906 3942 iu
918 3887 1054 3963 praesidio
1065 3882 1145 3941 simul
1164 3883 1261 3939 ferant.

811 3992 847 4032 m.
865 3976 904 4033 2:
932 3972 1045 4030 fuerant.
1069 4003 1103 4016 -
1127 3970 1190 4029 Pllls
1208 3969 1259 4023 du·

810 4057 878 4135 plici
890 4059 1030 4116 frumento.
1047 4058 1081 4113 cs.
1092 4057 1189 4147 ²5:⁷³⁹*
1207 4053 1258 4112 ‹lu-

810 4142 1007 4220 pliciariosque.
