2618 4590
370 240 374 250 '
467 300 472 319 ,
570 251 681 317 anan
697 251 734 315 n
1140 240 1203 339 ott

66 385 142 487 lia
171 427 352 499 motumm,
384 414 443 483 iter
470 416 503 482 in
530 416 698 485 Samnium
729 404 810 485 esse
846 413 897 484 his
929 413 1005 483 satis
1031 415 1206 508 exploratis

66 522 262 641 profectus
284 531 374 589 tanta
396 519 563 595 intervallo
585 523 626 589 ab
648 521 794 590 hostibus
823 520 984 606 consedit,
1010 531 1046 588 ut
1068 545 1128 593 nec
1150 522 1203 591 ad·

66 600 214 694 ⁵ventus
237 650 314 694 suus
336 625 574 717 propinquitate
600 626 698 695 nimia
731 625 820 695 nosci
849 635 961 716 posset
987 636 1022 693 et
1042 627 1202 716 egredien-

66 740 72 749 “
96 741 167 799 tem
190 755 209 799 e
232 731 341 799 castris
363 729 492 799 hostem
514 730 718 822 opprimeret.
756 731 918 822 aliquanto
942 741 1015 796 ante
1038 729 1145 798 lucem
1161 730 1203 799 ad

66 820 70 855 ἓ
97 847 202 904 castra
230 834 365 905 accessit
397 859 576 926 gnarosque
603 834 709 904 Oscae
740 836 867 928 linguae
894 834 1097 925 exploratum
1126 833 1238 926 quida

98 951 209 1031 agatur
230 941 336 1009 mittit.
372 939 547 1011 intermixti
566 940 713 1009 hostibus
727 979 772 991 -
787 940 876 1031 qnod
897 939 991 1007 facile
1010 951 1078 1007 erat
1098 939 1132 1006 in
1148 961 1204 1007 no-

67 1032 70 1068 *
97 1055 210 1113 ctuma
237 1045 515 1137 trepidatione-
541 1057 741 1136 cognoscunt
768 1044 980 1135 infrequentia
1007 1044 1136 1112 armatis
1163 1043 1205 1111 si·

98 1134 168 1239 gna
183 1173 324 1240 egressa,
352 1151 505 1241 praedam
527 1151 729 1242 praedaeque
752 1151 902 1219 custodes
924 1148 1025 1232 exire,
1051 1146 1205 1217 inmobile

97 1277 214 1343 agmen
242 1267 275 1322 et
302 1279 360 1324 sua
388 1278 551 1347 quemque
578 1255 766 1324 molientem
795 1254 885 1325 nullo
914 1253 995 1321 inter
1023 1252 1102 1321 alios
1129 1276 1204 1321 con·

97 1381 195 1426 sensu
216 1383 278 1427 nec
299 1360 375 1428 satis
398 1371 485 1429 certo
511 1359 658 1452 imperio.
694 1371 822 1451 tempus
851 1356 1053 1450 adgrediendi
1083 1355 1251 1447 optimi-1⁰

96 1487 188 1532 mum
209 1465 314 1534 visum
337 1477 395 1548 est,
418 1476 451 1534 et
472 1465 537 1533 ianr
558 1465 616 1533 lux
639 1465 823 1555 adpetebat:
847 1464 955 1555 itaque
977 1464 1065 1555 signa
1088 1484 1204 1531 cauere

96 1567 189 1637 iussit
211 1594 389 1660 agmenque
411 1569 555 1637 hostium
576 1569 766 1661 adgreditur.
800 1568 960 1637 Samnites
975 1568 1094 1658 praeda
1116 1567 1203 1659 inpe·

98 1672 168 1756 diti,
195 1673 410 1764 infrequentes
440 1673 566 1757 annoti,
598 1698 674 1767 pars
700 1673 817 1743 addere
844 1672 978 1764 gradum
1007 1697 1046 1741 ac
1066 1696 1143 1764 prae
1166 1696 1203 1742 se

97 1801 192 1866 agere
205 1780 367 1868 praedam,
382 1801 456 1870 pars
472 1790 556 1847 stare
571 1778 683 1847 incerti
696 1789 805 1847 utrum
819 1776 968 1870 progredi
980 1800 1021 1842 an
1035 1778 1159 1868 regredi
1169 1779 1202 1845 in

97 1893 199 1951 castra
221 1883 318 1953 tutius
341 1885 434 1967 foret,
455 1883 537 1951 inter
559 1882 796 1953 cunctationem
819 1883 1052 1975 opprimuntur.
1091 1892 1125 1950 et
1138 1882 1249 1951 lto-to

97 1987 184 2055 mani
205 1987 269 2056 iarn
285 1989 544 2059 transcenderant
558 1988 679 2059 vallum
697 1990 877 2080 caedesque
895 2011 933 2057 ac
954 1986 1112 2055 tumultus
1135 1998 1204 2057 erat

96 2091 272 2165 incastris.
310 2092 502 2165 Samnitium
529 2116 645 2185 agmen
672 2103 898 2187 praeterquam
925 2091 1035 2160 hostili
1061 2090 1203 2162 tumultu

755 2262 1012 2326 der'nnrdasSeiue
1029 2236 1203 2326 fortzuschal·

754 2357 800 2412 fen
811 2357 902 2426 suche,
921 2356 991 2413 ohne
1004 2356 1067 2414 dass
1078 2356 1138 2414 sich
1153 2354 1203 2416 der

167 2287 248 2326 rum:
274 2267 306 2330 P.
336 2303 367 2312 —
400 2267 443 2327 ll:
469 2278 612 2337 maturam.

167 2353 211 2415 Cl.
229 2377 270 2417 ex.
288 2377 327 2433 gr.
345 2359 389 2424 27,
407 2359 445 2416 Ἅι
467 2367 547 2414 nocte
573 2358 613 2413 in·

167 2447 289 2520 sequenti
299 2443 433 2503 Hannibal
441 2443 612 2509 silentiumn-

165 2533 205 2589 vit
222 2541 318 2594 castra.

114 2645 140 2700 5.
165 2661 341 2720 gnarosque
370 2663 458 2701 oscae
490 2646 613 2722 linguae

168 2729 357 2802 exploratum
394 2731 470 2805 quid
503 2739 614 2808 agatur

166 2818 268 2870 mittit:
277 2814 348 2875 P.-»
359 2815 398 2872 ll:
408 2836 559 2893 gnarosque
564 2816 613 2873 bo·

166 2923 228 2959 scae
247 2903 353 2978 linguae
365 2915 415 2967 cet.
434 2902 613 2964 vorarent:

166 3011 316 3069 gnarosque
333 2992 416 3049 hosce
433 2990 538 3068 linguae
549 3002 601 3051 oct.

114 3116 140 3173 7.
167 3123 362 3193 cognoscunt:
384 3113 420 3173 tt.
444 3144 479 3160 -·
501 3112 540 3172 Pr
569 3133 612 3170 co·

165 3212 297 3276 gnoscant
314 3202 491 3279 infrequentia
504 3203 613 3260 armatis

166 3291 240 3362 signa
269 3308 389 3364 egressa:
419 3290 554 3365 „bringen
584 3291 614 3347 in

165 3375 316 3452 Erlahrung
344 3374 405 3431 dass
432 3376 476 3433 die
503 3376 613 3434 Fahneu

166 3483 217 3518 nur
227 3484 280 3520 von
295 3466 418 3540 wenigen
428 3462 614 3520 Bewafl'neten

166 3551 292 3626 hegleitet
320 3549 479 3626 ansgeriaclt
507 3553 613 3613 seien“.

167 3669 201 3681 ·-
227 3637 267 3695 ll:
295 3638 474 3715 infrequentia
504 3641 613 3696 armatis

164 3726 256 3800 signae
274 3744 389 3800 grassae.
407 3746 443 3786 m.
454 3727 494 3784 2:
513 3744 614 3802 gressa.

113 3848 139 3904 8.
167 3849 305 3905 inmobile
322 3868 445 3927 agmen:
464 3846 514 3907 ΡΜ
533 3846 612 3910 codd.

163 3933 251 3991 Kloct
266 3936 322 4010 Sig.
333 3934 382 4008 al]
393 3933 510 4011 ignobile
520 3953 612 4010 agmen

164 4020 240 4090 (Pall.
262 4031 285 4082 1.
298 4025 324 4079 3.
344 4021 421 4081 Lcid.
434 4042 452 4082 1.
465 4022 519 4091 al).
542 4022 612 4090 „Eia

162 4109 374 4189 achwcrlttlliger
392 4109 493 4182 little,
511 4131 557 4169 wo
575 4109 612 4184 je·

743 2443 823 2501 liinc
849 2464 895 2503 um
922 2443 974 2501 den
998 2443 1127 2513 Andereu
1157 2443 1203 2500 be·

753 2530 891 2591 ltimmere
915 2531 986 2589 noch
1009 2530 1058 2589 der
1078 2531 1203 2589 aicheren

753 2619 877 2762 lreituncgs
892 2622 966 2676 eines
983 2617 1135 2676 Auldhrers
1152 2616 1202 2675 ful·

754 2712 819 2779 ge“.
838 2705 938 2772 Cf.,10
952 2707 1039 2764 25-
1054 2702 1202 2764 lllretsna

754 2798 861 2870 queque
878 2791 1006 2853 moliente
1027 2791 1102 2849 nollo
1129 2795 1201 2849 inter

755 2877 824 2936 alios
842 2898 984 2939 consensu.
1002 2899 1038 2939 m.
1056 2881 1096 2938 2..
1115 2879 1199 2940 nullu

685 2968 728 3027 11.
756 2975 786 3025 et
812 2969 872 3023 iam
899 2969 956 3029 lux
983 2966 1156 3044 adpetebat.-
1179 2965 1201 3022 Ρ

753 3074 789 3114 m.
808 3056 834 3114 2.
852 3053 888 3115 ll.
908 3085 941 3098 -
959 3055 981 3112 P
999 3075 1035 3116 m.
1054 3058 1092 3113 1.:
1111 3057 1203 3111 etiam

754 3142 801 3199 lux
819 3142 971 3220 adpetebat.
988 3142 1057 3202 Lon.
1069 3146 1096 3201 d.
1108 3140 1156 3199 al:
1174 3149 1202 3197 et

755 3232 808 3288 iarn
820 3229 866 3288 lux
879 3230 1033 3309 apparebat.
1052 3229 1096 3290 Cf.
1108 3233 1135 3300 8,
1142 3230 1202 3290 38.=

756 3320 881 3374 noxiam
899 3317 1049 3396 adpetebat.
1068 3316 1103 3382 al.

686 3406 728 3465 13.
756 3403 962 3481 infrequentes
979 3407 1090 3466 armati
1109 3408 1203 3475 („wa-
1241 3438 1249 3449 ·

756 3495 818 3566 nige
847 3492 1049 3562 bewaffnet“):
1079 3492 1137 3553 Pll.
1167 3524 1201 3536 -

756 3579 845 3639 Verba
858 3601 913 3649 „ac
925 3601 989 3657 prae
998 3601 1028 3637 se
1038 3601 1115 3657 agere
1127 3600 1204 3659 prae·

756 3667 839 3725 dam“
857 3669 901 3725 bis
918 3671 1018 3748 scripta
1038 3678 1103 3726 eunt
1120 3672 1151 3725 in
1167 3665 1203 3735 ll,

755 3754 893 3833 alteroque
910 3756 972 3813 loco
990 3757 1108 3816 inducta.
1120 3787 1153 3799 -
1166 3755 1203 3812 P:

755 3843 883 3919 progredi
896 3865 929 3901 an
942 3845 1052 3920 regendi
1064 3847 1093 3901 in
1106 3852 1202 3902 matra.

754 3963 789 3975 -
802 3932 886 3988 Paulo
901 3931 1003 4008 postlll
1017 3955 1051 3991 m.
1070 3935 1109 3991 ta
1130 3939 1202 3987 tran·

754 4019 904 4081 scanderat.
923 4041 958 4081 m.
976 4023 1015 4080 3.:
1032 4016 1204 4078 transceude-
1276 4007 1282 4017 ⁸

754 4115 803 4168 rit.
