2618 4590
158 246 225 316 336
355 284 361 295 =
615 246 722 315 unse
741 253 808 313 vlss.

157 423 285 492 Eodem
306 440 388 488 anno
403 418 444 505 Q.
460 417 614 485 Publilius
630 416 721 485 Pbilo
739 429 867 508 praetor
883 419 1021 508 primum
1033 420 1075 486 de
1096 419 1262 509 plebead:

158 536 306 595 versante
324 522 468 613 Sulpicio
491 523 632 606 consule,
655 522 710 613 qui
732 522 869 611 negabat
890 523 1045 591 rationem
1068 524 1138 590 eius
1162 549 1200 592 se
1215 525 1264 591 ha-

157 631 306 713 titutum,
328 639 378 696 est
398 627 501 694 factus
527 637 648 709 senatu,
671 616 746 693 cum
767 627 801 693 in
822 628 956 694 summis
976 619 1117 718 imperiis
1140 630 1175 696 id
1201 655 1262 698 non

45 764 50 793 ι
124 810 129 826 ἱ
158 734 355 814 obtinuisset,
377 731 484 798 minus
506 732 539 797 in
560 743 707 822 praetura
730 732 924 805 intendente.
1073 781 1075 787 -

126 858 145 917 5
164 876 169 893 ι
247 836 335 905 XVI.
379 837 555 927 Insequens
570 846 672 903 annus
689 834 726 903 L.
741 836 866 926 Papirio
879 835 994 903 Crasso
1007 835 1157 904 Caesone
1169 837 1263 905 Duel-

157 943 203 1010 lio
225 940 411 1010 eonsulibus
425 939 595 1008 Ausonum
616 918 716 1030 nssgis
738 964 825 1009 novo
848 966 947 1031 quam
969 965 1084 1032 magno
1102 940 1194 1009 bello
1211 943 1265 1011 luit

158 1046 297 1138 insignis.
336 1069 374 1113 ea
397 1069 475 1136 gens
498 1042 592 1112 Cales
614 1045 729 1111 urbem
750 1045 927 1113 incolebat:
955 1046 1100 1114 Sidicinis
1125 1045 1264 1113 finitimis

159 1176 249 1220 arma
280 1151 503 1233 coniunxerat,
536 1173 667 1240 unoque
694 1151 817 1240 proelio
844 1151 931 1217 haud
959 1173 1035 1217 sane
1063 1153 1264 1218 memorabili

175 1341 180 1352 .
229 1307 282 1377 pu's
301 1298 450 1376 appellatur
472 1300 595 1377 proxime
615 1318 677 1376 por·
819 1302 848 1357 ln
870 1300 981 1356 summis
1005 1300 1130 1372 imperiis
1152 1320 1185 1358 se
1213 1317 1264 1358 non

230 1397 286 1444 tam
305 1385 452 1456 Collinam,
480 1388 509 1442 in
528 1406 581 1464 quo
599 1388 678 1462 virgi-

228 1493 278 1531 nes
303 1471 424 1530 Vestales
452 1494 520 1557 qnae
546 1475 678 1530 incestum

188 1600 191 1607 -
230 1561 353 1639 fecerunt
370 1565 448 1619 vivae
465 1561 589 1618 defossae
606 1571 678 1620 sunt.

177 1683 203 1740 1.
229 1682 334 1739 eodem
343 1679 502 1762 atnpsptt.
518 1715 552 1725 -
567 1680 643 1740 Leid.
657 1703 676 1741 ι.

229 1768 308 1828 Voss.
321 1790 349 1826 u.
367 1768 418 1830 al.:
437 1771 584 1846 eodemque
597 1791 675 1827 anno.

229 1888 264 1899 -
274 1855 311 1912 P:
323 1879 372 1932 ‚‚q.
384 1857 493 1935 publius
506 1857 590 1933 philo.
603 1862 675 1936 p.i·.“

230 1958 311 2000 manu
330 1944 411 2000 altera
431 1946 443 2000 ἰ
458 1944 623 2022 adscriptum
635 1955 677 1999 est

168 2032 171 2039 “
229 2030 265 2086 ad
284 2051 330 2106 pr.
358 2064 392 2074 -
422 2030 464 2089 bl:
493 2052 545 2108 que
567 2030 676 2109 publius

121 2172 123 2177 .
232 2116 309 2196 phllo
328 2127 370 2199 pi.
397 2116 478 2179 lllm'.
497 2121 536 2178 tl:
555 2140 608 2196 quo
627 2140 675 2196 pu·

228 2205 301 2263 blius
320 2202 370 2266 cet.
389 2205 433 2266 Cf.
445 2209 472 2276 8,
485 2208 527 2265 12.
545 2217 573 2263 et
590 2209 616 2275 6,
634 2208 675 2264 6.:

229 2293 267 2365 Q.
286 2294 393 2352 Servili.

177 2440 213 2456 -
230 2416 373 2486 primum:
397 2412 460 2485 ΡΜ]
484 2414 595 2490 primus.
632 2411 675 2472 Cf.

230 2501 258 2567 6,
278 2504 334 2557 11.:
351 2502 468 2577 primum
487 2496 613 2559 omnium.
641 2533 675 2541 -

227 2585 269 2643 ll:
289 2589 335 2662 qui
353 2589 465 2661 negabat
476 2593 558 2644 raone
576 2588 633 2644 eins
646 2607 676 2644 se

227 2673 389 2733 habiturum.
417 2697 453 2734 m.
472 2677 510 2732 Ἅι
529 2676 640 2734 ratione.

174 2789 202 2846 o.
226 2795 336 2843 senatu
353 2806 419 2842 oum
437 2788 469 2842 in
483 2788 605 2843 summis
624 2788 675 2841 ima

227 2875 322 2950 pariis
349 2873 383 2929 id
411 2894 471 2930 non
501 2874 676 2930 obtutuisset

223 2963 326 3017 minus
354 2962 386 3014 in
409 2971 553 3033 praetura
583 2964 674 3016 inten-

228 3044 332 3114 dente]
346 3055 440 3100 senatu
449 3075 483 3087 -·
493 3046 626 3103 tendente.
638 3077 674 3088 -

230 3129 373 3186 Proximus
391 3149 456 3186 vero
475 3139 516 3184 est
527 3130 562 3184 P:
580 3141 674 3187 senatu·

227 3238 289 3274 oum
314 3220 343 3298 ip
367 3217 487 3290 summis,
502 3217 622 3292 impellis
644 3217 673 3271 id

227 3326 284 3362 non
310 3305 471 3361 obtinuisset
498 3306 586 3359 minus
612 3323 672 3379 pre·

227 3403 287 3450 tura
305 3392 469 3450 intendente.
498 3390 539 3447 ll:
563 3400 604 3446 est
625 3411 671 3466 pa·

226 3490 287 3537 etus
314 3482 475 3547 senatuum
505 3481 533 3534 in
562 3479 672 3533 summis

226 3567 347 3639 imperiis
372 3564 402 3621 id
429 3586 484 3621 uon
513 3565 671 3621 obtinuisset

225 3652 315 3706 minus
351 3653 488 3726 inpretura
523 3648 691 3707 intenderes

225 3733 253 3793 bl
271 3754 307 3793 m.
320 3737 360 3792 ¹l.=
379 3755 441 3791 sena
458 3742 463 3808 Ι
478 3747 534 3793 tum
552 3741 579 3792 in
598 3757 669 3793 surn-

216 3820 337 3880 ⁵mis⁴cet
356 3819 471 3882 Laut:
492 3812 669 3880 senatusoum

224 3911 255 3966 in
271 3912 383 3967 summis
396 3911 502 3986 imperii
515 3911 543 3966 id
555 3931 609 3967 non
622 3909 669 3965 ob·

224 3999 350 4053 tinuisset
376 3998 464 4052 minus
491 3999 520 4052 in
546 4007 669 4074 praetura
715 4014 717 4019 ’

27 4148 30 4155 Ι
128 4156 131 4161 ¹
224 4081 670 4147 intendere.llerl.r.=senetueum

820 1388 977 1443 obunuisset
995 1390 1082 1441 miuus
1099 1388 1129 1441 in
1143 1396 1264 1464 praetura

819 1475 955 1531 tendente.
972 1472 1047 1530 Leid.
1059 1493 1075 1530 1.
1089 1494 1111 1532 o.
1126 1473 1196 1548 Sig.:
1209 1486 1265 1532 teu⁴

820 1563 908 1620 dente.
945 1559 1015 1619 Cod.
1042 1559 1152 1620 Kloclr.:
1177 1564 1264 1619 minus

840 1660 973 1707 recturam
983 1647 1115 1707 tendente.
1128 1647 1196 1708 Pell
1207 1654 1230 1705 1.
1240 1653 1265 1707 3.

817 1671 898 1796 loss.
914 1756 939 1792 u.
957 1731 1004 1794 al:
1022 1737 1138 1795 tenente.
1161 1767 1197 1780 -
1222 1733 1264 1794 Cl

818 1827 864 1892 tt,
891 1824 947 1881 tl:
974 1843 1052 1879 arcus
1080 1853 1113 1864 -
1137 1825 1264 1882 intentus.

819 1913 862 1976 nl,
881 1913 937 1968 37.:
960 1909 1130 1966 intenderunt
1152 1911 1265 1966 eumad

820 1997 932 2054 cavendi
951 1999 1039 2052 omnia
1058 2017 1150 2053 curam
1167 2008 1209 2054 tot
1222 2019 1265 2055 au·

819 2085 892 2141 ditae
905 2082 1073 2160 proditiones
1086 2085 1262 2141 delectiones·

749 2216 752 2221 .
819 2192 872 2249 que
888 2172 1002 2230 urbium.
1021 2175 1048 2240 9,
1066 2173 1126 2231 31.:
1144 2174 1263 2228 omnium

818 2283 854 2302 ›-
882 2280 914 2314 eo
943 2279 1021 2315 curae
1047 2269 1110 2315 sunt
1136 2260 1262 2317 intentae.

818 2351 868 2416 cll,
894 2349 950 2405 112:
976 2349 1035 2424 ipse
1058 2347 1190 2424 oppidum
1214 2352 1264 2405 cis*

818 2436 952 2501 oumsedit
969 2443 996 2489 et
1008 2435 1094 2489 vineis
1110 2452 1264 2512 oppugnare

819 2523 944 2580 intendit.
967 2523 993 2588 3,
1009 2525 1066 2579 11.:
1086 2541 1173 2598 neque
1185 2526 1282 2579 suum'

820 2612 915 2687 cuique
938 2612 980 2664 ius
1007 2608 1117 2664 modum
1139 2608 1262 2689 faciebat,

818 2696 868 2752 sed
880 2698 976 2753 virium
994 2713 1043 2772 spe
1060 2695 1110 2751 aed
1122 2706 1201 2752 manu
1213 2698 1260 2752 ob·

817 2783 957 2840 tinendum
975 2793 1033 2839 erut
1050 2783 1123 2860 quod
1140 2784 1261 2840 intende-⁴

817 2892 869 2930 res.
888 2871 921 2930 al.

763 2962 791 3020 5.
817 2962 976 3035 insequens
1000 2977 1112 3015 onnus:
1138 2954 1195 3015 PM.
1224 2990 1259 3001 -

816 3045 876 3101 Plll:
900 3044 918 3104 l.
945 3048 1059 3123 papyrio
1080 3063 1170 3100 crasso
1199 3065 1261 3101 ouee

789 3175 795 3181 .
816 3152 882 3186 sone
901 3131 995 3188 duillio
1020 3139 1088 3191 cosi.
1117 3129 1147 3188 lll
1166 3152 1203 3192 m.
1221 3135 1262 3191 Ἅι

816 3216 923 3277 duellio.
952 3218 994 3276 Cf.
1014 3223 1040 3287 7,
1058 3222 1101 3276 21.
1119 3248 1154 3262 ·-
1179 3219 1207 3276 bl
1224 3241 1260 3282 m.

815 3308 853 3363 4³
868 3308 974 3380 ‚‚rnagis
987 3313 1062 3362 nour]
1072 3314 1125 3382 qui
1140 3311 1145 3379 Ι
1161 3314 1260 3384 magur}

813 3391 888 3448 bellu
913 3393 987 3449 suit“
1006 3404 1056 3452 cet.
1087 3395 1154 3470 quid
1176 3416 1213 3454 m.
1236 3399 1259 3454 1.

813 3483 942 3556 scriptum
961 3481 1042 3537 luerit
1053 3484 1127 3538 cerni
1139 3503 1196 3540 non
1210 3504 1258 3561 po·

812 3569 872 3626 tuit.

759 3656 785 3712 7.
812 3675 850 3720 eo
865 3674 941 3733 gens
955 3657 1044 3713 Cales
1063 3658 1165 3714 urbem
1183 3659 1258 3717 iuco-

811 3742 907 3797 lebat.-
920 3741 978 3800 ΡΜ.
990 3775 1023 3784 -
1034 3742 1095 3799 PM:
1110 3765 1182 3802 arma
1195 3767 1258 3802 eon·

810 3829 941 3887 iunxerat.
972 3827 1051 3888 Reec.
1070 3834 1146 3907 quid.
1165 3832 1259 3891 codd:

810 3915 944 3971 incoleb'at
956 3946 991 3957 -
1004 3919 1208 3978 coniunxerunt.
1224 3951 1258 3961 -

810 4001 842 4057 lu
868 4001 895 4057 ld
921 4022 956 4059 m.
985 4006 1009 4061 l.-
1039 4005 1148 4064 videtur
1174 4006 1259 4064 luisse

811 4091 1007 4149 memorabile.
