2618 4590
531 240 699 309 Ιιιιιιιιιιι.
753 209 760 225 ’
1098 233 1164 303 6⁰1

72 409 145 478 satis
173 409 273 478 fretus
301 432 373 478 esse
406 409 502 479 etium
528 432 614 478 nunc
639 408 996 499 tolerando,certanrini
1024 408 1166 501 legatum

70 538 129 583 neo
149 537 185 582 se
206 513 320 604 procul
341 514 454 585 abesse
476 513 607 605 periculi
626 513 795 598 vindicem,
816 537 914 604 quam
935 514 1074 582 maxime
1095 514 1166 584 ortt
1199 536 1202 543 ·

68 617 190 708 fatigari
211 618 339 686 hostem
361 629 397 686 ut
417 619 545 710 integris
574 617 732 686 adoriatur
755 617 882 686 viribus.
902 617 1017 686 fessos.
1055 618 1168 709 quam?

68 743 164 812 quum
185 721 272 789 lente
293 723 486 814 procedunt,
517 723 582 791 iam
603 734 715 790 tamen*
732 722 774 790 ad
794 722 950 812 impetum
972 721 1165 812 capiundum

69 861 113 875 —
136 824 234 916 equiti
254 826 365 917 utique
385 865 430 880 --
451 828 615 896 modicum
637 839 705 896 erat
725 826 880 919 spatiumr-
916 827 1018 918 prima
1030 826 1199 907 „incedes

69 927 146 1017 bant
166 930 253 1021 signa
276 929 438 1021 legionum
459 956 501 999 nc
523 932 599 1024 quid
622 932 786 1000 occultum
812 941 868 998 aut
888 931 1089 1023 repentinum
1108 931 1166 1000 ho

67 1031 123 1100 stis
144 1033 285 1118 timeret,
312 1036 370 1102 sed
389 1035 562 1127 reliquerat
582 1036 746 1107 intervella
768 1036 851 1103 inter
872 1035 999 1103 ordines
1021 1035 1167 1126 peditum

66 1160 130 1226 qua
153 1138 228 1205 satis
249 1138 325 1206 laxo
347 1140 450 1229 spatio
473 1141 548 1233 equi
574 1141 715 1232 permitti
742 1150 884 1230 possent.
920 1139 1037 1230 puriter
1063 1151 1165 1208 sustu·

66 1239 104 1308 lit
126 1240 300 1311 clamorem
322 1243 416 1327 acies,
437 1255 472 1312 et
486 1245 620 1314 emissus
635 1266 735 1337 eques
757 1243 858 1313 libero
874 1267 970 1312 cursu
990 1243 1024 1311 in
1036 1244 1166 1315 hostem

135 1409 166 1446 er
186 1391 228 1464 ja,
255 1411 336 1448 wenn
361 1391 410 1449 der
425 1390 512 1451 Feind
537 1393 582 1452 die

134 1476 281 1535 Oberhand
293 1480 435 1552 gewinnen
447 1480 535 1549 solite,
550 1482 580 1538 in

114 1564 121 1585 “
135 1564 185 1621 der
201 1564 277 1622 Nthe
294 1566 356 1621 rei“
374 1584 401 1625 ιι.
412 1584 436 1626 s.
448 1587 485 1623 rr.
511 1567 580 1624 Dra·

135 1649 315 1708 kenborchius
325 1652 509 1725 satisfecisse
519 1674 581 1711 oon·

137 1737 301 1813 iungendum
315 1757 375 1795 esso
384 1739 522 1797 contendit
538 1741 580 1799 id·

135 1843 188 1900 que
213 1828 342 1900 scriptum
369 1846 429 1882 esre
450 1836 481 1885 ut
503 1831 579 1887 sotir

118 1911 268 1968 creditur
292 1915 359 1981 (21,
377 1917 432 1982 st:
459 1914 508 1971 sed
525 1934 580 1972 me-

136 1995 190 2053 lius
217 1997 345 2073 Sigonius
370 2000 476 2058 viderat
496 2003 580 2060 Ιιιιίίιι

86 2070 89 2089 ’
135 2085 271 2162 pertinere
282 2087 315 2143 ed
329 2107 403 2156 esse,
421 2106 581 2165 quamquam

136 2170 165 2228 id
183 2171 293 2250 probari
310 2192 365 2231 non
382 2185 481 2252 potest,
507 2175 580 2252 quod

135 2277 170 2314 ex
190 2278 246 2318 rec.
270 2280 320 2318 suo
342 2261 412 2318 libro
434 2261 517 2321 scribi
533 2282 581 2319 vo·

135 2342 187 2401 luit
221 2356 350 2405 ceterum
371 2349 477 2421 fretus
503 2351 580 2406 eutis

135 2450 203 2488 erre
220 2435 309 2490 etium
322 2456 399 2492 nuno
410 2445 461 2495 cet.
480 2433 523 2494 Cf.
536 2438 580 2502 21,

135 2519 195 2575 33.:
213 2521 345 2600 quidquid
357 2523 580 2601 adiecisseutipsi

135 2609 246 2663 terroris
275 2612 341 2665 satis
370 2610 405 2666 ad
432 2613 581 2687 perniciem

137 2690 198 2754 sor-,e
214 2696 279 2750 rati=
298 2697 359 2764 (21,
378 2698 445 2761 17.).
461 2699 506 2764 et,
524 2698 581 2756 43.ι

137 2777 231 2856 Scipio
244 2781 312 2837 satis
325 2800 386 2836 esse
396 2779 488 2838 Italiae
498 2802 582 2840 uuum

44 2888 53 2903 ·
138 2864 277 2924 consulem
304 2867 438 2927 censebat.
473 2869 504 2937 9,
525 2871 583 2929 43.:

136 2972 236 3010 novum
253 2954 366 3016 militem
378 2955 538 3013 hostium-
548 2977 583 3014 ne

137 3042 293 3118 temptando
311 3043 420 3121 quidem
441 3046 508 3105 satis
525 3063 583 3100 cer-

135 3131 234 3185 tamini
262 3129 328 3189 iore.
354 3129 388 3190 al.
424 3128 467 3190 Cf.
490 3135 521 3200 5,
543 3134 583 3190 3.:

140 3214 328 3273 dissolvendae
356 3237 478 3278 maxume
499 3218 584 3275 tribu·

139 3305 226 3359 niciae
244 3307 386 3380 potestatis
399 3315 492 3361 rentur
503 3326 570 3361 esse.

87 3392 114 3449 3.
142 3409 322 3465 quamquam
334 3392 412 3448 lente
421 3393 586 3467 procedunt

140 3479 199 3533 iam
217 3488 317 3534 tamen
333 3479 377 3533 od
394 3480 524 3554 inpetum
539 3500 585 3535 ca·

139 3566 285 3640 piundum
303 3565 398 3640 equiti
407 3567 509 3641 utique
526 3586 586 3623 mo-

147 3653 245 3708 dicum
273 3661 339 3708 erut
373 3655 511 3726 epatium:
545 3653 585 3710 dl:

142 3737 286 3814 „obgleieh
313 3740 353 3795 sie
380 3738 499 3816 langsrni
525 3728 597 3798 rurs

143 3826 267 3894 riicirten,
293 3846 325 3882 so
343 3847 435 3883 waren
457 3831 499 3884 sie
516 3827 587 3885 doch

143 3913 229 3969 sehon
259 3934 290 3970 so
321 3917 387 3970 weit
421 3914 588 3990 gekommcm

145 3998 207 4056 dass
242 4002 324 4057 ihncn
359 4021 407 4060 zur
444 4001 588 4077 gebdrigen

146 4086 281 4164 ltiohtuug
298 4090 371 4146 ciues
389 4089 515 4164 Angriffs,
543 4089 587 4147 be·

721 1389 836 1450 sondcrs
852 1388 896 1448 fur
913 1391 958 1448 die
968 1391 1095 1462 Reiterei,
1109 1384 1166 1451 ¹nrm

721 1479 1165 1558 einmtisigerSpielraumblieb“.

721 1596 757 1611 ·-
782 1564 819 1623 P:
846 1566 881 1622 sd
903 1569 1033 1641 impetum
1056 1569 1166 1647 capiunt

690 1704 693 1709 .
721 1653 787 1711 dum
803 1654 889 1730 equiti
906 1656 998 1730 utique
1016 1662 1068 1714 oet.

667 1786 694 1843 6.
709 1776 759 1842 'ne
781 1782 858 1864 quid
876 1784 1020 1843 occultum
1042 1793 1097 1842 out
1121 1802 1167 1843 re·

718 1872 871 1951 pentinum
905 1870 1002 1928 hostie
1033 1872 1168 1931 timeret.-

720 1957 758 2020 ul.
784 1988 818 2000 -
844 1955 867 2016 P
889 1956 950 2017 cod.
971 1956 1082 2020 Klockr
1110 1979 1168 2029 „ne

702 2043 789 2123 quid
815 2043 949 2102 occultum
977 2050 1024 2103 aut
1049 2047 1167 2127 repenti·
1259 2102 1262 2113 ‚

721 2150 786 2188 num
804 2131 877 2187 hosti
893 2137 1046 2189 sumeret“:
1064 2153 1126 2191 cum
1138 2153 1168 2202 u,

721 2219 776 2295 pisi
794 2217 917 2289 fallimur,
937 2219 1101 2282 scriberetur
1116 2241 1167 2304 pro

721 2307 754 2365 tt.
782 2304 898 2363 dictator
919 2307 1006 2384 prima
1032 2308 1168 2386 legionum

721 2394 798 2472 signa
810 2392 957 2470 procedere
968 2396 1055 2465 iussit,
1074 2398 1108 2453 ue
1122 2415 1168 2453 oe-

708 2471 711 2477 ’
723 2479 823 2537 cultum
833 2480 966 2559 quendam
978 2485 1108 2563 impetum
1119 2484 1168 2541 ho-

720 2575 777 2624 stes
794 2569 920 2626 timerent
937 2570 987 2627 sed
1004 2573 1102 2629 iustum
1114 2572 1169 2629 sibi

722 2665 751 2712 et
769 2660 829 2733 cum
848 2654 930 2714 altero
949 2660 1066 2717 exercitu
1084 2667 1168 2715 certa·

722 2760 792 2817 men
802 2742 948 2798 ineundum
965 2753 1103 2820 putarent:
1120 2765 1169 2804 ro·

722 2823 774 2883 luit
791 2828 863 2884 enim
880 2829 910 2884 id
928 2828 1002 2905 quod
1017 2832 1171 2889 instituerat

725 2912 862 2983 occultari,
880 2936 934 2992 quo
947 2916 1048 2974 maiore
1066 2916 1106 2975 illi
1117 2929 1170 2976 ter·

724 3020 787 3058 rore
804 3003 939 3082 equitibus
956 3005 1046 3062 subito
1064 3009 1171 3064 emissis

724 3098 936 3169 percuterentur.
965 3125 1000 3136 -
1030 3092 1080 3151 Pu
1109 3094 1170 3156 cod.

725 3175 784 3236 Get.
803 3175 851 3235 al.:
872 3199 932 3257 qua
949 3181 1015 3236 satis
1029 3179 1091 3238 laxo
1109 3201 1170 3259 spa·

725 3265 765 3322 tio
784 3265 846 3343 equi
857 3267 976 3339 permitti
987 3277 1107 3344 possent.
1125 3267 1169 3327 Gi.
1282 3320 1285 3325 .

726 3353 752 3418 7,
771 3353 831 3406 33.:
849 3350 894 3408 illa
912 3355 1000 3410 omnia
1021 3376 1081 3432 quo
1097 3376 1170 3414 nune

726 3447 831 3494 erectae
848 3440 949 3497 micant
959 3441 1059 3502 hastae.
1077 3444 1103 3513 ³,
1113 3448 1171 3503 70.:

728 3543 780 3600 qua
794 3527 959 3602 permissus
972 3530 1104 3608 equitatus
1116 3540 1171 3590 tur·

725 3611 836 3670 baveret
854 3613 970 3677 ordines.

674 3745 701 3801 9.
729 3752 759 3799 et
790 3747 917 3804 amiserae
952 3769 1043 3824 eques
1078 3751 1171 3809 libero

727 3849 818 3888 cursu
836 3835 866 3889 in
878 3834 994 3892 hostem
1007 3839 1172 3895 inuehitur:

727 3915 751 3973 Ρ
767 3938 803 3977 m.
821 3921 847 3975 2.
865 3920 900 3979 M.
912 3922 981 3978 -Ρ
997 3944 1033 3982 m.
1052 3928 1090 3984 1.:
1108 3927 1172 3982 emi·

729 4023 785 4064 sus.
802 4005 847 4063 Gt.
865 4011 892 4079 9,
909 4010 967 4066 37.ι
985 4013 1083 4091 erupit.
1094 4043 1129 4055 -
1145 4011 1173 4069 Μ

730 4111 766 4152 ur.
778 4095 821 4155 t.=
837 4096 1070 4187 innupd‘uqu
1079 4098 1173 4162 muer·

802 4210 805 4217 .
902 4190 943 4245 .'.·.·“·'
1007 4184 1046 4249 ''J-..-
