2618 4590
527 286 636 367 snm
646 287 698 348 vr.
778 312 781 319 ·
1026 348 1030 359 ,
1118 276 1162 345 55

65 453 138 519 ideo
160 476 226 518 non
249 451 398 516 habuisse
421 450 509 538 quod
522 460 600 514 tum
621 448 827 538 responderet
844 456 886 502 ’-
904 450 954 520 oni
976 474 1070 523 servo
1092 472 1160 521 um.

65 580 164 646 quarn
185 554 343 622 mendacii
358 576 499 643 poenam
511 552 636 621 vincula
652 553 771 620 fuisse?
791 577 856 621 non
872 555 1069 626 obversatam
1087 582 1161 627 esee

64 661 256 728 memoriam
277 658 380 726 noctis
399 657 482 725 illius
504 680 589 749 quse
604 680 708 748 paene
722 657 832 724 ultima
848 670 943 750 atque
966 674 1090 731 aetema
1103 686 1160 733 nu·

64 766 143 833 mini
165 763 310 830 Romano
334 762 452 830 luerit?
486 787 553 829 non
580 761 722 853 speciem
751 763 884 852 agminis
913 764 1076 835 Gallorum
1101 790 1160 857 per

65 869 238 960 Tarpeiam
265 890 376 957 mpem
407 868 609 937 scandentis?
646 890 711 933 non
739 867 839 956 ipsius
860 866 913 936 M.
941 868 1054 952 lllanli,
1086 889 1195 960 quaes

64 973 130 1040 lem
152 996 228 1051 eum
249 983 405 1040 armatum
426 973 559 1063 plenum
580 972 705 1039 sudoris
726 994 764 1038 ac
784 971 944 1062 sanguinis
965 973 1037 1063 ipso
1059 996 1161 1063 paene

62 1078 139 1144 love
161 1087 273 1165 erepto
297 1100 338 1143 ex
359 1076 670 1144 hostium'manibns'
689 1076 865 1144 vidissent?
885 1078 1051 1145 selibrisne
1072 1078 1163 1144 farris

63 1180 196 1270 gratiam
218 1180 513 1270 servatoripatriae
525 1182 680 1248 relatam?
702 1192 735 1249 et
750 1204 848 1272 quem
863 1203 964 1272 prope
980 1178 1162 1265 caelestemss

62 1283 252 1374 cognomine
275 1296 361 1351 certe
383 1285 566 1375 Capitolino
587 1286 656 1353 lovi
683 1288 801 1376 parem
821 1285 970 1368 iecerint,
997 1308 1073 1355 eum
1095 1286 1161 1378 pati

60 1389 203 1456 vinctum
223 1389 258 1455 in
280 1413 408 1457 carcere
427 1391 462 1456 in
489 1390 628 1458 tenebris
656 1390 829 1457 obnoxiam
857 1390 1010 1457 carnificis
1032 1391 1159 1458 arbitrio
1172 1404 1208 1459 1⁰

62 1494 179 1561 ducere
202 1492 362 1560 animam?
382 1496 475 1562 ¹adeo
498 1494 531 1561 in
553 1518 618 1562 uno
648 1494 795 1561 omnibus
823 1495 898 1562 satis
927 1494 1160 1578 auxilii-'biisse

59 1597 181 1664 nullam
205 1592 302 1686 opem
322 1597 444 1666 iatam
465 1599 574 1667 multis
596 1598 650 1665 uni
670 1599 761 1666 esse?
781 1599 848 1665 lam
863 1604 1014 1666 ne'nocte
1031 1598 1160 1691 quidem

58 1702 153 1768 turba
175 1727 217 1770 ex
241 1725 280 1768 eo
302 1700 376 1769 loco
399 1702 597 1773 dilabebatur
611 1703 866 1794 refracturosque
882 1725 1043 1771 carcerem
1063 1692 1160 1769 irina-

58 1806 192 1887 bantnr,
220 1829 296 1871 cum
317 1844 360 1856 -
382 1808 515 1887 remisso
537 1807 571 1873 id
591 1808 679 1897 quod
707 1806 846 1898 erepturi
871 1818 962 1874 orant
983 1840 1027 1857 ··-
1049 1830 1093 1875 ex
1113 1830 1160 1874 se-

60 1921 157 1974 natos
180 1909 327 1976 consulto
344 1907 482 1977 ll'lenlius
503 1909 613 1977 vinclis
634 1911 794 1979 liberatur.
828 1935 894 2001 quo
917 1911 1003 1978 facto
1025 1926 1092 1977 nou
1114 1921 1208 1979 sie-15

59 2012 140 2083 ditio
161 2011 249 2079 linita
271 2011 329 2078 sed
351 2013 416 2079 dux
439 2013 584 2081 seditioni
608 2015 699 2080 datus
721 2025 780 2081 est.
794 2050 839 2064 ·-
854 2016 916 2084 Per
937 2016 1070 2084 eosdem
1092 2015 1159 2083 dics

57 2116 179 2184 Latinis
208 2126 242 2184 et
261 2116 406 2186 Hernicis
435 2118 530 2187 simul
556 2117 679 2186 colonis
708 2117 947 2191 Cerceiensibus
976 2132 1009 2188 ct
1035 2145 1055 2189 a
1077 2119 1161 2191 Veli-

130 2293 166 2346 eii
192 2310 306 2367 poenam
333 2292 438 2348 ultimo
464 2291 573 2350 uinculo

128 2379 244 2438 luisse“.
275 2376 373 2436 deinde
400 2381 506 2436 ultimo
530 2401 574 2437 ex·

130 2474 259 2542 punctum
277 2475 326 2522 est.
349 2463 392 2525 Οἱ
406 2462 432 2534 d,
447 2468 504 2527 285
523 2471 572 2524 cir·

129 2555 287 2628 comagenti.
470 2556 473 2561 ⁴

76 2642 102 2700 2,
129 2660 188 2698 non
211 2640 400 2710 obuersatam
423 2660 490 2699 esre
517 2661 575 2699 me·

129 2730 254 2785 moriam
278 2730 371 2785 noctis
397 2729 479 2784 illius
499 2748 576 2803 quoe

130 2836 205 2891 pene
224 2816 329 2872 ultimo
347 2823 412 2872 cet:
429 2813 464 2870 tl.
484 2845 518 2854 -
540 2813 576 2868 P:

130 2922 185 2959 non
204 2903 382 2958 obseruatum
400 2918 460 2955 esse
478 2918 576 2956 merne-

129 2992 198 3047 riam
215 2990 303 3046 noetis
326 2985 398 3044 illius
422 3006 489 3062 quae
512 3006 575 3064 poe·

130 3097 181 3133 nae
204 3076 297 3133 ultima
316 3083 367 3134 cet.
396 3095 431 3134 m.
455 3077 494 3133 ΩΑ
517 3093 575 3132 me·

129 3167 255 3221 moriam
272 3173 300 3219 et
315 3182 418 3238 poene.
451 3235 454 3238 Ι

75 3256 102 3314 5.
132 3252 319 3310 scandentis:
340 3249 363 3305 P
385 3271 421 3307 m.
443 3249 469 3307 P.
493 3276 526 3291 -
551 3246 574 3303 P

131 3358 167 3394 m.
179 3341 203 3394 1.
212 3356 219 3392 τ
229 3335 374 3393 scandente
383 3339 406 3392 is
416 3350 470 3391 non
480 3335 574 3409 ipsius.

128 3445 169 3482 m.
197 3423 284 3478 manli.
314 3422 341 3479 ld
367 3444 403 3481 m.
431 3426 472 3480 1.=
499 3441 574 3477 soan-

134 3511 296 3579 dente†non
315 3512 408 3586 ipsius.
431 3516 466 3568 rii.
484 3508 577 3568 manli.

132 3620 168 3658 m.
181 3600 223 3656 3.:
238 3594 467 3665 scandento†non
481 3598 575 3675 ipsius.

132 3692 166 3744 ris.
184 3680 285 3740 manlii.
305 3712 338 3721 -
361 3680 396 3735 P:
415 3683 474 3757 ipso
491 3700 577 3757 paene

134 3777 204 3830 ioue.
222 3770 262 3828 lll:
281 3771 341 3844 ipso
360 3782 446 3843 poene
458 3767 527 3823 ioue.
543 3798 576 3807 -

133 3860 208 3918 Pm.
228 3861 267 3925 1.,:
292 3855 438 3923 uidesscnt.
457 3860 490 3893 ·'-
512 3851 576 3909 Plll:

134 3947 290 4004 selibrisne
300 3942 412 4016 ferris.
432 3938 466 3998 cl.
483 3941 510 4006 5,
522 3941 565 3998 47.

78 4039 114 4094 9.·
136 4042 203 4089 eum
211 4033 276 4107 pati
285 4032 412 4087 alanum
422 4028 578 4083 incarcere

715 2293 814 2370 nificr’e
832 2296 955 2353 arbitrio
974 2264 1082 2355 ducere
1099 2295 1162 2352 oni·

716 2400 810 2439 mom:
823 2382 845 2439 P
857 2405 891 2442 m.
904 2388 930 2443 2.
943 2384 977 2444 ll.
991 2416 1024 2428 -
1040 2383 1109 2441 Pru.
1123 2385 1160 2442 1.:

716 2469 745 2525 in
762 2469 849 2526 tebris
860 2502 893 2511 -
906 2471 1003 2528 decere
1021 2472 1144 2527 animem.

646 2557 689 2613 13.
728 2554 974 2634 refracturosque
1014 2574 1162 2615 carcerem

717 2643 920 2712 minabantur.-
948 2643 975 2699 ll
1004 2664 1039 2702 m.
1072 2647 1096 2700 1.
1123 2641 1160 2698 l':

691 2782 695 2793 ,
716 2730 768 2783 nisi
788 2729 860 2803 quod
879 2731 906 2784 in
924 2729 951 2785 ul
970 2751 1055 2804 quae.
1071 2759 1111 2791 ,.-
1134 2725 1162 2783 ll

717 2833 752 2870 m.
771 2817 810 2871 3.:
832 2815 996 2871 refracturos
1018 2832 1052 2873 se
1074 2832 1160 2868 carce·

717 2908 843 2956 remeet.
865 2929 901 2940 -
927 2899 988 2956 Pll:
1013 2918 1099 2965 „curn
1121 2919 1160 2954 re·

717 2984 801 3040 misso
819 2983 849 3040 id
868 2985 942 3061 quod
958 2988 1074 3062 erepturi
1088 2982 1162 3042 era'nt

717 3090 749 3126 ex
768 3078 800 3128 ie
817 3070 931 3129 manlius
950 3072 1046 3131 uinclis
1064 3074 1160 3130 libera·

715 3164 789 3217 tur‘fi
802 3157 882 3218 llere.
897 3161 1111 3220 coddzrcmislo
1124 3181 1159 3218 eo

715 3245 788 3322 quod
807 3256 857 3304 oet.
876 3248 916 3303 Id
933 3248 1014 3329 quod
1032 3262 1160 3322 persaepe

715 3333 751 3387 ita
782 3352 796 3386 a
827 3330 905 3386 Livio
932 3335 1063 3405 scriplum
1091 3352 1160 3397 csse,

656 3460 658 3469 ,
716 3419 837 3494 quamvis
860 3417 944 3492 quod
965 3432 1013 3490 pur
1034 3436 1063 3472 se
1085 3418 1160 3473 sulli-

716 3515 797 3571 ceret‚
808 3513 901 3559 nutum
911 3511 963 3556 cst:
976 3502 1160 3568 „als—nach-

717 3591 777 3647 dem
797 3590 855 3656 den*
871 3606 929 3644 was
947 3591 986 3645 rie
1004 3591 1041 3646 im
1059 3589 1164 3666 Begrill

707 3696 808 3733 ¹meren
835 3675 893 3732 riclr
921 3677 970 3731 mit
994 3676 1101 3732 Giarrlt
1127 3696 1160 3732 zu

718 3763 1159 3840 retrohabita,nachgegebcnwor·

717 3850 769 3906 den
789 3882 820 3892 -·
835 3848 953 3907 'lilanllus
980 3851 1048 3907 nach
1074 3853 1160 3907 einem
1261 3872 1265 3877 ·

717 3938 969 3995 Senatsbrrcblusse
996 3959 1044 3995 ans
1072 3938 1161 3993 seiner

716 4022 781 4080 llasr
800 4026 933 4081 entlassen
952 4025 1055 4103 wird“.

138 4121 168 4174 in
185 4120 312 4182 tenebris
335 4116 495 4179 obnoxium
514 4132 577 4170 cor·
650 4116 691 4170 17.
718 4113 809 4168 simul
833 4110 947 4168 colonie
971 4110 1161 4169 eircr'errsr'bur
