2832 4728
542 367 651 436 LIBER
668 365 738 426 VIII.
1123 353 1186 422 371
1322 401 1325 414 .

77 531 222 621 fugiunt.
261 528 456 600 Samnitibus
479 529 618 599 exclusis
639 529 679 599 ab
701 529 781 599 urbe
803 541 840 599 ut
854 529 1031 622 expeditior
1052 531 1086 597 in
1101 551 1190 621 prae

76 636 190 704 sentia
212 634 288 727 iuga
308 635 353 703 ita
375 635 512 720 foedior,
539 646 712 726 postquam
732 635 876 728 periculo
904 645 1091 721 evaseruut,
1113 634 1191 720 visa,

78 741 209 831 quippe
231 740 288 831 qui
314 740 453 808 inermes
480 741 568 809 nulla
589 763 702 809 rerum
730 763 861 809 suarum
887 763 954 808 nou
980 737 1090 808 relicta
1110 739 1191 807 inter

78 846 199 912 hostes
219 844 392 913 ludibrium
413 868 479 913 nou
501 845 641 914 extemis
662 846 762 915 modo
784 845 842 916 sed
864 845 961 916 etiam
984 843 1190 936 popularibus
1297 850 1301 868 ⁴

79 949 216 1039 spoliati
237 961 334 1040 atquc
355 962 487 1042 egentes
508 952 624 1020 domos
645 951 778 1019 rediere.
814 949 902 1018 hand
921 950 1049 1040 ignams
1072 947 1220 1044 opinio}

80 1055 137 1122 nis
160 1054 300 1139 alterius,
321 1079 386 1146 qua
407 1055 488 1125 haee
509 1055 648 1146 proditio
670 1058 711 1124 ab
726 1055 922 1124 Samnitibus
944 1054 1029 1122 iacta
1050 1053 1191 1135 traditur,

12 1177 13 1182 ’
80 1183 162 1226 eum
185 1157 368 1227 auctoribus
389 1159 454 1228 hoc
476 1160 549 1230 dedi
572 1161 688 1253 quibus
713 1160 836 1252 dignius
849 1159 937 1228 credi
954 1169 1013 1242 est,
1033 1169 1105 1226 tum
1125 1157 1190 1224 foe

81 1266 145 1332 dus
168 1263 420 1356 Neapolitanum
440 1289 548 1335 —eo
576 1267 663 1334 euim
691 1265 805 1337 deinde
833 1287 959 1332 summa
986 1262 1034 1330 rei
1055 1263 1191 1331 Graeco

81 1388 158 1436 rum
180 1370 270 1440 veuit
290 1409 336 1427 —
357 1369 489 1437 similius
510 1393 589 1439 vero
612 1371 690 1440 facit
709 1370 799 1463 ipsos
820 1370 854 1436 in
869 1367 1040 1436 amicitiam
1060 1366 1190 1436 redisse.
1285 1367 1290 1376 ’

83 1475 224 1544 Publilio
245 1473 426 1566 triumphus
449 1475 605 1561 decrems,
627 1476 716 1568 quod
729 1475 807 1545 satis
820 1475 1010 1546 credebatur
1024 1472 1191 1543 obsidione
1205 1479 1239 1534 10
1306 1501 1309 1510 ⁴

156 1676 222 1744 „sis
247 1674 347 1734 llielreu
373 1693 421 1732 sus
450 1673 500 1732 der
525 1673 606 1736 Sistit

155 1761 206 1820 sul
219 1761 272 1820 deu
290 1761 360 1819 nach
371 1761 440 1819 Nola
454 1761 605 1821 Prilrreudeu

157 1849 267 1927 Weg“=
284 1849 330 1909 vel
346 1851 438 1929 potius
455 1851 485 1908 iu
497 1851 604 1910 univer·

65 2013 70 2018 Ι
155 1957 217 1994 sum
234 1939 371 2014 regionem
387 1939 484 2014 ipsam,
503 1959 556 2016 qua
573 1957 604 1996 se

155 2023 258 2083 Nolani
296 2025 407 2084 domum
449 2025 604 2094 retulerint,

692 1677 720 1737 5.
745 1673 832 1735 houd
847 1677 973 1756 ignum
985 1674 1133 1750 opinionis
1150 1671 1193 1730 ul·

747 1765 858 1822 terius:
875 1758 935 1821 ΡΜ.
947 1793 982 1805 -
1000 1759 1044 1818 ld:
1062 1767 1115 1838 qua
1126 1757 1194 1814 baec

745 1850 864 1932 proditio
882 1849 918 1906 ab
939 1847 1102 1917 samnitibus
1123 1844 1191 1903 lacta

744 1937 869 1997 traditur.
886 1936 924 1994 P:
943 1953 1024 2014 quam
1037 1933 1090 2006 bec
1100 1930 1192 2010 prodi·

745 2026 785 2082 tio
808 2034 860 2085 cet.
876 2023 952 2084 Harl.
967 2043 986 2084 1.
1004 2020 1082 2080 Laid
1100 2037 1119 2080 ι.
1145 2015 1192 2075 ab:

157 2111 325 2170 Graecorum
335 2132 411 2170 mors
421 2113 532 2184 iudicat,
545 2115 604 2182 „sio

157 2200 258 2258 llieheu
284 2200 338 2258 den
361 2199 433 2277 Weg
459 2200 508 2258 der
534 2199 604 2258 uach

156 2287 224 2346 Nola
247 2287 323 2344 liihrt
342 2288 500 2348 hiuuuter“.
535 2287 604 2346 Utus

157 2376 187 2434 id
205 2395 236 2432 se
252 2375 346 2444 babet,
367 2396 429 2434 cum
445 2378 475 2433 iu
492 2386 604 2455 unaque

156 2465 247 2539 lingua
265 2473 320 2521 tam
341 2463 396 2520 late
417 2473 510 2542 pateat
526 2485 604 2521 socu-

156 2553 311 2620 satiricis,
338 2571 393 2609 non
415 2553 501 2608 ausim
518 2551 552 2608 ab
570 2571 604 2608 eu

105 2698 111 2711 ,
156 2639 231 2719 quod
248 2641 278 2696 iu
296 2640 490 2717 antiquissimis
510 2639 604 2697 rusori·

157 2731 214 2806 ptis
231 2728 367 2785 iuvenitur
384 2726 524 2796 recedere,
550 2727 604 2786 sisi

158 2835 204 2872 res
227 2824 301 2872 aba
326 2833 433 2873 omnem
458 2813 604 2872 dubitatio·

158 2922 222 2961 uem
239 2904 284 2961 sit.
589 2957 601 2970 ,

102 2994 131 3052 0.
157 2999 318 3067 postquem
342 2987 475 3066 periculo
488 2995 491 3004 ⁴
502 2993 603 3047 suase·

158 3087 244 3136 runt.-
270 3078 292 3135 P
318 3097 354 3137 m.
381 3079 406 3137 1.
431 3075 469 3137 Μ.
502 3074 605 3133 lisdem
645 3073 648 3080 ¹

158 3165 258 3224 deiude
284 3167 393 3243 antique
418 3183 501 3222 muuu
525 3165 557 3222 in
580 3161 605 3222 P

157 3255 346 3332 scriptumest
361 3254 510 3327 pericula,
530 3249 605 3329 quod

157 3361 252 3400 rerum
269 3357 330 3396 esse
345 3347 436 3417 potest
457 3342 517 3409 (ul,
534 3340 605 3407 32),

158 3427 209 3488 sed
226 3427 261 3487 ol.
282 3429 333 3496 m,
350 3429 409 3487 33.=
432 3436 463 3484 ut
482 3423 604 3502 pauculo

158 3519 236 3594 prius
254 3514 393 3573 evaderet:
411 3512 446 3573 al.

103 3607 133 3665 3.
159 3605 246 3660 nullo
268 3622 369 3660 rarum
395 3619 519 3659 suorum
544 3618 605 3656 non

158 3691 267 3748 relicta
284 3693 361 3748 inter
377 3689 497 3748 husus.-
517 3685 549 3746 P.
569 3717 605 3729 -

158 3777 198 3837 dl:
216 3780 289 3835 iuter
304 3778 393 3838 hosti.
413 3806 448 3819 -·
470 3775 546 3833 Pm.
565 3775 605 3830 l.:

157 3865 380 3947 spoliani-ill:
396 3866 503 3923 setium.
519 3863 605 3920 m.3.=

159 3965 204 4012 set
220 3955 310 4015 stiam.
321 3955 357 3998 .:.
368 3951 443 4012 Harl.
454 3971 474 4013 1.
484 3951 565 4009 Vo‘ss.
574 3968 603 4007 u.

157 4040 226 4099 Pul.
263 4045 289 4098 1.
323 4043 351 4100 3.
385 4039 434 4102 at:
477 4037 604 4098 redirent.

113 4159 128 4189 s
159 4126 414 4191 tertiandum
460 4133 465 4178 '.

745 2131 826 2190 quum
843 2123 896 2174 cot.

691 2203 719 2270 7.
747 2201 855 2277 quidm
882 2199 1006 2279 dignius
1028 2193 1113 2254 credi
1132 2199 1192 2248 est:

744 2287 795 2345 ΡΜ
820 2281 896 2346 llari.
917 2306 937 2346 r.
967 2284 1003 2342 ul.
1043 2281 1088 2341 Gi.
1117 2277 1193 2351 virg.

744 2373 840 2434 Bucol.
864 2375 895 2443 d,
912 2374 972 2432 aa:
1001 2379 1030 2429 st
1054 2375 1194 2427 crottum

746 2461 845 2537 diguus
862 2463 956 2520 amari.
974 2456 1091 2534 Quintil.
1110 2457 1152 2522 10,
1167 2455 1192 2511 1.

745 2551 803 2610 ao:
826 2560 855 2607 ut
873 2547 1022 2624 lyricorum
1044 2544 1118 2601 idem
1137 2538 1193 2597 llo·
1263 2615 1267 2634 ι

744 2633 1036 2710 ratiuslercsoluslegi
1045 2621 1195 2706 diguisul.

691 2723 718 2781 8.
744 2743 782 2780 eo
798 2725 878 2780 enim
893 2722 1005 2780 deindo
1021 2730 1139 2778 tumme
1150 2713 1196 2770 rei

745 2809 929 2867 Graecorum
953 2807 1009 2878 (Pr
1037 2803 1193 2881 grecorum)
1225 2869 1231 2876 ι

746 2893 986 2953 uenitsPlllrcll.
1006 2887 1193 2950 [Pudicam
1254 2926 1257 2934 .

745 2980 863 3039 malebat
884 2981 968 3038 scribi
991 2995 1109 3038 summu
1129 2993 1193 3030 res:

743 3068 795 3126 sed
812 3068 847 3129 ci.
867 3071 916 3137 10,
934 3071 992 3127 ³9st
1015 3065 1141 3142 Papirius
1159 3058 1194 3116 ad

744 3156 932 3234 Aquiloniam,
953 3154 1001 3213 ubi
1022 3169 1127 3212 summa
1154 3147 1194 3204 rei

675 3283 688 3306 r
742 3243 908 3303 Samnitium
925 3251 991 3311 orat,
1009 3238 1141 3317 pervenit.

676 3332 721 3393 10.
748 3332 833 3410 quod
853 3333 930 3389 satis
950 3329 1128 3388 medebatur
1145 3321 1193 3379 ob·

676 3459 678 3468 .
746 3417 865 3477 sidium
886 3416 1016 3474 domitos
1041 3411 1138 3471 hostis
1162 3409 1194 3465 iu

729 3491 841 3582 ¹fidem
873 3503 1008 3562 ueubscr
1042 3497 1109 3557 ΡΜελ
1127 3494 1194 3564 ,uisi

746 3591 823 3669 quod
844 3592 874 3649 iu
896 3592 935 3646 eis
957 3587 1061 3646 hostes
1084 3593 1135 3644 est.
1158 3611 1193 3624 -·

746 3680 811 3738 Nou
828 3677 937 3758 ridetur
960 3676 1038 3734 satis
1054 3670 1193 3750 credeba-

744 3776 797 3826 τω·
812 3765 841 3826 h.
853 3764 873 3824 l.
888 3761 1040 3840 significare
1050 3759 1193 3835 sufficere

747 3853 909 3912 credebant
936 3851 982 3908 od
1012 3844 1194 3920 triumphum

746 3939 973 4008 decernendum,
990 3955 1070 4014 quam
1088 3930 1192 3988 admo·
1272 3989 1276 4009 υ

746 4027 847 4098 duur8,
856 4029 900 4087 01.
917 4025 969 4084 sub
980 4023 1030 4083 fin.
1045 4024 1075 4080 iu
1084 4017 1154 4078 ιον.
1165 4017 1192 4076 d.

745 4118 878 4195 scriptum
886 4123 937 4182 eut,
948 4109 998 4170 sed
1007 4107 1091 4186 quod
1102 4105 1192 4165 omui·

923 4198 994 4268 at·
