2618 4590
513 250 696 315 unusve
1093 242 1160 311 ‘265
1183 228 1187 235 ’

62 416 173 506 quieto
193 417 356 503 Bouiano,¹
373 416 429 504 qui
451 413 617 504 expeditus
640 426 795 506 qnantum
816 416 955 486 humeris
969 420 1057 489 inter
1071 443 1158 487 arma

59 522 137 610 geri,
145 534 257 612 posset
277 519 428 588 frumenti
450 543 561 587 secum
583 518 748 603 attulisset,
769 519 915 606 defutura
931 526 1045 593 omnia.
1084 547 1158 592 eon*

58 627 110 691 sul
132 626 255 715 palatos
283 650 342 716 per
370 648 462 714 agros
491 648 566 691 eum
595 623 726 691 vidisset
752 623 862 692 hostes
890 627 1041 695 stationes
1067 629 1158 696 inire

59 742 195 819 quentes
217 731 356 812 relictas,
384 729 495 819 paneis
516 727 633 795 milites
656 728 839 797 adhortatus
868 731 909 797 ad
937 743 1038 799 eastra
1060 757 1159 824 oppu-

59 834 185 923 gnanda
202 835 307 902 ducit:
344 856 525 924 quaecum
546 833 650 922 primo
675 833 814 902 clamore
845 846 942 925 atque
965 838 1088 927 impetu
1109 847 1195 905 cet

58 938 160 1026 pisset
180 938 323 1029 pluribus
345 937 487 1005 hostium
507 937 540 1003 in
556 937 699 1005 tentoriis
723 940 787 1006 suis
810 965 908 1030 quam
930 941 963 1009 in
983 943 1083 1032 portis
1098 942 1176 1010 val-‘²

57 1043 158 1132 loque
180 1045 293 1127 eaesis,
321 1043 409 1133 signa
437 1039 562 1130 captiva
583 1040 616 1107 in
640 1058 741 1107 unum
766 1043 876 1111 locum
901 1047 1042 1114 'conferri
1063 1046 1162 1130 iussit,

58 1148 241 1239 relictisque
270 1148 393 1217 duabus
422 1145 600 1237 legionibus
634 1147 798 1215 custodiae
828 1161 865 1216 et
890 1150 1038 1240 praesidii
1065 1173 1162 1218 cama

128 1297 178 1355 sed
196 1268 269 1375 quod
287 1297 341 1373 ipsi
359 1295 392 1352 ab
410 1315 440 1351 re
458 1284 594 1351 frumen-¹
664 1297 690 1355 i.
714 1299 819 1372 paucis
847 1300 957 1356 milites
981 1299 1162 1356 adhortatus

130 1388 198 1442 taria
226 1383 381 1441 laborarunt
404 1401 575 1461 persuasam·

129 1471 349 1550 quehabuerunt,
366 1469 518 1528 Romanum
530 1489 576 1526 ex·

131 1563 244 1617 ercitum
262 1580 363 1638 pavore
381 1567 487 1635 captum
504 1559 576 1613 intra

130 1647 230 1711 uallum
260 1651 379 1725 quietum
409 1664 575 1701 mansurum:

129 1755 216 1813 eoque
233 1737 335 1793 maiore
347 1735 450 1790 incuria
462 1731 577 1789 suturam

130 1843 247 1899 pugnarn
257 1829 452 1896 exspectarunt,
464 1839 517 1896 quo
528 1821 578 1874 mi·

131 1913 290 1968 nusvirium
299 1909 430 1976 Romano,
446 1909 577 1988 quiprae-

131 2010 174 2055 ter
192 2001 315 2063 timorem
327 1999 405 2052 etiam
418 1996 492 2065 omni
505 2013 577 2048 eom-

132 2095 222 2142 meatu
258 2085 401 2146 destitutus
432 2081 578 2147 videretur,

132 2171 251 2230 futurum
270 2191 328 2228 esse
345 2177 481 2248 putarunt.
511 2168 579 2236 „Da

133 2260 198 2316 aber
226 2261 285 2316 ihre
319 2277 411 2335 grosse
440 2256 579 2332 Truppen·

132 2341 580 2419 masse,iiirdiedennttthigenUn·

133 2434 232 2491 terhalt
242 2433 489 2491 herbeizusohaiien
502 2431 580 2488 ither-

133 2522 218 2600 haupt
235 2524 310 2580 nieht
328 2522 410 2578 leieht
428 2539 500 2589 war,
527 2518 581 2574 fast

134 2631 168 2667 an
187 2609 272 2666 Allem
296 2610 380 2666 sehon
402 2605 506 2682 lilangel
527 2605 581 2673 litt,
605 2656 611 2665 „

137 2719 169 2754 so
187 2697 360 2756 beschlossen
379 2696 424 2752 die
437 2693 581 2760 Aniirhrer,

137 2805 169 2840 ao
186 2783 264 2859 lange
278 2785 325 2840 der
336 2782 423 2846 Feind
436 2781 582 2837 iurohtsarn

136 2870 275 2928 innerhalb
287 2872 375 2930 seinos
384 2867 489 2931 Walles
500 2875 582 2933 stisse,

138 2959 183 3015 die
202 2957 330 3015 Soldaten
353 2959 381 3022 in
404 2956 449 3011 dia
469 2950 582 3014 henoch·

136 3045 333 3103 bartenEelder
344 3038 583 3102 zuiiihrenumhou

120 3144 122 3151 '
137 3132 290 3190 benemittel
302 3131 497 3189 ani'zutreiben:
509 3127 583 3183 veth-

137 3221 205 3280 reod
224 3221 286 3277 (less
304 3220 396 3276 werde
415 3219 463 3274 der
474 3216 584 3282 littmen

140 3329 219 3364 wenn
230 3330 258 3364 er
268 3329 299 3367 so
309 3308 387 3382 ruhig
396 3309 481 3362 sitien
488 3303 584 3370 olette,

139 3376 200 3454 sloh
222 3399 251 3451 iu
276 3396 320 3451 die
342 3404 475 3451 iusserste
497 3391 585 3449 Verle-

141 3483 251 3558 genheit
269 3482 395 3557 gebracht
404 3483 518 3539 sehen“·.
543 3478 586 3536 Ct.

137 3571 186 3638 tt,
199 3573 256 3625 st:
276 3590 364 3645 „quae
376 3589 478 3634 manus.
495 3569 586 3644 quieto

140 3656 251 3714 sedente
263 3676 324 3730 rege
337 3657 371 3712 ad
383 3657 523 3732 Enipeum,
542 3653 587 3710 atl-

140 3764 235 3803 versns
253 3743 391 3800 Romanos
410 3776 443 3785 -
463 3745 491 3798 in
503 3741 587 3799 Thes·

142 3831 235 3889 saliam
264 3831 386 3887 traducta
420 3851 476 3887 non
511 3848 588 3904 agros

74 3936 81 3987 ζ
145 3928 244 3975 tantum
258 3919 359 3975 nudare
371 3917 525 3995 populando
540 3937 588 3992 po·

54 4073 57 4078 ι
147 4008 199 4061 tuit
208 4025 240 4063 ue
250 4027 317 4083 quos
327 4007 391 4062 inde
397 4005 512 4063 Romani
521 4023 590 4060 com·

146 4101 249 4151 meatus
261 4104 432 4170 expectarent
440 4093 511 4149 sed“
524 4101 574 4150 cet.

717 1385 762 1441 od
777 1395 878 1442 costr-o
896 1387 1097 1466 oppugnando
1110 1387 1162 1441 du·

718 1474 770 1531 cit.-
788 1471 850 1528 Pili:
869 1476 923 1530 nisi
940 1472 1014 1550 quod
1031 1476 1119 1550 primo
1134 1474 1164 1529 in

717 1557 740 1613 P
773 1561 998 1636 ,‚appugnanda“
1034 1561 1093 1620 suit.
1109 1572 1163 1611 ¹-n
1180 1602 1182 1607 ·

718 1643 793 1704 Harl.
811 1665 842 1701 a:
865 1650 994 1703 stationes
1012 1647 1164 1723 infrequen-

719 1740 761 1788 tes
779 1731 880 1790 relietis
898 1737 990 1812 paucis
1002 1733 1100 1791 milites
1119 1734 1164 1791 ad-

720 1817 852 1880 hortatus.

667 1909 694 1967 8.
721 1909 892 1984 relictisque
910 1910 1025 1968 duabus
1043 1910 1165 1989 legioni·

721 1995 776 2051 hus
800 1997 954 2053 custodite
972 2007 1001 2054 et
1020 1997 1168 2073 praesidii

722 2103 832 2139 causo.-
851 2083 901 2139 ΡΜ
912 2084 969 2143 rell.
981 2095 1167 2162 praeterquam

723 2169 797 2245 qnod
814 2169 882 2241 inffP
905 2170 959 2227 levi
979 2172 1076 2228 mendo
1098 2191 1167 2241 „ou-

721 2258 816 2314 stodia
845 2267 873 2317 et
902 2258 1032 2334 praesidii
1064 2262 1167 2315 eause“

721 2347 853 2422 seriptum
871 2355 920 2408 est.
938 2379 972 2388 —
983 2346 1043 2406 lae.
1061 2346 1167 2403 Grono-

722 2434 783 2490 vius
800 2433 842 2489 vel
861 2434 978 2496 duobus
1000 2434 1169 2493 cohortibus

722 2519 766 2582 vel
784 2522 901 2581 duobus
919 2523 1037 2583 milibus
1049 2521 1169 2581 seriben-

723 2606 787 2663 dum
806 2628 865 2665 esse
877 2612 989 2678 censuit,
1008 2630 1067 2666 eum
1081 2611 1168 2665 omnis

723 2693 905 2759 llomanororu
944 2699 1077 2753 exereitus
1113 2716 1168 2752 uon

725 2781 838 2854 amplius
848 2782 962 2838 duorum
971 2783 1074 2844 milium
1086 2783 1169 2845 luisse

724 2866 869 2926 videretur.
887 2888 936 2929 nee
947 2879 1034 2923 tamen
1048 2869 1168 2925 dnhitau·

726 2953 790 3009 dum
813 2964 855 3010 est
876 2956 941 3031 quin
958 2954 1086 3022 Romani,
1110 2972 1171 3014 eum

725 3041 848 3103 viderent
870 3052 937 3120 quot
959 3052 986 3099 et
1013 3041 1104 3121 quales
1124 3043 1171 3099 ho·

725 3138 781 3185 stes
803 3129 942 3188 Samnites*
965 3143 1068 3202 essent,
1094 3133 1172 3207 longe

726 3220 855 3274 maiorem
874 3222 1019 3276 exereitum
1043 3223 1172 3285 miserint,

728 3327 789 3361 eum
808 3305 850 3361 vel
869 3309 897 3361 in
916 3306 1103 3362 Praenestinos
1122 3307 1172 3361 Ca·

726 3392 829 3455 millum
848 3413 908 3454 cum
922 3403 1046 3468 quattuor
1063 3392 1174 3466 legioni·

729 3479 778 3535 hus
798 3489 955 3555 quaternum
979 3479 1081 3537 milium
1106 3479 1173 3536 mili·

730 3576 784 3622 turn
803 3561 954 3644 proiectum
973 3589 1031 3625 esse
1044 3571 1070 3637 6,,
1083 3571 1126 3631 2⁸2.
1138 3565 1175 3624 le·

671 3711 675 3715 ,
729 3674 830 3727 gamus,
858 3675 907 3710 nec
925 3657 983 3721 siue
1002 3677 1081 3719 eausa
1098 3655 1175 3716 vale-

730 3744 786 3797 rius
796 3738 902 3798 videtur
911 3753 965 3800 tarn
972 3743 1088 3801 validum
1099 3764 1175 3820 prae·

731 3828 830 3884 sidium
853 3833 882 3887 in
900 3832 1060 3893 Samnitium
1081 3831 1177 3888 cestris
1273 3894 1276 3901 .

732 3916 895 3992 reliquisse,¹
917 3940 977 3976 curn
1002 3917 1068 3974 nihil
1089 3919 1178 3973 minus

733 4008 791 4062 veri
814 4006 901 4067 simile
926 4014 1012 4072 esset,
1043 4024 1121 4080 quatu
1149 4013 1180 4061 ut

734 4092 869 4153 Samnites
888 4092 1179 4170 eastris-omissisiuga
