2618 4590
108 230 172 297 7³32
582 247 689 306 nunu
707 247 741 306 X.

107 408 202 490 mitia,
225 410 256 474 id
279 432 333 477 nes
355 410 520 477 reductum
542 433 583 476 ex
606 411 738 501 captivis
766 410 969 476 dicebatur:
1001 408 1115 495 argenti
1135 429 1160 496 tp

108 525 238 603 captum
267 538 307 582 ex
337 514 468 580 urbibus
498 525 579 596 erat,
612 516 721 605 pondo
750 514 843 580 mille
875 511 1076 601 octingenta
1100 510 1161 600 tdgir

108 642 204 685 omne
226 644 281 686 aes
304 631 532 709 argentumque
556 619 587 684 iu
610 620 765 686 aemrium
787 617 993 698 conditum,
1024 615 1153 681 militibus

110 722 154 787 hit
177 723 286 789 datum
311 748 351 791 ex
374 724 491 814 praeda
514 734 577 790 est:
614 735 771 813 auctaque
800 747 841 790 ea
874 720 1010 789 invidia
1042 732 1090 786 est
1109 720 1162 809 adp

78 827 183 893 them
211 830 298 917 quod
328 829 480 896 tributum
503 828 598 895 etiem
620 827 653 897 in
675 827 875 918 stipendium
903 826 1058 892 militum
1080 826 1162 892 contu

109 942 172 1008 est,
201 955 275 998 cum
298 935 324 999 si
347 944 452 1025 spreta
476 932 574 1023 gloria
597 932 708 999 inisset
729 931 881 1022 captivae
908 931 1082 1022 pecuniae
1101 932 1162 997 inu

110 1037 202 1123 rium·
220 1037 352 1117 inlatae,
385 1050 417 1106 et
442 1037 533 1104 mititi
561 1048 631 1104 tum
658 1037 733 1103 daie
762 1061 803 1103 ex
828 1024 965 1127 praeda
990 1049 1030 1103 et
1051 1036 1163 1126 stipendi

110 1142 244 1210 militare
268 1155 427 1236 praestare
451 1141 616 1234 potuisset.
646 1143 759 1209 nedem
781 1140 917 1226 Quirini
946 1141 1163 1231 dedicavitqu

130 1279 151 1330 t.
179 1278 300 1353 argenti
329 1276 413 1351 quod
439 1282 555 1349 ceptum
586 1292 627 1329 ex

179 1364 300 1419 urbibus
327 1370 391 1417 erat
416 1360 517 1436 pondo
544 1360 626 1415 mille

180 1450 349 1526 octingenta
364 1448 505 1526 triginta]
525 1448 625 1520 argenti

767 1273 800 1328 ab
820 1274 975 1350 imperitis
995 1274 1164 1331 recentioribus

767 1359 869 1430 breriie
890 1381 951 1438 pro
966 1381 991 1416 o
1012 1360 1060 1418 vel
1072 1361 1161 1419 draibi

767 1445 847 1517 litum
865 1467 937 1504 esee
958 1449 1064 1506 multis
1082 1449 1164 1505 ioeieri

180 1566 214 1578 -
234 1533 325 1612 pondo
344 1534 418 1592 mille
441 1544 558 1591 trecenta
579 1535 626 1603 tpi-

181 1625 263 1697 gintr.
293 1653 328 1667 -
359 1622 452 1683 Seeuti
477 1642 570 1680 rumne
591 1606 625 1676 'in

180 1711 259 1768 huius
286 1708 340 1767 loci
366 1712 498 1789 scriptura
526 1709 637 1773 consti,

181 1797 278 1856 tuenda
296 1797 447 1855 Medieeum
465 1794 579 1862 librum,
598 1797 626 1851 in

185 1906 239 1964 quo
257 1887 347 1943 minue
365 1905 444 1964 quam
463 1886 492 1941 in
516 1882 627 1960 reliquie

182 1997 197 2030 a
216 1994 280 2030 vero
303 1975 453 2030 aberratum
472 1970 627 2028 videbatur:

182 2062 326 2127 „arbum
353 2068 372 2140 p
401 2080 443 2118 eo.
474 2062 626 2116 aeeexxx.“

183 2171 245 2207 mm
269 2169 319 2205 nee
343 2147 415 2204 hune
437 2165 577 2203 numerum
595 2164 628 2200 ex

181 2239 255 2294 omni
278 2246 356 2314 parte
377 2234 545 2309 probandum
568 2252 628 2288 esee

183 2324 260 2379 facite
270 2323 379 2379 videtur
387 2320 531 2378 intellectu.
540 2321 630 2396 primo¹

184 2422 256 2473 enim
273 2419 404 2492 scriptum
419 2414 526 2469 videtur
543 2429 631 2473 accc

180 2519 230 2583 (ut
252 2510 334 2590 paulu
356 2519 417 2566 ente
440 2514 583 2574 „unne‘
602 2517 629 2563 et

182 2610 348 2675 sexcenties)
360 2625 410 2681 pro
425 2600 517 2673 dcco,
530 2603 629 2661 deinde

182 2720 217 2756 co
230 2720 279 2778 pro
298 2716 349 2767 „oe
362 2705 380 2731 “
399 2701 416 2758 i.
430 2721 452 2759 e.
468 2700 558 2761 mille.
576 2699 628 2755 hoe

183 2790 220 2843 ita
249 2806 309 2842 esee
332 2805 392 2842 eum
416 2787 477 2844 aliis
499 2787 567 2843 loeis
590 2791 628 2844 vi·

184 2874 248 2928 dere
265 2873 329 2928 lieet
346 2881 402 2929 tum
420 2877 515 2949 3,1,5.‚
533 2876 580 2931 nbi
598 2875 627 2931 in

181 2959 357 3037 discriptum
376 2969 418 3014 est
436 2961 494 3028 „ad
513 2982 540 3017 ω
567 2968 628 3029 ω“,

183 3049 212 3104 in
230 3046 252 3103 P
269 3067 304 3105 m.
327 3049 350 3105 l.
374 3047 433 3116 „nd
452 3068 485 3105 eo
503 3069 536 3105 eo
553 3048 628 3106 milia

182 3135 357 3200 hominnm“,
386 3156 421 3193 m.
441 3137 467 3195 t.
486 3135 542 3202 „ed
565 3157 628 3194 cccc

182 3223 254 3279 miiia
272 3222 444 3282 bominum“.
472 3221 503 3280 tn
527 3223 627 3282 codici·

182 3310 232 3366 bur
246 3309 266 3365 P
277 3308 352 3366 Leid.
364 3329 381 3368 1.
393 3308 489 3371 Ktoct.
499 3311 532 3371 ιΙ.
549 3333 628 3390 prae·
661 3384 663 3389 ,

183 3400 334 3453 termimum
352 3406 395 3453 eet
412 3398 455 3453 vel
473 3419 506 3454 co
524 3397 568 3454 vei
585 3418 627 3466 ω,

165 3493 208 3539 :et
236 3488 366 3561 scripturn
397 3489 523 3558 „argenti
554 3486 628 3562 quod

181 3582 288 3650 ceptum
316 3593 349 3628 ex
376 3573 489 3628 urbibus
516 3581 580 3632 erat
599 3579 626 3652 Ρ.

180 3664 328 3717 neeem⁴‘.
354 3660 388 3718 ei.
409 3663 451 3726 10,
470 3661 513 3717 42.
533 3661 580 3716 ubi
598 3664 626 3714 in

181 3744 202 3802 P
226 3763 255 3804 Χ
276 3745 418 3804 exciderat.
454 3745 484 3802 ln
509 3767 562 3802 uno
586 3755 624 3801 te-

179 3854 240 3890 men
251 3833 340 3891 Oxou.
358 3832 427 3888 libro
445 3853 500 3891 rec.
513 3835 625 3910 propius

179 3941 245 3977 vero
280 3940 440 3997 quemqnam
475 3918 624 3976 litterarum

178 4008 318 4064 metatheri
328 4011 458 4083 scriptum
467 4015 508 4063 eet
515 4007 624 4082 „pondo

179 4095 212 4150 ad
226 4116 251 4151 m
263 4101 400 4152 cccxxx“:
418 4093 486 4150 ittud
497 4095 542 4151 ad
552 4096 623 4150 enim

768 1555 837 1594 mue.
856 1536 887 1592 in
910 1534 1161 1599 Voss.11.[1m.t.

767 1630 878 1681 ventum
901 1635 966 1681 est:
988 1647 1047 1703 ,‚p.
1066 1625 1165 1681 adeun

768 1709 813 1769 Cf.
831 1712 876 1779 26,
898 1711 968 1770 47.:
990 1725 1049 1781 „et
1068 1714 1122 1769 auri
1135 1731 1165 1785 up

767 1798 850 1855 relata
870 1799 908 1854 ad
924 1802 1132 1878 imperatorem
1142 1819 1166 1868 ru

769 1887 825 1942 nin:
852 1896 979 1963 paterae
1008 1906 1112 1944 aureae
1134 1884 1166 1940 [ιιι

770 1974 904 2030 ducentae
930 1977 1119 2051 septuaginta
1137 1987 1166 2029 uu

755 2054 830 2116 ¹brus
843 2059 936 2116 ferme
952 2082 1061 2119 omnes
1071 2060 1160 2140 pondu:

767 2150 852 2227 genti
869 2146 939 2204 sacti
956 2152 1125 2225 signatique
1138 2149 1166 2204 dn

769 2246 798 2292 et
825 2244 890 2291 octo
921 2238 1022 2293 milia
1052 2247 1085 2294 et
1113 2246 1167 2294 ime

767 2323 896 2397 pondo“
916 2323 1037 2396 (Pae).

717 2437 743 2492 3.
769 2453 854 2490 omne
872 2455 931 2492 aee
956 2445 1168 2516 argentumque

769 2523 923 2578 aerarium
944 2523 1129 2581 conditum:
1146 2522 1166 2580 P.

770 2608 810 2666 dl:
823 2628 923 2676 „omne
934 2629 969 2666 ee
985 2616 1168 2687 argentunq.“

771 2726 801 2739 —
823 2695 936 2755 hein-1.
959 2696 1052 2756 Voss.
1071 2719 1114 2759 ιιι
1131 2708 1169 2756 ιιι·

771 2805 801 2839 ee
819 2782 923 2838 inuidia
946 2796 1004 2843 est.
1031 2818 1071 2828 -
1102 2786 1167 2854 th„

770 2873 795 2927 ei
813 2880 903 2948 spreta
923 2870 1021 2946 gioria
1036 2874 1169 2932 fuissetu

770 2979 820 3014 me
836 2960 974 3034 pecuniae
997 2965 1028 3016 in
1044 2965 1169 3019 aeret-iun

769 3045 822 3101 late
850 3053 876 3100 et
903 3044 999 3122 militi
1024 3059 1090 3106 tum
1121 3050 1170 3107 dtn'

769 3132 868 3212 praede
881 3141 909 3188 et
921 3134 1110 3208 stipendium
1124 3137 1170 3199 miti

768 3229 908 3296 praestare
932 3226 1117 3297 potuisset“.
1145 3225 1170 3283 Ρ

768 3316 850 3364 stare
862 3307 939 3375 (seit.
953 3312 1081 3383 consul)
1095 3316 1125 3370 in
1139 3312 1171 3369 P·

769 3415 821 3472 que
840 3406 866 3450 et
884 3395 970 3455 Dent.
993 3401 1087 3459 codd.
1106 3403 1171 3477 sedp

769 3492 818 3539 est.
837 3484 929 3557 priore
947 3478 1040 3543 etiain
1057 3509 1146 3546 mann
1162 3511 1171 3544 ι

769 3573 797 3625 in
816 3567 846 3626 P.
861 3600 894 3610 -
914 3567 1054 3631 Leid.1.:
1076 3587 1108 3632 et
1125 3577 1170 3634 mil

769 3658 834 3715 «tart.
864 3654 945 3715 Voss.
965 3677 996 3717 ιι.
1019 3662 1077 3720 eL:
1098 3674 1129 3721 et
1146 3685 1171 3720 m

768 3745 819 3800 bne
842 3743 908 3801 deri.
938 3742 1013 3808 Lov.
1030 3744 1077 3808 da
1109 3763 1172 3809 etn

768 3831 835 3888 dari.
855 3861 888 3872 -
911 3831 1013 3892 Beleia
1035 3838 1172 3920 dari-p

767 3921 843 3976 stari.

713 4010 739 4065 8.
767 4007 872 4065 nedem
908 4004 1039 4079 Quirini
1075 4014 1173 4073 dedda

767 4112 857 4168 qum
869 4101 940 4157 cett
960 4091 1014 4150 ΡΙ
1034 4096 1121 4175 reth]
1138 4122 1173 4159 ee
