2618 4590
504 255 611 327 tarra
625 266 675 355 rrt

1075 253 1139 324 105

39 433 165 501 moenia
188 431 425 520 molientesque
448 430 557 497 obices
579 438 743 520 portarum
764 453 871 497 arcere
891 443 1034 521 possunt.
1072 454 1138 499 sea.

37 538 78 625 lis
99 539 188 628 prius
209 535 338 604 moenia
360 546 468 624 capta,
488 535 563 601 inde
584 533 713 629 effracta
735 534 871 602 claustra
896 546 1073 625 portarum:
1106 548 1139 604 et

39 666 116 708 eum
144 665 262 729 anceps
290 639 391 706 hostis
419 650 455 706 et
478 663 497 704 a
519 638 624 704 fronte
651 648 725 704 eta
753 649 843 729 tergo
872 653 996 731 urgeret
1016 665 1076 709 nec
1099 643 1138 708 ad

38 769 182 835 pugnam
204 745 269 811 ulla
290 744 338 811 vis
366 766 425 810 nec
454 743 494 809 ad
523 743 632 832 fugam
662 743 725 810 loci
755 744 926 834 quicquam
951 757 1139 834 superesset,

39 849 74 914 in
102 849 208 914 medio
236 847 320 915 caesi
348 847 388 912 ad
413 870 515 914 unum
541 871 665 915 omnes.
709 855 897 938 recuperato
926 848 967 915 ab
996 848 1174 916 hostibust
1248 920 1251 929 ‚

39 953 183 1019 Tusculo
205 951 362 1018 exercitus
383 951 522 1019 Romam
544 937 594 1021 est
614 953 775 1020 reductus.

126 1054 276 1123 XXXIV.
297 1054 451 1140 'Quanto
473 1057 573 1149 magis
595 1057 757 1148 prosperis
780 1079 820 1122 eo
836 1079 921 1124 anno
943 1057 1037 1124 bellis
1060 1069 1142 1124 tran·

37 1160 137 1248 quilla
159 1159 265 1226 omnia
287 1158 364 1227 loris
388 1173 492 1247 erant,
520 1173 609 1230 tanto
635 1162 669 1228 in
691 1160 772 1226 urbe
793 1159 842 1226 vis
863 1150 997 1250 ¹patrum
1019 1162 1052 1228 in
1076 1161 1142 1228 dies

56 1308 83 1363 2.
111 1307 180 1364 inde
198 1308 472 1382 effraciaclauatra
486 1330 556 1386 por·-
585 1386 588 1391 Ι

107 1403 223 1452 torum.-
241 1395 298 1454 ΡΜ.
315 1395 347 1452 ln
358 1394 432 1456 Harl.
442 1416 461 1457 r.
474 1399 555 1454 omis

107 1501 168 1538 sum
186 1492 228 1539 est
244 1484 389 1544 claustra.

54 1570 82 1628 7.
110 1577 222 1644 quanto
266 1573 363 1651 aragia
402 1571 557 1646 prosperis
603 1622 606 1631 .

108 1675 143 1714 eo
174 1677 253 1714 unna
281 1658 367 1715 tallia
388 1659 557 1733 tranquilla

108 1734 209 1801 omnia
236 1742 323 1817 foris
359 1753 463 1801 erant:
498 1744 556 1805 ΡΜ.

110 1828 229 1906 Quanto
240 1831 337 1909 magia
347 1829 382 1886 ad
390 1834 557 1908 tranquilla

109 1919 246 1993 pertinere
272 1937 353 1974 nemo
383 1937 439 1974 non
468 1918 556 1975 videta

110 2003 162 2059 sed
174 2023 243 2080 quae
255 2014 404 2081 sequuntur
420 2044 436 2074 ‚‚
444 2025 510 2061 cnm
521 2026 556 2062 eo

111 2092 177 2165 ipso
190 2122 219 2132 -
241 2091 458 2166 impediretur“
475 2095 559 2149 inter-

108 2189 200 2255 pretes
223 2178 243 2234 ii
270 2181 316 2255 qui
340 2181 368 2234 in
387 2199 453 2236 voce
475 2180 559 2256 qnod

64 2325 68 2332 ¹
110 2264 242 2321 causalem
266 2267 483 2323 coniunctionem
503 2267 557 2323 sibi

109 2352 269 2410 videbantur
285 2353 393 2423 videre,
411 2372 466 2411 uon
483 2363 557 2410 recte

109 2450 297 2517 perceperunt,
308 2441 427 2515 „genade
437 2440 557 2497 dadurch

110 2526 186 2584 daea
207 2547 269 2584 man
291 2529 420 2586 bcaalrlen
442 2527 556 2596 sollte“‚

111 2615 189 2689 qnasi
215 2614 276 2672 lieri
302 2617 421 2694 potuerit
449 2625 480 2672 ut
509 2615 557 2672 ali·

112 2701 219 2775 quando
233 2724 288 2759 non
298 2713 369 2760 esset
379 2723 490 2759 necesse
502 2722 558 2758 cre·
580 2716 583 2735 ¹

112 2787 197 2844 ditum
228 2788 307 2848 solvi.
348 2811 410 2846 nam
438 2792 463 2846 si
492 2789 559 2844 haec

112 2874 193 2932 verba
222 2877 422 2952 significabant,
448 2875 559 2931 faculta-

111 2969 166 3018 tem
179 2961 302 3019 solvendi
316 2963 472 3042 impeditam
491 2982 560 3031 esse,

111 3049 185 3126 quod
207 3050 285 3128 plebs
307 3053 402 3128 iniquo
426 3069 476 3106 suo
493 3058 559 3106 tem·

113 3155 181 3210 pore
198 3137 303 3195 solvere
316 3149 407 3195 coacta
426 3147 561 3195 essetnec

113 3234 254 3300 expectare
277 3229 411 3304 potuisset
432 3235 559 3303 opportu-

117 3331 183 3366 num
205 3312 339 3388 quoddam
367 3323 486 3389 tempus,
515 3333 561 3368 ne·

77 3406 81 3412 '
116 3410 192 3453 cesse
210 3410 268 3456 erat
290 3402 380 3476 sequi,
408 3419 470 3457 cum
490 3401 562 3455 inter

114 3492 253 3560 utrosque,
271 3495 298 3541 et
309 3487 456 3544 creditores
476 3495 503 3542 at
516 3485 561 3541 de·

115 3560 228 3640 bitom,
247 3572 281 3628 de
298 3572 421 3630 solvendi
436 3573 480 3630 die
498 3593 561 3630 cona

64 3720 69 3727 ,
113 3661 247 3728 venisset,
273 3660 298 3714 si
321 3680 376 3716 nou
398 3669 483 3716 totam
503 3679 563 3716 sor·

115 3755 171 3803 tem
189 3756 277 3803 tamen
291 3745 406 3823 aliquam
425 3748 483 3803 eius
500 3767 561 3821 par·

115 3842 170 3890 tem
192 3836 264 3890 iusto
291 3833 415 3892 solvendi
440 3842 563 3911 tempore

117 3930 235 3996 paratam
254 3941 314 3978 esse
336 3923 460 3999 potuisse
477 3931 508 3979 ut
525 3923 562 3978 ita

118 4008 235 4084 quodam
264 4009 346 4066 modo
383 4009 563 4067 creditoribus

97 4128 99 4132 ι
115 4095 265 4158 satisfieret.
283 4098 313 4155 id
331 4099 421 4179 ipsum
437 4116 502 4158 vero
516 4095 563 4157 Li·

696 1310 757 1366 vius
775 1310 885 1365 omnino
897 1319 984 1386 negat,
1004 1330 1065 1367 cum
1077 1311 1142 1365 scri·

697 1397 761 1453 bere
778 1400 926 1474 perrexerit
943 1399 1055 1475 „itaque
1082 1416 1144 1453 cum

698 1486 750 1543 iam
770 1504 803 1540 ex
820 1503 849 1539 re
861 1484 938 1542 nihil
949 1484 1007 1541 dari
1018 1495 1112 1562 posset
1118 1492 1143 1543 ⁶⁶.

700 1571 784 1647 quod
808 1572 889 1646 igitur
912 1571 980 1629 nihil
1004 1571 1088 1639 aliud,
1102 1581 1144 1629 est

661 1658 667 1671 “
699 1677 779 1737 quam
814 1678 964 1735 pronomen
995 1658 1144 1726 relativum,

699 1743 843 1821 verbisque
852 1766 886 1802 eo
898 1747 962 1821 ipso
977 1746 1060 1821 quod
1067 1746 1146 1802 solvi

699 1852 820 1890 necesse
856 1841 922 1890 erat
960 1831 1144 1907 significantur

700 1938 806 1988 usurae,
815 1920 912 1997 quibus
921 1919 1086 1995 gravissimis
1096 1919 1144 1974 im·

699 2007 793 2083 pensis
811 2026 917 2083 semper
939 2017 1040 2063 sortem
1061 2006 1145 2078 mergi

702 2095 859 2169 oportuerit.
884 2093 1038 2162 cto,1t.:
1057 2090 1146 2148 multi·

701 2176 766 2258 plici
785 2182 839 2236 iam
855 2189 929 2236 sorte
941 2179 1061 2236 exsoluta
1078 2197 1146 2234 mer·

701 2268 825 2342 gentibus
841 2287 948 2346 semper
964 2277 1064 2324 sortem
1083 2285 1146 2322 usu·

700 2356 739 2410 ris
770 2357 895 2412 obrutum
926 2354 1018 2411 lenorc
1053 2356 1146 2410 essc“.

701 2440 756 2510 „Je
774 2442 929 2499 friedliclaer
945 2441 1005 2498 sich
1023 2444 1050 2498 in
1065 2438 1146 2513 Fulge

700 2527 749 2584 dcr
758 2527 889 2602 giticltich
899 2530 1038 2607 geldhrten
1048 2527 1146 2601 Kriege

701 2614 746 2671 die
758 2615 942 2674 Verlrtiltnisse
960 2616 1030 2673 naclr
1046 2615 1147 2669 Aulsen

701 2702 749 2758 lrin
767 2702 932 2777 gestaltetem
959 2724 1004 2760 um
1022 2721 1054 2757 so
1071 2699 1148 2756 mehr

701 2789 817 2846 nahmen
835 2790 933 2862 tltglich
951 2791 980 2844 in
1003 2787 1052 2842 dor
1069 2785 1149 2840 Stadt

703 2875 748 2930 die
765 2906 766 2910 =
784 2873 1062 2947 Gewaltthtttiglreiten
1101 2871 1149 2926 der

702 2960 834 3018 Patrieier
851 2961 906 3018 und
925 2960 973 3016 das
996 2957 1083 3017 Elend
1101 2957 1150 3013 der

702 3047 826 3123 Plebejer
844 3069 890 3119 zu,
915 3046 1073 3105 tndem-das
1091 3065 1149 3103 was

703 3158 737 3193 an
761 3137 861 3195 Zinsen
884 3158 917 3196 zu
940 3133 1067 3194 bezahlen
1091 3155 1150 3192 war
1238 3148 1245 3163 ‘

702 3227 799 3282 immer
810 3226 914 3283 wieder
925 3247 979 3283 von
991 3223 1092 3281 Neuem
1105 3222 1150 3278 dic

703 3314 860 3388 Abtragung
884 3313 932 3368 des
955 3307 1076 3386 Capitale
1104 3329 1151 3363 un·

705 3399 823 3474 mtglieh
835 3398 949 3456 machte.
978 3394 1081 3452 Sobald
1094 3394 1150 3481 plso

706 3486 769 3544 lrein
782 3485 852 3543 Geld
871 3506 930 3541 anm
943 3482 1077 3541 Bezalrlen
1091 3503 1151 3539 vor·

704 3574 812 3630 handen
830 3593 905 3641 war,
934 3592 966 3629 so
985 3582 1086 3628 museto
1104 3571 1153 3626 der

647 3647 650 3655 ¹
705 3660 884 3718 Verurtlreilte
906 3660 963 3718 und
986 3660 1047 3717 dem
1071 3658 1151 3716 Glau-

704 3747 993 3821 bigerUeberwiesene
1002 3757 1081 3805 unter
1091 3746 1152 3802 dem

705 3834 1152 3908 VerlustederlrlirgerlichenEhre

705 3926 756 3980 mit
773 3926 863 3980 seiner
879 3924 982 3980 Person
1006 3920 1152 3979 denselben

705 4011 844 4069 nulriedeu
866 4012 976 4079 stellen,
1004 4009 1060 4066 und
1078 4009 1153 4066 diese

705 4096 866 4176 Bestralnng
878 4099 955 4156 ward
967 4098 1045 4156 daun
1056 4116 1151 4175 gegen·
