2618 4590
157 232 225 303 364
616 220 863 309 numurus
921 198 926 206 ¹

161 412 316 483 ducentos
337 411 439 479 ferme
459 410 664 480 Lucanorum
686 410 798 479 exules
821 410 904 478 cinca
926 432 962 476 se
982 430 1042 499 pro
1071 407 1143 475 fidis
1171 407 1262 475 habe

162 517 218 587 bat
238 554 284 575 -.-
304 528 341 584 ut
361 516 515 610 pleraque
543 518 611 584 eius
639 516 762 608 generis
793 515 918 606 ingenia
940 525 1080 582 sunt-
1102 538 1180 581 cum
1207 513 1263 580 for·

162 631 238 687 tuna
271 620 458 688 mutabilem
491 632 637 710 gerentes
671 621 779 688 fidem.
818 620 936 688 imbres
970 619 1112 688 continui
1144 618 1261 707 campis

165 724 314 792 omnibus
336 725 527 793 inundantes
549 750 624 793 cum
645 726 895 794 interclusissent
916 724 1068 792 trifariam
1089 723 1264 791 exercitum

132 816 182 898 5'a
204 840 317 898 mutuo
340 831 422 897 inter
437 853 472 897 se
488 830 615 913 auxilio,
638 831 702 898 duo
718 830 874 921 praesidia
890 854 973 922 quae
994 829 1062 896 sine
1082 853 1158 920 rege
1182 837 1265 896 erant

159 933 322 1024 inproviso
344 934 486 1029 bostium
517 936 657 1003 adventu
685 935 922 1026 opprimuntur,
952 933 1130 1024 deletisque
1162 933 1210 1003 eis
1232 931 1266 998 ad

160 1026 259 1128 ipsius
283 1038 483 1107 obsidionem
510 1063 623 1107 omnes
652 1042 806 1107 conversi.
843 1039 918 1105 inde
949 1038 990 1104 ab
1011 1037 1151 1105 Lucanis
1174 1034 1266 1105 exuli

160 1141 222 1210 bus
245 1144 285 1220 ad
308 1167 384 1211 suos
405 1143 508 1210 nuntii
534 1143 624 1211 missi
650 1155 725 1211 sunt
753 1156 914 1234 pactoque
944 1142 1048 1210 reditu
1075 1141 1267 1234 promissum

161 1258 211 1325 est
231 1271 341 1338 regem
367 1259 421 1318 aut
443 1247 552 1314 vivum
575 1259 630 1315 aut
651 1259 815 1315 mortuum
842 1248 875 1313 in
902 1257 1097 1338 potestatem
1129 1248 1266 1314 daturos.

114 1363 151 1420 10
161 1362 305 1418 ceterum
329 1376 403 1419 cum
426 1351 559 1419 delectis
581 1352 651 1444 ipse
675 1353 836 1444 egregium
856 1352 978 1419 facinus
1006 1373 1102 1418 ausus
1125 1373 1185 1440 per
1207 1371 1267 1414 me-

162 1454 232 1522 dios
263 1457 401 1546 erumpit
426 1457 536 1524 hostes
567 1468 600 1525 et
624 1458 741 1526 ducem
766 1456 969 1526 Lucanorum
991 1454 1174 1522 comminus
1198 1476 1267 1521 con-

161 1581 290 1649 gressus
313 1559 490 1645 obturaret,
513 1562 771 1653 contrahensque
793 1585 869 1629 suos
893 1585 934 1628 ex
957 1560 1031 1651 luga
1053 1559 1181 1649 palatos
1202 1582 1268 1649 per-

155 1663 248 1749 xvenit
270 1665 311 1731 ad
334 1690 463 1733 anmem
483 1666 582 1734 ruinis
610 1669 791 1735 recentibus
819 1665 941 1758 pontis,
969 1664 1139 1756 quemvis
1169 1686 1269 1754 aquae

160 1766 349 1852 abstulerat,
376 1771 569 1853 iudicantem
591 1772 660 1839 iter.
699 1796 797 1862 quem
818 1795 894 1838 cum
915 1770 1036 1838 incerto
1059 1769 1145 1837 vado
1172 1779 1269 1835 trans-

114 1872 220 1942 t5iret
241 1897 372 1962 agrum,
402 1875 505 1942 lessus
528 1888 618 1945 metu
642 1901 679 1942 ac
707 1877 817 1943 labore
839 1875 932 1940 miles
960 1873 1128 1964 increpans
1150 1894 1269 1938 nomen

161 1976 410 2059 abominandum
432 1980 570 2057 fluminis
594 1982 686 2066 „iure
708 1980 852 2063 Acheros
873 1978 1024 2059 vocaris“
1044 1976 1159 2067 inquit.
1182 1976 1269 2068 quod

819 2171 907 2229 blaior
924 2191 988 2228 sane
1005 2170 1072 2227 baec
1094 2170 1166 2242 regia
1184 2169 1269 2229 uirtus

819 2270 947 2338 appareat
959 2267 1074 2336 oportet,
1087 2259 1112 2313 si
1121 2255 1268 2334 prior-Ale·

767 2346 769 2350 ’
820 2346 923 2404 xander
952 2364 1013 2415 eum
1049 2362 1129 2421 quem
1165 2344 1268 2399 bostem

820 2436 946 2511 cognovit
981 2450 1121 2507 aggressus
1163 2429 1267 2487 dicitur.

821 2522 992 2579 Comminus
1019 2519 1180 2596 scripsimus
1208 2535 1267 2572 cnm

176 2170 202 2240 ⁹3.
230 2178 264 2226 ut
289 2172 436 2248 pleraque
467 2173 532 2229 circs
556 2175 677 2251 generis

231 2257 353 2334 ingenia
381 2267 465 2313 sunt:
494 2256 543 2315 Plll
573 2259 607 2318 al.
643 2293 677 2303 -

230 2341 311 2398 Recc.
323 2342 396 2417 quid.
409 2343 501 2400 codd:
519 2353 549 2399 ut
561 2344 677 2420 plerum-

229 2448 282 2505 que
300 2430 358 2483 eius
377 2431 463 2502 gentis
481 2430 588 2504 ingenia
606 2440 677 2491 sunt.

176 2559 677 2636 3.imbrescontinur'ccmpisomni-
820 2607 872 2664 put
920 2627 980 2663 cum
996 2607 1033 2663 'in
1051 2603 1137 2662 ΡΜ
1163 2601 1175 2658 1
1200 2623 1266 2659 con.

873 2648 895 2674 .‚
1140 2649 1146 2662 ·
1176 2648 1183 2662 ·

83 2633 93 2639 ’
184 2672 186 2676 ·
218 2647 284 2709 ‘bus
302 2645 499 2705 inundantes:
522 2646 553 2708 P.
577 2681 611 2690 —
634 2649 676 2707 ill:

228 2731 330 2805 inuuda
346 2735 351 2805 l
367 2742 416 2792 tes.
430 2767 464 2776 -
482 2733 545 2792 Plll:
564 2737 676 2809 „trisu

196 2882 199 2889 Α
228 2821 305 2892 rium
335 2823 528 2882 exercitum“.
576 2824 676 2896 Tufa·

226 2910 304 2980 rium
328 2918 355 2963 et
377 2907 412 2965 ad
439 2910 676 2969 interclusissent

227 3005 256 3057 et
274 2996 309 3052 ad
321 2998 482 3052 exercitum
494 2999 619 3074 pertinet.
639 3001 672 3059 cl.

151 3145 153 3150 .
224 3086 260 3150 3,
279 3085 336 3140 Q:
363 3081 463 3136 Fabius
483 3104 537 3143 non
556 3088 672 3159 permix-

224 3179 281 3241 tam
303 3189 383 3238 unam
407 3170 542 3239 seclorum
561 3172 673 3246 civium·

223 3275 280 3334 qua
288 3255 338 3312 aed
351 3256 432 3312 trium
444 3256 606 3333 populorum
616 3269 671 3316 tres

220 3344 365 3423 separatim
387 3347 458 3400 acies
483 3346 554 3400 circa
572 3345 671 3403 vallum

221 3431 340 3488 bostium
358 3433 497 3488 instruxit:
516 3434 605 3489 -ita
624 3435 670 3490 tri·
705 3456 714 3468 ²

219 3519 316 3583 fariam
333 3517 444 3578 adortus
463 3527 550 3586 castra
569 3528 668 3594 cet..—

219 3602 242 3660 P
261 3624 296 3662 m.
316 3608 353 3662 1.:
372 3607 571 3682 opprimentun
590 3605 613 3678 P
630 3627 666 3665 m.

219 3693 245 3760 2.
262 3689 303 3755 ul:
322 3694 517 3773 opprimuntur.

147 3825 191 3893 ll.
217 3840 414 3901 congrcssuc:
431 3821 454 3878 P
472 3820 523 3894 al]
540 3842 663 3898 congres-

217 3905 288 3988 sum}
307 3938 344 3973 ·,-
369 3907 412 3981 tls
435 3916 580 3984 (rusurensb¹
594 3915 600 3980 Ι
615 3912 662 3967 ob-

215 4005 330 4054 truncat.
345 3996 425 4056 bor.
443 3999 483 4055 d:
502 4017 662 4073 congressus

215 4076 388 4155 congressum
428 4083 579 4143 obtruncat.
626 4114 660 4126 -·

819 2696 917 2751 minus
935 2701 1015 2752 esset.
1043 2723 1078 2734 -
1105 2691 1167 2748 Plll:
1194 2710 1266 2746 suos

819 2801 860 2838 ca:
870 2780 956 2860 suga
971 2781 1101 2855 palatos.
1124 2777 1153 2835 lll
1170 2797 1206 2836 m.
1224 2779 1265 2835 d:

816 2867 927 2947 palates.
955 2899 990 2909 -
1020 2866 1059 2924 P:
1087 2865 1265 2922 indt'cantem

817 2957 881 3014 iter.
898 2955 926 3010 ltl
942 2956 1032 3013 rn.1.:
1051 2952 1261 3010 indicantcmtcr.

814 3039 851 3100 ab.
864 3044 902 3099 Ἅι
923 3041 1061 3098 indicante
1076 3042 1134 3098 iter.
1152 3055 1261 3110 „-ge-

811 3126 887 3202 langt
904 3147 934 3182 er
951 3149 985 3185 an
1004 3130 1082 3184 einen
1098 3124 1196 3193 fluas,
1213 3123 1262 3181 der

814 3214 867 3270 den
886 3213 956 3289 Weg
979 3214 1065 3272 durob
1090 3213 1135 3270 dic
1154 3212 1260 3269 Ruincn

812 3300 862 3362 der
883 3311 938 3357 enst
961 3302 1052 3376 jrlngst
1068 3321 1123 3359 von
1141 3300 1191 3357 der
1204 3299 1259 3356 'Ge-
1278 3316 1282 3325 ’

811 3385 878 3442 walt
901 3389 948 3445 des
973 3388 1101 3445 Wassers
1123 3388 1258 3462 lortgaris-

810 3493 893 3530 aenen
910 3475 1017 3532 Brtlcke
1036 3473 1243 3534 bezeichnen&

740 3563 784 3635 152
809 3582 914 3625 unomen
943 3562 1178 3619 abominandum
1196 3563 1256 3636 flu·

722 3710 726 3715 ,
807 3651 912 3707 urinis:
929 3648 964 3705 ll.
977 3680 1012 3693 ·-
1026 3650 1061 3705 Pr
1080 3646 1255 3706 abhominan-

806 3738 878 3794 dum.
906 3766 941 3780 ·-
969 3723 1033 3793 Pll:
1056 3739 1116 3793 iure
1140 3735 1254 3791 aeberos

805 3825 919 3882 uocaris.
945 3822 1012 3882 Lov.
1032 3824 1071 3882 le
1093 3825 1155 3879 iure
1176 3822 1252 3884 aebe-

804 3930 870 3967 rons
888 3912 1009 3972 uocaris:
1028 3911 1055 3969 h.
1068 3931 1093 3980 e.¹
1104 3909 1149 3967 val
1168 3909 1252 3965 eche·

804 4019 860 4054 ron
877 3997 920 4054 vel
943 3997 1084 4055 acheron.-
1107 3999 1162 4059 uisi
1182 3997 1250 4053 lorte

803 4084 951 4144 acheruns
966 4083 1085 4143 scribere
1103 4083 1198 4146 voluit.
