2618 4590
505 293 690 358 suenni.
1083 278 1150 348 223

45 458 123 549 ginti
145 471 258 527 natum
282 481 383 526 annos
407 460 574 527 consulem
596 457 798 527 renuntiavit:
831 458 952 550 collega
975 457 1082 527 Corvo'
1107 458 1149 526 de

33 564 142 654 ,plebe
158 564 205 630 M.
220 564 378 654 Popillius
393 562 515 631 Laenas
537 575 699 653 quartums
710 563 823 630 consul
836 564 961 631 futurus
982 564 1073 632 datus
1090 575 1148 632 est.

46 669 276 736 cumGraecis
306 693 324 736 a
352 668 487 736 Camillo
516 669 603 735 nulla
631 668 848 736 memorabilis
875 680 963 760 gesta
991 692 1057 737 res:
1087 692 1148 737 nec

31 772 92 837 ‘illi
114 784 199 838 terra
228 798 288 840 nec
310 746 474 841 Romanus
501 775 581 841 mari
608 773 745 841 bellator
767 785 848 841 erat:
882 784 1047 864 postremo
1074 799 1148 842 cunr

44 876 192 942 litoribus
224 890 417 961 arcerentur,
451 902 534 970 aqua
563 878 659 946 eliam
686 889 812 968 praeter
840 891 945 947 cetera
972 881 1178 947 necessariat

26 1533 31 1538 ·
112 1532 159 1570 rus
178 1515 256 1573 dctus
274 1527 323 1576 est.
342 1548 376 1560 -

45 981 119 1047 usui
142 982 306 1051 deficiente
328 983 451 1051 ltaliam
472 984 640 1076 reliquere.
680 983 769 1050 cuius
792 983 905 1074 populi
933 1009 971 1052 ea
994 985 1148 1075 cuiusque

115 1173 142 1219 et
163 1167 259 1242 uiginti
283 1177 375 1226 netum
399 1188 494 1230 annos.
519 1169 559 1227 M:

114 1271 149 1311 nr.
168 1268 204 1312 ec.
222 1275 266 1315 xx.
285 1238 378 1312 nntnni
395 1277 488 1316 annos.

59 1339 86 1397 9.
113 1340 559 1416 MPops'liusLenasuu.coni:

114 1426 172 1483 PM.
200 1426 403 1497 ct7‚1u.-
427 1431 466 1489 M:
489 1434 559 1489 iutu-

394 1518 478 1577 Peulc
497 1529 560 1598 post

113 1599 175 1656 PM:
204 1602 338 1664 litoribus.
367 1638 401 1648 -
427 1606 504 1664 Leid.
528 1628 558 1666 n:

113 1686 216 1745 ltaliam
235 1691 395 1768 relinquere.
421 1693 464 1752 Cf.
477 1698 502 1762 2,
517 1697 560 1752 10.

58 1772 87 1832 6.
114 1778 199 1831 cuius
214 1781 320 1853 populi
335 1799 372 1836 ea
389 1784 473 1838 cuius
489 1802 559 1860 gen-

113 1864 153 1917 tis
166 1865 274 1922 classis
286 1866 387 1937 fuerit
399 1868 476 1924 nihil
488 1871 562 1924 certi

114 1958 177 2004 est.-
207 1948 237 2009 P.
267 1957 350 2010 euius
376 1953 471 2032 populi
501 1976 559 2011 enm

113 2037 258 2113 cuiusque
280 2043 366 2114 gentis
391 2040 484 2097 elassis
503 2041 558 2098 iuc-

111 2123 147 2177 rit
169 2134 235 2183 cet:
259 2125 294 2186 M.
324 2161 358 2170 —
385 2128 416 2183 ln
440 2128 517 2186 Leid.
540 2150 559 2188 1.

111 2209 139 2267 h.
157 2208 175 2268 l.
194 2212 263 2269 nihil
280 2216 333 2270 nisi
351 2214 404 2272 hoc
421 2227 557 2294 repertum

111 2305 165 2352 est:
188 2303 264 2356 cuius
282 2305 369 2376 gentis
388 2301 482 2361 classis
499 2302 556 2359 sue-

112 2384 149 2438 rit
172 2384 240 2442 nihil
263 2391 328 2444 serti
352 2399 400 2449 est.
428 2420 464 2434 -
493 2391 556 2450 Ant.

111 2468 267 2531 Perizonius
294 2476 466 2533 scribendum
495 2498 557 2534 cen·

111 2559 165 2614 suit
183 2563 280 2628 „cuius
294 2561 388 2640 populi
402 2583 432 2618 ec
445 2567 557 2621 cuiusce
575 2561 578 2565 ’

110 2648 198 2718 gentis
221 2647 316 2704 classis
344 2650 460 2707 luerit“:
489 2671 558 2728 quse

112 2733 265 2789 coniectura
272 2733 378 2793 Liviani
390 2737 444 2793 loci
457 2740 500 2805 45,
512 2741 557 2796 22.

112 2820 272 2896 „principes
284 2824 402 2894 gentium
415 2834 460 2879 ant
471 2844 555 2900 popu·

109 2903 225 2963 lornm“
260 2910 417 2965 auctoritate
446 2911 559 2986 probari

108 2991 230 3050 videtur:
259 2994 308 3051 sed
326 3016 387 3052 curn
408 2996 468 3053 aliis
489 2996 557 3055 locis
612 3063 624 3087 x

110 3076 142 3136 L.
159 3099 217 3135 eom
235 3100 314 3158 quem
332 3082 360 3141 lr.
378 3083 396 3142 l.
417 3086 446 3139 in
464 3082 491 3140 lli
510 3084 556 3140 ob·

111 3173 416 3248 owatemrepperimus
424 3173 556 3229 rationem
620 3208 624 3217 ι

110 3265 247 3332 sequntur,
261 3256 318 3333 q'ue
327 3256 416 3314 delere
428 3261 486 3315 ansi
500 3279 556 3315 nou

110 3360 212 3401 sumus.
247 3345 291 3410 45,
318 3347 362 3404 31.
390 3350 461 3401 enim
488 3347 556 3402 scri·

108 3436 185 3502 ptum
203 3439 245 3484 est
262 3432 312 3497 „in
330 3434 453 3488 omnibns
472 3432 554 3489 Grae·

109 3517 168 3571 sice
179 3517 303 3589 gentihus
315 3519 505 3596 populisque‘⁸‚
518 3521 554 3575 si·

108 3602 221 3678 milique
245 3603 326 3659 modo
349 3607 377 3660 in
401 3604 460 3660 aliis
478 3604 553 3664 locis.

109 3689 193 3763 Quod
210 3709 275 3746 vero
294 3690 328 3746 ed
346 3710 441 3746 sensus
459 3691 553 3747 discri-

108 3796 169 3833 men
187 3779 258 3833 intcr
275 3777 341 3834 haec
354 3778 407 3834 duo
420 3778 501 3835 verba
513 3780 553 3835 in·

108 3864 249 3920 tercedens
268 3868 374 3933 attinet,
397 3885 440 3920 res
459 3866 495 3920 ita
512 3867 552 3922 vi-

109 3950 189 4006 detur
201 3970 230 4008 sc
242 3952 346 4010 habere.
360 3951 479 4007 eiusdem
489 3971 552 4027 gen-

108 4039 144 4094 tis
164 4057 256 4095 omnes
274 4039 302 4095 hi
315 4048 386 4106 sunt,
405 4040 451 4116 qui
464 4058 497 4094 ex
509 4059 552 4095 ee·

108 4124 170 4182 dem
188 4124 261 4183 velut
278 4127 371 4204 stirpe
383 4127 489 4183 oriundi
509 4146 550 4182 es-

701 1166 862 1224 demetiam
882 1167 973 1244 lingua
995 1169 1148 1248 loquuntur.

702 1257 791 1331 quisi
818 1268 956 1313 crescente
977 1257 1148 1314 multitudine

701 1342 796 1399 latiore
814 1342 931 1420 quodam
942 1354 1073 1402 terrerum
1085 1364 1147 1422 spa·
1168 1398 1174 1413 ,

701 1431 739 1485 tio
770 1450 800 1486 sc
833 1431 976 1487 extendere
1008 1441 1148 1508 coguntur,

702 1516 762 1573 lieri
784 1537 839 1573 non
862 1528 953 1594 potest
971 1521 1036 1596 quin
1054 1517 1146 1599 paula·

701 1605 750 1658 tim
763 1612 791 1658 et
802 1604 868 1660 caeli
886 1615 913 1660 et
925 1617 1010 1662 terrae
1021 1608 1147 1682 propriae
1205 1646 1209 1652 -

701 1693 772 1746 vires
785 1693 950 1768 virtutesque
963 1693 1146 1750 diversitatem

703 1776 1147 1854 quandemeteornmunisomnium

702 1863 808 1939 linguae
831 1877 859 1921 et
883 1886 988 1923 morum
1007 1868 1143 1923 instituto·

702 1970 796 2008 rumve
803 1952 949 2021 effecerint,
959 1974 1012 2031 quo
1020 1953 1089 2009 lactc
1099 1955 1145 2029 qui

703 2057 737 2094 ex
750 2038 843 2095 eedem
855 2051 934 2111 gente
952 2043 1006 2097 orti
1026 2050 1102 2095 eraut
1116 2042 1145 2095 in

701 2124 793 2202 plures
814 2137 906 2202 partes
929 2126 1084 2183 dividentur
1099 2146 1144 2181 ne·

703 2231 778 2269 cesse
790 2224 839 2272 est.
852 2212 1001 2293 irrepentes
1011 2215 1145 2270 nominari

698 2310 814 2376 possunt
837 2300 946 2380 populi,
976 2303 1023 2378 qui
1046 2299 1145 2376 singuli

699 2391 938 2463 consanguinitatis
960 2388 1070 2467 quidem
1087 2389 1146 2444 iure

698 2493 759 2530 cum
789 2477 913 2532 omnibus
944 2479 990 2554 qui
1024 2475 1146 2534 eiusdem

697 2564 784 2636 gentis
803 2572 865 2619 suot
888 2566 1025 2621 coniuncti
1046 2564 1095 2621 sed
1118 2571 1145 2618 et

697 2651 770 2704 vitoe
783 2650 947 2707 domesticae
958 2652 1108 2707 rationibus
1118 2658 1146 2704 et

698 2734 802 2808 legibus
829 2738 926 2811 quibus
952 2757 996 2794 res
1023 2736 1145 2812 publicas

698 2821 885 2876 administrent
907 2823 940 2878 eb
967 2825 1063 2878 ceteris
1084 2822 1145 2902 plus

699 2908 822 2962 minusve
849 2907 993 2964 abliorrere
1014 2908 1145 2964 videbun·

699 3002 752 3052 tur.
769 2995 810 3049 sic
827 2993 939 3070 legimus
957 2998 983 3065 6,
1005 2997 1047 3057 12.
1065 3015 1145 3065 „non

699 3098 732 3136 ex
750 3081 837 3139 isdem
853 3102 961 3161 semper
972 3082 1082 3162 populis
1100 3100 1144 3138 ex·
1243 3091 1244 3095 ’

699 3170 798 3226 ercitus
816 3174 955 3247 scriptos,
983 3190 1143 3248 quamquam

697 3257 791 3312 eedem
816 3277 923 3335 semper
951 3277 1016 3332 gens
1043 3256 1143 3312 bellum

697 3343 855 3398 intulerit“:
874 3346 901 3411 l,
914 3346 957 3402 49.
970 3344 1143 3420 „Aequos-

697 3440 806 3505 accepta
825 3428 913 3485 clades
932 3430 1071 3507 prohibuit
1087 3427 1142 3485 Vo-

696 3513 765 3572 lcnis
777 3536 842 3572 suae
853 3520 939 3591 gentis
952 3515 1054 3595 populo
1066 3536 1142 3594 pree·

695 3602 796 3660 sidium
814 3602 918 3659 ierre“:
937 3605 970 3664 al.
999 3623 1054 3660 non
1071 3623 1140 3661 sern-

695 3709 745 3764 per
764 3709 828 3745 vero
840 3688 871 3748 L.
889 3693 918 3747 in
936 3691 979 3748 liis
998 3693 1076 3748 rebus
1086 3693 1140 3748 sibi

656 3816 661 3825 «
696 3778 849 3833 constitisse
866 3777 912 3835 olii
924 3777 977 3835 loci
991 3779 1088 3835 docere
1099 3781 1139 3835 ri·
1177 3836 1186 3851 .

696 3865 800 3924 dentur.
826 3865 892 3922 haec
916 3867 1037 3942 gradatio
1055 3887 1070 3922 a
1088 3868 1138 3922 mi·

693 3972 759 4008 nore
769 3953 802 4009 ad
816 3955 902 4011 mains
920 3953 1067 4009 ascendens
1084 3951 1137 4008 hcc

693 4039 727 4096 dc
746 4061 799 4117 quo
819 4043 905 4116 agitur
929 4041 989 4096 loco
1011 4040 1137 4117 scriptori

693 4135 755 4183 ante
784 4129 877 4185 oculos
908 4126 993 4184 fnisse
1022 4126 1136 4195 ridetur,
