2618 4590
521 214 637 338 rnna
647 278 706 341 vn.
1101 261 1168 333 rao
1256 365 1259 371 Ι

168 439 290 510 ΧΧΧΙ.
336 439 515 508 Summotis
545 439 659 510 deinde
685 439 796 531 legatis
825 461 898 507 cum
925 441 1090 509 consultus
1117 464 1165 509 se·

59 557 153 614 natus
176 559 277 629 esset,
300 547 360 613 etsi
381 570 516 637 magnae
538 547 620 637 parti
641 545 728 613 urbis
751 544 891 612 maxima
914 545 1165 636 opulentissima-

60 675 124 741 que
147 651 266 743 Italiae‚
288 649 469 718 uberrimus
492 676 566 742 ager
588 652 732 741 marique
749 649 951 742 propinquus
974 651 1013 718 ad
1034 650 1164 718 varieta-

58 766 109 824 tes
133 780 278 822 annonae
300 754 452 823 horreum
473 757 586 847 populi
607 755 745 823 Romani
768 756 836 822 fore
860 755 1034 838 videbatur,
1056 768 1164 823 tamen

59 872 148 926 tanta
171 860 304 928 utilitate
326 861 406 928 fides
429 861 587 951 antiquior
609 861 669 928 fuit
690 861 918 952 responditque
940 861 983 928 ita
1000 884 1041 928 ex
1059 865 1199 929 aucto-5
1230 896 1235 925 ι

59 965 153 1030 ritate
175 975 303 1032 senatus
326 965 454 1033 consul:
486 967 629 1049 „auxilio
652 989 712 1033 vos
734 965 890 1055 Campani
919 965 1030 1056 dignos
1058 976 1169 1032 censet
1258 970 1261 989 ⁸

58 1081 198 1151 senatus,
223 1070 284 1137 sed'
301 1071 345 1136 ita
370 1071 537 1140 vobiscum
560 1070 732 1139 amicitiam
753 1070 874 1137 institui
895 1095 953 1160 par
976 1081 1025 1137 est
1046 1094 1087 1136 ne
1103 1094 1168 1160 qua

58 1175 217 1242 vetustior
240 1174 376 1241 amicitia
400 1196 437 1243 ao
469 1175 605 1243 societas
628 1175 779 1243 violetur:
813 1173 973 1241 Samnites
999 1175 1169 1243 nobiscnm

57 1277 188 1345 foedere
212 1276 316 1346 iunc‘tit
331 1292 420 1348 sunt:
447 1280 556 1371 itaque
579 1304 664 1346 arma
687 1280 765 1346 deos
783 1279 875 1368 prius
897 1304 995 1369 quam
1017 1279 1166 1348 homines

57 1381 213 1450 violatura
236 1385 388 1452 adversus
412 1385 571 1453 Samnites
594 1384 686 1453 vobis
709 1407 878 1475 negamus:
906 1384 1038 1474 legatos,
1061 1385 1107 1451 sic
1129 1388 1213 1450 ut1⁰

11 1564 14 1591 ί
57 1486 106 1554 fas
127 1487 243 1579 iusque
266 1501 330 1574 est,
357 1490 398 1556 ad
420 1490 526 1557 socios
549 1501 645 1579 atque
668 1489 788 1554 amieos
811 1499 978 1578 precatum
999 1487 1164 1555 mittemus

57 1614 99 1658 ne
128 1616 191 1682 qua
217 1593 308 1661 vobis
337 1593 385 1662 vis
415 1594 503 1662 fiat“.
542 1596 583 1661 ad
612 1619 649 1662 ea
678 1594 826 1684 princeps
857 1592 1089 1683 legationis-
1118 1593 1165 1661 sic

75 1767 102 1824 2.
130 1769 213 1824 urbis
232 1772 366 1825 araxima
392 1765 578 1844 opulentissi-
666 1771 692 1826 5.
720 1766 932 1843 responditque
950 1769 992 1823 ita
1010 1787 1050 1823 ex
1068 1776 1165 1823 aucto·

129 1875 238 1929 meque
248 1859 371 1914 Italiae:
380 1855 407 1912 Μ
416 1879 451 1915 m.
463 1859 499 1930 1.]
514 1859 578 1912 urbs

93 1978 97 1987 x
129 1942 171 2012 (Μ
190 1963 225 2002 m.
244 1944 330 2011 ΜΡ).
348 1976 382 1986 -
400 1944 473 2001 llaec
492 1945 577 2003 forma

128 2033 265 2107 antiquior
283 2033 310 2087 in
323 2035 435 2088 vetustis
448 2031 525 2088 libris
538 2035 577 2088 in·

129 2117 235 2172 tendum
255 2128 411 2189 conservata
431 2129 485 2174 est:
505 2122 531 2186 ἀς
550 2122 576 2176 3.

128 2206 155 2272 7,
176 2208 219 2262 19.
231 2203 264 2263 al.
285 2204 332 2261 sie
351 2206 508 2263 dicebantur
520 2206 576 2281 ple·

129 2292 177 2347 bes
195 2290 286 2368 ,plebis
310 2292 401 2368 plebs,
432 2296 493 2371 opis
515 2314 575 2372 ops,

129 2378 214 2434 nubes
223 2380 302 2435 nubis
312 2381 390 2447 nubs,
399 2383 488 2437 trabes
500 2382 575 2437 trabs

129 2464 231 2535 (Varro
244 2465 276 2526 L.
290 2466 322 2525 L.
335 2470 365 2536 7,
378 2470 447 2538 33.),
466 2472 575 2545 anoipes

128 2574 240 2629 anceps,
274 2557 413 2631 praecipes
444 2576 575 2634 praeceps

128 2643 170 2709 (7,
180 2645 242 2711 23),
254 2641 288 2697 al.
306 2642 350 2699 Cf.
361 2642 393 2701 (l.
404 2642 435 2702 L.
447 2641 576 2702 Schneid.

128 2726 175 2784 lat.
191 2726 309 2787 Gramm.
320 2728 454 2789 Formenl.
472 2751 500 2807 p.
513 2732 574 2788 4⁶9.

127 2814 308 2875 abundantia.

71 2903 100 2960 3.
130 2900 297 2973 uberrimus
330 2923 405 2982 ager
440 2905 576 2979 marique

126 2990 314 3066 propinquus
342 2991 386 3045 ad
414 2993 576 3046 uarietates

128 3095 266 3132 annonae
290 3075 431 3134 horreum
450 3080 501 3151 pit
523 3077 574 3147 (Pr

128 3166 182 3240 fri)
205 3163 281 3234 sore
313 3166 486 3222 uidebatur:
514 3164 575 3221 Plll:

127 3251 181 3305 nisi
201 3251 274 3326 qnod
295 3252 323 3306 in
342 3251 364 3308 P
385 3255 576 3328 scriptumest

128 3335 250 3393 uidebat
274 3360 324 3415 pro
350 3340 512 3399 uidebat&
539 3372 573 3381 -

128 3424 194 3491 „Ad
203 3428 343 3481 varietates
354 3433 497 3482 annonae“
510 3426 536 3485 h.
550 3447 573 3486 e.

126 3511 151 3565 εἰ
171 3512 278 3586 quando
297 3533 402 3568 annona
419 3512 574 3569 laborarent

125 3598 170 3667 (3,
189 3601 233 3656 31.
252 3597 311 3667 al),
330 3599 363 3654 ab
382 3619 411 3654 re
430 3600 573 3656 frumenta-

125 3684 167 3739 ria
184 3683 280 3754 (Caes.
298 3685 325 3742 b.
344 3684 403 3758 gall.
418 3689 444 3753 7,
459 3692 525 3755 to).
538 3717 573 3728 -

125 3767 158 3826 ln
185 3772 276 3828 multis
299 3792 370 3832 rece.
399 3773 478 3832 codd.
507 3776 572 3831 scri·

124 3866 202 3934 ptum
221 3880 280 3916 esso
299 3859 397 3916 dicitur
412 3880 488 3934 poro
507 3859 534 3918 h.
549 3881 571 3916 e.

122 3947 235 4021 populo
254 3967 396 4003 romano:
415 3947 463 4002 sed
481 3949 573 4025 potior

124 4033 205 4089 nobis
228 4043 285 4088 erat
306 4034 408 4091 codicis
429 4032 457 4089 Μ
481 4044 571 4093 aucto·

123 4121 198 4178 ritas.

720 1857 807 1911 ritate
825 1863 948 1911 senatus
966 1861 1042 1913 coin:
1060 1852 1116 1913 ΡΜ.

666 1989 692 2044 9.
719 2006 806 2042 arma
825 1986 898 2042 deos
914 1987 1102 2061 priusquam
1114 1984 1165 2041 Ιιο-
1240 2000 1244 2013 ·

719 2075 814 2129 mines
838 2073 1003 2153 uiolatum:
1025 2071 1064 2128 lll:
1092 2072 1119 2129 b.
1141 2091 1165 2128 e.

719 2179 787 2236 qnae
818 2159 883 2214 deos
915 2159 1053 2215 foedorum
1083 2166 1167 2214 testes

717 2250 794 2325 prius
809 2266 888 2323 qnam
897 2245 1022 2302 hominos
1034 2244 1166 2303 violatura

717 2344 815 2392 essent.
838 2334 869 2389 ln
887 2333 909 2390 P
926 2336 1015 2412 primo
1033 2335 1165 2410 scriptum

717 2432 775 2479 erat
793 2442 886 2501 „arma
905 2421 971 2478 deos
989 2423 1066 2499 prins
1085 2438 1165 2496 qnam

717 2509 840 2566 homines
859 2511 954 2567 uiolet
972 2509 1102 2565 aduersus
1122 2526 1165 2562 sa-

717 2602 853 2664 mnites“‚
883 2596 946 2652 dein
970 2596 1065 2652 eadem
1085 2615 1120 2653 m.
1140 2595 1165 2656 1.

719 2685 838 2741 additum
871 2693 912 2738 est
938 2685 998 2750 uri,
1030 2691 1060 2737 nt
1088 2681 1167 2737 lieret

719 2773 875 2836 uiolaturi,
900 2770 1080 2845 quodminus
1103 2787 1165 2845 pro·

718 2857 836 2912 bandum
850 2855 966 2913 viderur.
979 2886 1012 2895 -
1031 2854 1059 2911 Μ
1076 2858 1165 2912 m.1.:

653 2984 657 2991 .
718 2945 1038 3013 ‚,adnorsamlnites“.
1067 2961 1101 3000 m.
1123 2944 1163 3000 t:
1207 2991 1211 2998 .

717 3031 842 3088 aduersu’
858 3051 915 3087 sam
932 3033 936 3102 Ι
953 3033 1032 3089 nites.

647 3165 690 3225 12.
717 3185 755 3221 ne
782 3185 842 3239 qua
866 3163 950 3221 uobis
976 3164 1022 3219 uis
1037 3157 1164 3237 fiatrlll
1256 3172 1264 3191 ’

717 3271 752 3309 m.
771 3255 796 3307 3.
815 3251 844 3308 P.
864 3283 899 3292 -
922 3249 948 3304 Μ
968 3271 1003 3307 m.
1023 3252 1060 3306 1.:
1080 3265 1164 3322 ‚tneq⁴

717 3339 773 3394 uolt
785 3339 827 3393 uis
845 3337 928 3392 fiat“:
947 3337 974 3395 h.
988 3356 1010 3393 e.
1024 3355 1082 3402 „ns
1095 3353 1164 3410 qnae

716 3427 796 3482 uobis
827 3427 869 3480 nis
897 3423 981 3478 fiat“:
1013 3420 1085 3498 quod
1112 3440 1162 3498 pro

715 3532 780 3570 vero
799 3511 898 3566 habere
916 3530 971 3565 non
990 3512 1084 3576 ausim,
1102 3529 1164 3566 cum

715 3600 744 3654 in
764 3600 857 3654 eodem
877 3598 929 3653 lroo
941 3596 968 3654 Μ
979 3618 1046 3674 neq.
1064 3616 1164 3674 prone

717 3706 778 3761 qua
801 3694 827 3740 et
851 3689 890 3740 eis
912 3685 981 3741 locis
1005 3704 1060 3741 non
1085 3704 1162 3739 num·

716 3794 795 3848 qnam
823 3775 956 3850 scriptum
982 3775 1033 3840 sit,
1064 3771 1161 3847 quibus
1253 3768 1256 3773 ’

716 3880 793 3937 quae
811 3862 919 3938 probari
932 3882 986 3917 non
998 3862 1095 3937 possit.
1118 3878 1160 3917 ex.

714 3966 753 4022 gr.
779 3952 811 4017 9,
836 3952 879 4008 36.
902 3947 937 4004 P:
967 3966 1067 4022 nequa
1089 3947 1160 4002 inter

714 4034 858 4114 conloquia
884 4036 984 4108 insigni
1008 4041 1070 4090 nota
1098 4032 1159 4091 har·
1198 4056 1202 4063 ·

712 4124 825 4180 sitantes
837 4121 968 4198 deprendi
979 4130 1099 4200 possent.
1115 4118 1156 4177 tl:
