<?xml version="1.0" encoding="UTF-8"?>
<!DOCTYPE html PUBLIC "-//W3C//DTD XHTML 1.0 Transitional//EN"
    "http://www.w3.org/TR/xhtml1/DTD/xhtml1-transitional.dtd">
<html xmlns="http://www.w3.org/1999/xhtml" xml:lang="en" lang="en">
 <head>
  <title>
</title>
<meta http-equiv="Content-Type" content="text/html;charset=utf-8" />
  <meta name='ocr-system' content='tesseract 3.04.00' />
  <meta name='ocr-capabilities' content='ocr_page ocr_carea ocr_par ocr_line ocrx_word'/>
</head>
<body>
  <div class='ocr_page' id='page_1' title='image "./titilivirerumro01alscgoog_0062.png"; bbox 0 0 2618 4590; ppageno 0'>
   <div class='ocr_carea' id='block_1_1' title="bbox 537 238 1169 310">
    <p class='ocr_par' dir='ltr' id='par_1_1' title="bbox 537 238 1169 310">
     <span class='ocr_line' id='line_1_1' title="bbox 537 238 1169 310; baseline 0.003 -2"><span class='ocrx_word' id='word_1_1' title='bbox 537 246 645 308; x_wconf 75' lang='lat' dir='ltr'><strong>utum</strong></span> <span class='ocrx_word' id='word_1_2' title='bbox 662 244 707 310; x_wconf 81' lang='lat' dir='ltr'><strong>vt</strong></span> <span class='ocrx_word' id='word_1_3' title='bbox 1126 238 1169 310; x_wconf 77' lang='lat' dir='ltr'><strong>ta</strong></span> 
     </span>
    </p>
   </div>
   <div class='ocr_carea' id='block_1_2' title="bbox 15 374 1169 506">
    <p class='ocr_par' dir='ltr' id='par_1_2' title="bbox 15 374 1169 506">
     <span class='ocr_line' id='line_1_2' title="bbox 15 374 1169 506; baseline 0.003 -24"><span class='ocrx_word' id='word_1_4' title='bbox 15 464 19 471; x_wconf 75' lang='lat'><em>-</em></span> <span class='ocrx_word' id='word_1_5' title='bbox 68 389 155 483; x_wconf 88' lang='lat' dir='ltr'><strong>eninr</strong></span> <span class='ocrx_word' id='word_1_6' title='bbox 175 414 241 483; x_wconf 88' lang='lat' dir='ltr'><strong>iam</strong></span> <span class='ocrx_word' id='word_1_7' title='bbox 264 410 424 481; x_wconf 82' lang='lat' dir='ltr'><strong>orationes</strong></span> <span class='ocrx_word' id='word_1_8' title='bbox 445 374 544 476; x_wconf 88' lang='lat' dir='ltr'><strong>modo</strong></span> <span class='ocrx_word' id='word_1_9' title='bbox 566 408 612 476; x_wconf 89' lang='grc' dir='ltr'><strong>Μ.</strong></span> <span class='ocrx_word' id='word_1_10' title='bbox 634 408 733 476; x_wconf 84' lang='lat' dir='ltr'><strong>Manli</strong></span> <span class='ocrx_word' id='word_1_11' title='bbox 754 411 811 477; x_wconf 89' lang='lat' dir='ltr'><strong>sed</strong></span> <span class='ocrx_word' id='word_1_12' title='bbox 833 412 924 498; x_wconf 69' lang='lat' dir='ltr'><strong>iacta,</strong></span> <span class='ocrx_word' id='word_1_13' title='bbox 945 414 1112 506; x_wconf 83' lang='lat' dir='ltr'><strong>popularia</strong></span> <span class='ocrx_word' id='word_1_14' title='bbox 1136 416 1169 484; x_wconf 90' lang='lat' dir='ltr'><strong>in</strong></span> 
     </span>
    </p>
   </div>
   <div class='ocr_carea' id='block_1_3' title="bbox 27 513 1255 1865">
    <p class='ocr_par' dir='ltr' id='par_1_3' title="bbox 27 513 1255 1865">
     <span class='ocr_line' id='line_1_3' title="bbox 68 513 1169 611; baseline 0.001 -24"><span class='ocrx_word' id='word_1_15' title='bbox 68 519 227 611; x_wconf 87' lang='lat' dir='ltr'><strong>speciem,</strong></span> <span class='ocrx_word' id='word_1_16' title='bbox 261 514 458 584; x_wconf 82' lang='lat' dir='ltr'><strong>tumultuosa</strong></span> <span class='ocrx_word' id='word_1_17' title='bbox 482 513 613 605; x_wconf 85' lang='lat' dir='ltr'><strong>eadem,</strong></span> <span class='ocrx_word' id='word_1_18' title='bbox 641 538 705 604; x_wconf 87' lang='lat' dir='ltr'><strong>qna</strong></span> <span class='ocrx_word' id='word_1_19' title='bbox 732 526 838 584; x_wconf 87' lang='lat' dir='ltr'><strong>mente</strong></span> <span class='ocrx_word' id='word_1_20' title='bbox 858 517 985 602; x_wconf 88' lang='lat' dir='ltr'><strong>fierent,</strong></span> <span class='ocrx_word' id='word_1_21' title='bbox 1017 520 1169 588; x_wconf 86' lang='lat' dir='ltr'><strong>intuenda</strong></span> 
     </span>
     <span class='ocr_line' id='line_1_4' title="bbox 27 607 1166 717; baseline 0.003 -26"><span class='ocrx_word' id='word_1_22' title='bbox 27 607 39 705; x_wconf 20' lang='grc' dir='ltr'><strong>,Χ</strong></span> <span class='ocrx_word' id='word_1_23' title='bbox 68 635 172 691; x_wconf 90' lang='lat' dir='ltr'><strong>erant.</strong></span> <span class='ocrx_word' id='word_1_24' title='bbox 210 620 437 701; x_wconf 79' lang='lat' dir='ltr'>centurionem,</span> <span class='ocrx_word' id='word_1_25' title='bbox 451 617 594 686; x_wconf 88' lang='lat' dir='ltr'><strong>nobilem</strong></span> <span class='ocrx_word' id='word_1_26' title='bbox 607 619 795 694; x_wconf 80' lang='lat' dir='ltr'><strong>militaribus</strong></span> <span class='ocrx_word' id='word_1_27' title='bbox 807 620 907 705; x_wconf 81' lang='lat' dir='ltr'><strong>factis,</strong></span> <span class='ocrx_word' id='word_1_28' title='bbox 927 623 1098 692; x_wconf 87' lang='lat' dir='ltr'><strong>iudicatum</strong></span> <span class='ocrx_word' id='word_1_29' title='bbox 1113 649 1166 717; x_wconf 75' lang='lat' dir='ltr'><strong>pe</strong></span> 
     </span>
     <span class='ocr_line' id='line_1_5' title="bbox 63 723 1166 809; baseline 0.002 -13"><span class='ocrx_word' id='word_1_30' title='bbox 63 728 182 796; x_wconf 76' lang='lat' dir='ltr'><strong>‘cuniae</strong></span> <span class='ocrx_word' id='word_1_31' title='bbox 206 749 281 794; x_wconf 92' lang='lat' dir='ltr'><strong>cum</strong></span> <span class='ocrx_word' id='word_1_32' title='bbox 303 723 375 792; x_wconf 91' lang='lat' dir='ltr'><strong>duci</strong></span> <span class='ocrx_word' id='word_1_33' title='bbox 394 724 538 809; x_wconf 87' lang='lat' dir='ltr'><strong>vidisset,</strong></span> <span class='ocrx_word' id='word_1_34' title='bbox 565 724 672 792; x_wconf 90' lang='lat' dir='ltr'><strong>medio</strong></span> <span class='ocrx_word' id='word_1_35' title='bbox 695 725 766 793; x_wconf 83' lang='lat' dir='ltr'><strong>foro</strong></span> <span class='ocrx_word' id='word_1_36' title='bbox 793 736 1020 799; x_wconf 85' lang='lat' dir='ltr'><strong>cum.caterva</strong></span> <span class='ocrx_word' id='word_1_37' title='bbox 1038 752 1096 796; x_wconf 84' lang='lat' dir='ltr'><strong>sua</strong></span> <span class='ocrx_word' id='word_1_38' title='bbox 1115 754 1166 798; x_wconf 80' lang='lat' dir='ltr'><strong>ec-</strong></span> 
     </span>
     <span class='ocr_line' id='line_1_6' title="bbox 69 829 1201 922; baseline 0.003 -24"><span class='ocrx_word' id='word_1_39' title='bbox 69 832 169 898; x_wconf 87' lang='lat' dir='ltr'><strong>currit</strong></span> <span class='ocrx_word' id='word_1_40' title='bbox 190 842 222 899; x_wconf 87' lang='lat' dir='ltr'><strong>et</strong></span> <span class='ocrx_word' id='word_1_41' title='bbox 242 853 372 897; x_wconf 89' lang='lat' dir='ltr'><strong>manum</strong></span> <span class='ocrx_word' id='word_1_42' title='bbox 392 829 511 914; x_wconf 89' lang='lat' dir='ltr'><strong>iniecit,</strong></span> <span class='ocrx_word' id='word_1_43' title='bbox 533 829 788 920; x_wconf 83' lang='lat' dir='ltr'><strong>vociferatusque</strong></span> <span class='ocrx_word' id='word_1_44' title='bbox 808 831 850 898; x_wconf 88' lang='lat' dir='ltr'><strong>de</strong></span> <span class='ocrx_word' id='word_1_45' title='bbox 872 829 1020 920; x_wconf 85' lang='lat' dir='ltr'><strong>superbia</strong></span> <span class='ocrx_word' id='word_1_46' title='bbox 1041 845 1166 922; x_wconf 88' lang='lat' dir='ltr'><strong>patrum</strong></span> <span class='ocrx_word' id='word_1_47' title='bbox 1183 847 1201 901; x_wconf 83' lang='lat'>5</span> 
     </span>
     <span class='ocr_line' id='line_1_7' title="bbox 69 933 1166 1026; baseline 0.001 -23"><span class='ocrx_word' id='word_1_48' title='bbox 69 934 109 1004; x_wconf 83' lang='lat' dir='ltr'><strong>ac</strong></span> <span class='ocrx_word' id='word_1_49' title='bbox 131 936 312 1004; x_wconf 87' lang='lat' dir='ltr'><strong>erudelitate</strong></span> <span class='ocrx_word' id='word_1_50' title='bbox 333 935 550 1002; x_wconf 80' lang='lat' dir='ltr'><strong>feneratorum</strong></span> <span class='ocrx_word' id='word_1_51' title='bbox 571 945 605 1002; x_wconf 90' lang='lat' dir='ltr'><strong>et</strong></span> <span class='ocrx_word' id='word_1_52' title='bbox 624 933 757 1002; x_wconf 83' lang='lat' dir='ltr'><strong>miseriis</strong></span> <span class='ocrx_word' id='word_1_53' title='bbox 773 934 886 1026; x_wconf 88' lang='lat' dir='ltr'><strong>plebis,</strong></span> <span class='ocrx_word' id='word_1_54' title='bbox 907 934 1076 1002; x_wconf 89' lang='lat' dir='ltr'><strong>virtutibus</strong></span> <span class='ocrx_word' id='word_1_55' title='bbox 1099 939 1166 1004; x_wconf 91' lang='lat' dir='ltr'><strong>eius</strong></span> 
     </span>
     <span class='ocr_line' id='line_1_8' title="bbox 65 1039 1230 1131; baseline -0.001 -23"><span class='ocrx_word' id='word_1_56' title='bbox 65 1040 125 1108; x_wconf 88' lang='lat' dir='ltr'><strong>viri</strong></span> <span class='ocrx_word' id='word_1_57' title='bbox 153 1041 358 1131; x_wconf 82' lang='lat' dir='ltr'><strong>fortunaque,</strong></span> <span class='ocrx_word' id='word_1_58' title='bbox 391 1051 590 1126; x_wconf 20' lang='lat' dir='ltr'><strong>„tum-vcro</strong></span> <span class='ocrx_word' id='word_1_59' title='bbox 620 1043 704 1129; x_wconf 82' lang='lat' dir='ltr'><strong>ego“</strong></span> <span class='ocrx_word' id='word_1_60' title='bbox 730 1039 833 1130; x_wconf 90' lang='lat' dir='ltr'><strong>inquit</strong></span> <span class='ocrx_word' id='word_1_61' title='bbox 859 1039 1081 1130; x_wconf 83' lang='lat' dir='ltr'><strong>„nequiquam</strong></span> <span class='ocrx_word' id='word_1_62' title='bbox 1107 1040 1168 1107; x_wconf 86' lang='lat' dir='ltr'><strong>hac</strong></span> <span class='ocrx_word' id='word_1_63' title='bbox 1224 1122 1230 1127; x_wconf 24' lang='lat'>¹</span> 
     </span>
     <span class='ocr_line' id='line_1_9' title="bbox 65 1143 1236 1236; baseline -0.003 -24"><span class='ocrx_word' id='word_1_64' title='bbox 65 1146 177 1212; x_wconf 85' lang='lat' dir='ltr'><strong>dextra</strong></span> <span class='ocrx_word' id='word_1_65' title='bbox 199 1144 394 1236; x_wconf 86' lang='lat' dir='ltr'><strong>Capitolium</strong></span> <span class='ocrx_word' id='word_1_66' title='bbox 415 1168 586 1235; x_wconf 87' lang='lat' dir='ltr'><strong>arcemque</strong></span> <span class='ocrx_word' id='word_1_67' title='bbox 612 1146 814 1228; x_wconf 82' lang='lat' dir='ltr'><strong>servaverim,</strong></span> <span class='ocrx_word' id='word_1_68' title='bbox 835 1145 862 1213; x_wconf 89' lang='lat' dir='ltr'><strong>si</strong></span> <span class='ocrx_word' id='word_1_69' title='bbox 885 1146 988 1213; x_wconf 88' lang='lat' dir='ltr'><strong>civem</strong></span> <span class='ocrx_word' id='word_1_70' title='bbox 1015 1143 1168 1211; x_wconf 86' lang='lat' dir='ltr'><strong>commili-</strong></span> <span class='ocrx_word' id='word_1_71' title='bbox 1228 1182 1236 1197; x_wconf 89' lang='lat'><strong>·</strong></span> 
     </span>
     <span class='ocr_line' id='line_1_10' title="bbox 63 1249 1168 1341; baseline -0.003 -24"><span class='ocrx_word' id='word_1_72' title='bbox 63 1261 240 1341; x_wconf 87' lang='lat' dir='ltr'><strong>tonemque</strong></span> <span class='ocrx_word' id='word_1_73' title='bbox 261 1273 373 1317; x_wconf 85' lang='lat' dir='ltr'><strong>meum</strong></span> <span class='ocrx_word' id='word_1_74' title='bbox 392 1251 560 1340; x_wconf 84' lang='lat' dir='ltr'><strong>&#39;tamquam</strong></span> <span class='ocrx_word' id='word_1_75' title='bbox 583 1249 681 1316; x_wconf 85' lang='lat' dir='ltr'><strong>Gallis</strong></span> <span class='ocrx_word' id='word_1_76' title='bbox 702 1249 874 1316; x_wconf 88' lang='lat' dir='ltr'><strong>victoribus</strong></span> <span class='ocrx_word' id='word_1_77' title='bbox 896 1262 1028 1340; x_wconf 88' lang='lat' dir='ltr'><strong>captum</strong></span> <span class='ocrx_word' id='word_1_78' title='bbox 1049 1249 1082 1314; x_wconf 92' lang='lat' dir='ltr'><strong>in</strong></span> <span class='ocrx_word' id='word_1_79' title='bbox 1104 1271 1168 1315; x_wconf 87' lang='lat' dir='ltr'><strong>ser-</strong></span> 
     </span>
     <span class='ocr_line' id='line_1_11' title="bbox 63 1352 1213 1445; baseline -0.001 -24"><span class='ocrx_word' id='word_1_80' title='bbox 63 1353 198 1422; x_wconf 87' lang='lat' dir='ltr'><strong>vitutem</strong></span> <span class='ocrx_word' id='word_1_81' title='bbox 220 1379 258 1422; x_wconf 89' lang='lat' dir='ltr'><strong>ac</strong></span> <span class='ocrx_word' id='word_1_82' title='bbox 272 1353 398 1421; x_wconf 88' lang='lat' dir='ltr'><strong>vincula</strong></span> <span class='ocrx_word' id='word_1_83' title='bbox 419 1353 493 1421; x_wconf 92' lang='lat' dir='ltr'><strong>duci</strong></span> <span class='ocrx_word' id='word_1_84' title='bbox 506 1353 669 1422; x_wconf 83' lang='lat' dir='ltr'><strong>videam“.</strong></span> <span class='ocrx_word' id='word_1_85' title='bbox 706 1352 780 1420; x_wconf 87' lang='lat' dir='ltr'><strong>inde</strong></span> <span class='ocrx_word' id='word_1_86' title='bbox 801 1378 871 1421; x_wconf 92' lang='lat' dir='ltr'><strong>rem</strong></span> <span class='ocrx_word' id='word_1_87' title='bbox 889 1354 1036 1422; x_wconf 90' lang='lat' dir='ltr'><strong>creditori</strong></span> <span class='ocrx_word' id='word_1_88' title='bbox 1058 1354 1166 1445; x_wconf 85' lang='lat' dir='ltr'><strong>palam</strong></span> <span class='ocrx_word' id='word_1_89' title='bbox 1178 1364 1213 1420; x_wconf 86' lang='lat'><strong>10</strong></span> 
     </span>
     <span class='ocr_line' id='line_1_12' title="bbox 62 1457 1166 1550; baseline 0 -25"><span class='ocrx_word' id='word_1_90' title='bbox 62 1459 186 1548; x_wconf 92' lang='lat' dir='ltr'><strong>populo</strong></span> <span class='ocrx_word' id='word_1_91' title='bbox 208 1459 304 1527; x_wconf 90' lang='lat' dir='ltr'><strong>solvit</strong></span> <span class='ocrx_word' id='word_1_92' title='bbox 324 1458 469 1550; x_wconf 86' lang='lat' dir='ltr'><strong>libraque</strong></span> <span class='ocrx_word' id='word_1_93' title='bbox 491 1467 524 1528; x_wconf 91' lang='lat' dir='ltr'><strong>et</strong></span> <span class='ocrx_word' id='word_1_94' title='bbox 546 1482 617 1525; x_wconf 90' lang='lat' dir='ltr'><strong>aere</strong></span> <span class='ocrx_word' id='word_1_95' title='bbox 639 1457 808 1525; x_wconf 90' lang='lat' dir='ltr'><strong>liberatum</strong></span> <span class='ocrx_word' id='word_1_96' title='bbox 821 1459 944 1542; x_wconf 71' lang='lat' dir='ltr'><strong>emittit,</strong></span> <span class='ocrx_word' id='word_1_97' title='bbox 967 1459 1046 1527; x_wconf 91' lang='lat' dir='ltr'><strong>deos</strong></span> <span class='ocrx_word' id='word_1_98' title='bbox 1069 1470 1166 1548; x_wconf 90' lang='lat' dir='ltr'><strong>atquc</strong></span> 
     </span>
     <span class='ocr_line' id='line_1_13' title="bbox 62 1561 1166 1653; baseline 0.001 -25"><span class='ocrx_word' id='word_1_99' title='bbox 62 1561 211 1630; x_wconf 89' lang='lat' dir='ltr'><strong>homines</strong></span> <span class='ocrx_word' id='word_1_100' title='bbox 237 1563 451 1632; x_wconf 88' lang='lat' dir='ltr'><strong>obtestantem</strong></span> <span class='ocrx_word' id='word_1_101' title='bbox 478 1573 516 1630; x_wconf 94' lang='lat' dir='ltr'><strong>ut</strong></span> <span class='ocrx_word' id='word_1_102' title='bbox 537 1561 582 1630; x_wconf 81' lang='lat' dir='ltr'><strong>M.</strong></span> <span class='ocrx_word' id='word_1_103' title='bbox 605 1562 725 1631; x_wconf 83' lang='lat' dir='ltr'><strong>Manlio</strong></span> <span class='ocrx_word' id='word_1_104' title='bbox 752 1563 913 1630; x_wconf 87' lang='lat' dir='ltr'><strong>liberatori</strong></span> <span class='ocrx_word' id='word_1_105' title='bbox 940 1586 1015 1647; x_wconf 88' lang='lat' dir='ltr'><strong>suo,</strong></span> <span class='ocrx_word' id='word_1_106' title='bbox 1042 1563 1166 1653; x_wconf 88' lang='lat' dir='ltr'><strong>parenti</strong></span> 
     </span>
     <span class='ocr_line' id='line_1_14' title="bbox 32 1666 1255 1758; baseline 0.001 -25"><span class='ocrx_word' id='word_1_107' title='bbox 32 1670 37 1674; x_wconf 73' lang='grc'><strong>’</strong></span> <span class='ocrx_word' id='word_1_108' title='bbox 61 1666 167 1756; x_wconf 91' lang='lat' dir='ltr'><strong>plebis</strong></span> <span class='ocrx_word' id='word_1_109' title='bbox 180 1666 346 1734; x_wconf 81' lang='lat' dir='ltr'><strong>Romanae</strong></span> <span class='ocrx_word' id='word_1_110' title='bbox 368 1669 501 1758; x_wconf 81' lang='lat' dir='ltr'><strong>gratiam</strong></span> <span class='ocrx_word' id='word_1_111' title='bbox 521 1666 670 1735; x_wconf 87' lang='lat' dir='ltr'><strong>referant.</strong></span> <span class='ocrx_word' id='word_1_112' title='bbox 709 1679 859 1758; x_wconf 88' lang='lat' dir='ltr'><strong>acceptus</strong></span> <span class='ocrx_word' id='word_1_113' title='bbox 881 1666 1044 1756; x_wconf 83' lang='lat' dir='ltr'><strong>externplo</strong></span> <span class='ocrx_word' id='word_1_114' title='bbox 1064 1666 1097 1732; x_wconf 92' lang='lat' dir='ltr'><strong>in</strong></span> <span class='ocrx_word' id='word_1_115' title='bbox 1120 1678 1165 1734; x_wconf 93' lang='lat' dir='ltr'><strong>tu·</strong></span> <span class='ocrx_word' id='word_1_116' title='bbox 1249 1702 1255 1709; x_wconf 86' lang='lat'><strong>·</strong></span> 
     </span>
     <span class='ocr_line' id='line_1_15' title="bbox 60 1769 1166 1865; baseline -0.001 -27"><span class='ocrx_word' id='word_1_117' title='bbox 60 1770 262 1838; x_wconf 87' lang='lat' dir='ltr'><strong>multuosam</strong></span> <span class='ocrx_word' id='word_1_118' title='bbox 282 1771 409 1839; x_wconf 88' lang='lat' dir='ltr'><strong>turbam</strong></span> <span class='ocrx_word' id='word_1_119' title='bbox 431 1773 552 1865; x_wconf 88' lang='lat' dir='ltr'><strong>etipse</strong></span> <span class='ocrx_word' id='word_1_120' title='bbox 573 1772 747 1842; x_wconf 88' lang='lat' dir='ltr'><strong>tumultum</strong></span> <span class='ocrx_word' id='word_1_121' title='bbox 768 1771 906 1864; x_wconf 83' lang='lat' dir='ltr'><strong>augebat</strong></span> <span class='ocrx_word' id='word_1_122' title='bbox 933 1769 1095 1838; x_wconf 80' lang='lat' dir='ltr'><strong>cicatrices</strong></span> <span class='ocrx_word' id='word_1_123' title='bbox 1117 1793 1166 1837; x_wconf 91' lang='lat' dir='ltr'><strong>ac·</strong></span> 
     </span>
    </p>
   </div>
   <div class='ocr_carea' id='block_1_4' title="bbox 136 1907 1213 1987">
    <p class='ocr_par' dir='ltr' id='par_1_4' title="bbox 136 1907 1213 1987">
     <span class='ocr_line' id='line_1_16' title="bbox 136 1907 1213 1987; baseline -0.001 -21"><span class='ocrx_word' id='word_1_124' title='bbox 136 1908 222 1966; x_wconf 88' lang='lat' dir='ltr'><strong>sehon</strong></span> <span class='ocrx_word' id='word_1_125' title='bbox 240 1907 330 1966; x_wconf 82' lang='lat' dir='ltr'><strong>durftc</strong></span> <span class='ocrx_word' id='word_1_126' title='bbox 346 1929 408 1965; x_wconf 83' lang='lat' dir='ltr'><strong>man</strong></span> <span class='ocrx_word' id='word_1_127' title='bbox 420 1908 496 1982; x_wconf 85' lang='lat' dir='ltr'><strong>nicht</strong></span> <span class='ocrx_word' id='word_1_128' title='bbox 507 1909 583 1966; x_wconf 86' lang='lat' dir='ltr'><strong>mehr</strong></span> <span class='ocrx_word' id='word_1_129' title='bbox 721 1920 825 1980; x_wconf 85' lang='lat' dir='ltr'><strong>essent,</strong></span> <span class='ocrx_word' id='word_1_130' title='bbox 851 1913 899 1987; x_wconf 90' lang='lat' dir='ltr'><strong>qui</strong></span> <span class='ocrx_word' id='word_1_131' title='bbox 921 1931 1015 1967; x_wconf 85' lang='lat' dir='ltr'><strong>eorum</strong></span> <span class='ocrx_word' id='word_1_132' title='bbox 1038 1908 1111 1987; x_wconf 83' lang='lat' dir='ltr'><strong>apud</strong></span> <span class='ocrx_word' id='word_1_133' title='bbox 1137 1928 1168 1966; x_wconf 84' lang='lat' dir='ltr'><strong>sa</strong></span> <span class='ocrx_word' id='word_1_134' title='bbox 1207 1921 1213 1927; x_wconf 89' lang='grc'><em>“</em></span> 
     </span>
    </p>
   </div>
   <div class='ocr_carea' id='block_1_5' title="bbox 135 1994 629 2054">
    <p class='ocr_par' dir='ltr' id='par_1_5' title="bbox 135 1994 629 2054">
     <span class='ocr_line' id='line_1_17' title="bbox 135 1994 629 2054; baseline 0 -3"><span class='ocrx_word' id='word_1_135' title='bbox 135 1995 217 2053; x_wconf 88' lang='lat' dir='ltr'><strong>allein</strong></span> <span class='ocrx_word' id='word_1_136' title='bbox 234 1997 282 2054; x_wconf 85' lang='lat' dir='ltr'><strong>auf</strong></span> <span class='ocrx_word' id='word_1_137' title='bbox 291 1997 335 2054; x_wconf 86' lang='lat' dir='ltr'><strong>die</strong></span> <span class='ocrx_word' id='word_1_138' title='bbox 347 1995 442 2054; x_wconf 81' lang='lat' dir='ltr'><strong>Redeo</strong></span> <span class='ocrx_word' id='word_1_139' title='bbox 453 1995 502 2051; x_wconf 88' lang='lat' dir='ltr'><strong>des</strong></span> <span class='ocrx_word' id='word_1_140' title='bbox 509 1994 582 2052; x_wconf 83' lang='lat' dir='ltr'><strong>lilan-</strong></span> <span class='ocrx_word' id='word_1_141' title='bbox 623 2038 629 2051; x_wconf 67' lang='lat'><strong>.</strong></span> 
     </span>
    </p>
   </div>
   <div class='ocr_carea' id='block_1_6' title="bbox 79 2082 583 3640">
    <p class='ocr_par' dir='ltr' id='par_1_6' title="bbox 79 2082 583 3640">
     <span class='ocr_line' id='line_1_18' title="bbox 134 2082 583 2152; baseline -0.002 -13"><span class='ocrx_word' id='word_1_142' title='bbox 134 2082 204 2152; x_wconf 85' lang='lat' dir='ltr'><strong>lius,</strong></span> <span class='ocrx_word' id='word_1_143' title='bbox 222 2083 342 2140; x_wconf 88' lang='lat' dir='ltr'><strong>sondern</strong></span> <span class='ocrx_word' id='word_1_144' title='bbox 360 2082 429 2140; x_wconf 82' lang='lat' dir='ltr'><strong>auch</strong></span> <span class='ocrx_word' id='word_1_145' title='bbox 447 2082 496 2139; x_wconf 79' lang='lat' dir='ltr'><strong>auf</strong></span> <span class='ocrx_word' id='word_1_146' title='bbox 508 2084 583 2139; x_wconf 85' lang='lat' dir='ltr'><strong>scine</strong></span> 
     </span>
     <span class='ocr_line' id='line_1_19' title="bbox 131 2169 583 2246; baseline -0.004 -18"><span class='ocrx_word' id='word_1_147' title='bbox 131 2169 311 2246; x_wconf 83' lang='lat' dir='ltr'><strong>Handlungen</strong></span> <span class='ocrx_word' id='word_1_148' title='bbox 328 2170 433 2238; x_wconf 83' lang='lat' dir='ltr'><strong>achten,</strong></span> <span class='ocrx_word' id='word_1_149' title='bbox 451 2171 496 2226; x_wconf 86' lang='lat' dir='ltr'><strong>die</strong></span> <span class='ocrx_word' id='word_1_150' title='bbox 508 2190 583 2227; x_wconf 84' lang='lat' dir='ltr'><strong>zwar</strong></span> 
     </span>
     <span class='ocr_line' id='line_1_20' title="bbox 98 2251 580 2316; baseline -0.004 0"><span class='ocrx_word' id='word_1_151' title='bbox 98 2251 115 2293; x_wconf 60' lang='lat'>2</span> <span class='ocrx_word' id='word_1_152' title='bbox 133 2258 195 2316; x_wconf 88' lang='lat' dir='ltr'><strong>dem</strong></span> <span class='ocrx_word' id='word_1_153' title='bbox 225 2267 336 2315; x_wconf 74' lang='lat' dir='ltr'><strong>bussern</strong></span> <span class='ocrx_word' id='word_1_154' title='bbox 365 2257 482 2315; x_wconf 86' lang='lat' dir='ltr'><strong>Scheine</strong></span> <span class='ocrx_word' id='word_1_155' title='bbox 511 2256 580 2314; x_wconf 86' lang='lat' dir='ltr'><strong>nach</strong></span> 
     </span>
     <span class='ocr_line' id='line_1_21' title="bbox 104 2344 578 2405; baseline -0.004 -3"><span class='ocrx_word' id='word_1_156' title='bbox 104 2389 106 2392; x_wconf 86' lang='lat'><em>-</em></span> <span class='ocrx_word' id='word_1_157' title='bbox 131 2346 221 2405; x_wconf 87' lang='lat' dir='ltr'><strong>nicbts</strong></span> <span class='ocrx_word' id='word_1_158' title='bbox 243 2347 340 2402; x_wconf 85' lang='lat' dir='ltr'><strong>weitcr</strong></span> <span class='ocrx_word' id='word_1_159' title='bbox 363 2365 396 2401; x_wconf 81' lang='lat' dir='ltr'><strong>au</strong></span> <span class='ocrx_word' id='word_1_160' title='bbox 418 2344 578 2402; x_wconf 81' lang='lat' dir='ltr'><strong>bezweciren</strong></span> 
     </span>
     <span class='ocr_line' id='line_1_22' title="bbox 131 2428 579 2490; baseline -0.007 0"><span class='ocrx_word' id='word_1_161' title='bbox 131 2433 261 2490; x_wconf 85' lang='lat' dir='ltr'><strong>sehienen</strong></span> <span class='ocrx_word' id='word_1_162' title='bbox 279 2432 318 2488; x_wconf 86' lang='lat' dir='ltr'><strong>als</strong></span> <span class='ocrx_word' id='word_1_163' title='bbox 336 2432 384 2489; x_wconf 88' lang='lat' dir='ltr'><strong>ibn</strong></span> <span class='ocrx_word' id='word_1_164' title='bbox 404 2432 476 2489; x_wconf 87' lang='lat' dir='ltr'><strong>beim</strong></span> <span class='ocrx_word' id='word_1_165' title='bbox 493 2428 579 2488; x_wconf 80' lang='lat' dir='ltr'><strong>Volko</strong></span> 
     </span>
     <span class='ocr_line' id='line_1_23' title="bbox 132 2519 579 2588; baseline -0.002 -12"><span class='ocrx_word' id='word_1_166' title='bbox 132 2520 233 2578; x_wconf 87' lang='lat' dir='ltr'><strong>beliebt</strong></span> <span class='ocrx_word' id='word_1_167' title='bbox 250 2541 283 2577; x_wconf 88' lang='lat' dir='ltr'><strong>zu</strong></span> <span class='ocrx_word' id='word_1_168' title='bbox 301 2520 422 2587; x_wconf 87' lang='lat' dir='ltr'><strong>macheu,</strong></span> <span class='ocrx_word' id='word_1_169' title='bbox 444 2519 489 2575; x_wconf 87' lang='lat' dir='ltr'><strong>die</strong></span> <span class='ocrx_word' id='word_1_170' title='bbox 506 2519 579 2588; x_wconf 85' lang='lat' dir='ltr'><strong>aber,</strong></span> 
     </span>
     <span class='ocr_line' id='line_1_24' title="bbox 132 2606 579 2680; baseline -0.004 -16"><span class='ocrx_word' id='word_1_171' title='bbox 132 2627 214 2664; x_wconf 82' lang='lat' dir='ltr'><strong>weun</strong></span> <span class='ocrx_word' id='word_1_172' title='bbox 230 2606 579 2680; x_wconf 82' lang='lat' dir='ltr'><strong>manaufdieGesinnung,</strong></span> 
     </span>
     <span class='ocr_line' id='line_1_25' title="bbox 130 2692 580 2769; baseline -0.007 -17"><span class='ocrx_word' id='word_1_173' title='bbox 130 2694 176 2752; x_wconf 88' lang='lat' dir='ltr'><strong>dia</strong></span> <span class='ocrx_word' id='word_1_174' title='bbox 202 2695 282 2752; x_wconf 88' lang='lat' dir='ltr'><strong>dabei</strong></span> <span class='ocrx_word' id='word_1_175' title='bbox 307 2713 368 2750; x_wconf 88' lang='lat' dir='ltr'><strong>zum</strong></span> <span class='ocrx_word' id='word_1_176' title='bbox 390 2692 502 2751; x_wconf 85' lang='lat' dir='ltr'><strong>Grande</strong></span> <span class='ocrx_word' id='word_1_177' title='bbox 527 2693 580 2769; x_wconf 81' lang='lat' dir='ltr'><strong>lag,</strong></span> 
     </span>
     <span class='ocr_line' id='line_1_26' title="bbox 132 2780 579 2850; baseline -0.002 -12"><span class='ocrx_word' id='word_1_178' title='bbox 132 2782 190 2850; x_wconf 86' lang='lat' dir='ltr'><strong>sah,</strong></span> <span class='ocrx_word' id='word_1_179' title='bbox 207 2781 246 2838; x_wconf 79' lang='lat' dir='ltr'><strong>als</strong></span> <span class='ocrx_word' id='word_1_180' title='bbox 259 2780 472 2836; x_wconf 71' lang='lat' dir='ltr'><strong>aufrtihrcriocbe</strong></span> <span class='ocrx_word' id='word_1_181' title='bbox 484 2781 579 2837; x_wconf 84' lang='lat' dir='ltr'><strong>Bewc·</strong></span> 
     </span>
     <span class='ocr_line' id='line_1_27' title="bbox 134 2866 580 2944; baseline 0.002 -19"><span class='ocrx_word' id='word_1_182' title='bbox 134 2887 238 2944; x_wconf 82' lang='lat' dir='ltr'><strong>gurgen</strong></span> <span class='ocrx_word' id='word_1_183' title='bbox 258 2866 416 2923; x_wconf 83' lang='lat' dir='ltr'><strong>erreheinen</strong></span> <span class='ocrx_word' id='word_1_184' title='bbox 428 2872 580 2926; x_wconf 85' lang='lat' dir='ltr'><strong>mussten“.</strong></span> 
     </span>
     <span class='ocr_line' id='line_1_28' title="bbox 133 2954 580 3015; baseline -0.002 -5"><span class='ocrx_word' id='word_1_185' title='bbox 133 2955 155 3015; x_wconf 87' lang='lat'><strong>1.</strong></span> <span class='ocrx_word' id='word_1_186' title='bbox 178 2955 223 3015; x_wconf 75' lang='lat' dir='ltr'><strong>rr.</strong></span> <span class='ocrx_word' id='word_1_187' title='bbox 242 2955 327 3013; x_wconf 89' lang='lat' dir='ltr'><strong>Gron.</strong></span> <span class='ocrx_word' id='word_1_188' title='bbox 350 2955 476 3011; x_wconf 77' lang='lat' dir='ltr'><strong>intuenti</strong></span> <span class='ocrx_word' id='word_1_189' title='bbox 496 2954 580 3010; x_wconf 80' lang='lat' dir='ltr'><strong>scribi</strong></span> 
     </span>
     <span class='ocr_line' id='line_1_29' title="bbox 132 3041 256 3101; baseline 0.016 -3"><span class='ocrx_word' id='word_1_190' title='bbox 132 3041 256 3101; x_wconf 89' lang='lat' dir='ltr'><strong>malebat.</strong></span> 
     </span>
     <span class='ocr_line' id='line_1_30' title="bbox 79 3127 582 3203; baseline -0.004 -17"><span class='ocrx_word' id='word_1_191' title='bbox 79 3131 107 3188; x_wconf 87' lang='grc'><strong>3.</strong></span> <span class='ocrx_word' id='word_1_192' title='bbox 127 3127 582 3203; x_wconf 82' lang='lat' dir='ltr'><strong>iudicatumpecunioecumduci</strong></span> 
     </span>
     <span class='ocr_line' id='line_1_31' title="bbox 116 3214 579 3284; baseline -0.004 -12"><span class='ocrx_word' id='word_1_193' title='bbox 116 3217 259 3272; x_wconf 73' lang='lat' dir='ltr'><strong>uidisset</strong></span> <span class='ocrx_word' id='word_1_194' title='bbox 276 3214 352 3284; x_wconf 85' lang='lat' dir='ltr'><strong>(scil.</strong></span> <span class='ocrx_word' id='word_1_195' title='bbox 371 3217 400 3271; x_wconf 91' lang='lat' dir='ltr'><strong>in</strong></span> <span class='ocrx_word' id='word_1_196' title='bbox 423 3217 579 3271; x_wconf 86' lang='lat' dir='ltr'><strong>servitutem</strong></span> 
     </span>
     <span class='ocr_line' id='line_1_32' title="bbox 134 3299 580 3378; baseline -0.002 -21"><span class='ocrx_word' id='word_1_197' title='bbox 134 3320 165 3357; x_wconf 88' lang='lat' dir='ltr'><strong>ac</strong></span> <span class='ocrx_word' id='word_1_198' title='bbox 182 3304 322 3372; x_wconf 85' lang='lat' dir='ltr'><strong>vincula):</strong></span> <span class='ocrx_word' id='word_1_199' title='bbox 347 3301 408 3358; x_wconf 79' lang='lat' dir='ltr'><strong>PM:</strong></span> <span class='ocrx_word' id='word_1_200' title='bbox 434 3304 489 3358; x_wconf 85' lang='lat' dir='ltr'><strong>nisi</strong></span> <span class='ocrx_word' id='word_1_201' title='bbox 506 3299 580 3378; x_wconf 92' lang='lat' dir='ltr'><strong>quod</strong></span> 
     </span>
     <span class='ocr_line' id='line_1_33' title="bbox 135 3386 580 3464; baseline 0.007 -21"><span class='ocrx_word' id='word_1_202' title='bbox 135 3389 223 3464; x_wconf 83' lang='lat' dir='ltr'><strong>primo</strong></span> <span class='ocrx_word' id='word_1_203' title='bbox 242 3392 270 3445; x_wconf 89' lang='lat' dir='ltr'><strong>in</strong></span> <span class='ocrx_word' id='word_1_204' title='bbox 281 3389 309 3446; x_wconf 84' lang='lat' dir='ltr'><strong>p</strong></span> <span class='ocrx_word' id='word_1_205' title='bbox 328 3398 385 3446; x_wconf 86' lang='lat' dir='ltr'><strong>erat</strong></span> <span class='ocrx_word' id='word_1_206' title='bbox 403 3389 470 3448; x_wconf 73' lang='lat' dir='ltr'><strong>dict</strong></span> <span class='ocrx_word' id='word_1_207' title='bbox 482 3421 517 3433; x_wconf 90' lang='lat'><em>-</em></span> <span class='ocrx_word' id='word_1_208' title='bbox 535 3386 580 3447; x_wconf 82' lang='lat' dir='ltr'><strong>Cf.</strong></span> 
     </span>
     <span class='ocr_line' id='line_1_34' title="bbox 136 3472 581 3544; baseline -0.002 -13"><span class='ocrx_word' id='word_1_209' title='bbox 136 3472 196 3533; x_wconf 83' lang='lat' dir='ltr'><strong>Cic.</strong></span> <span class='ocrx_word' id='word_1_210' title='bbox 220 3475 254 3530; x_wconf 87' lang='lat' dir='ltr'><strong>de</strong></span> <span class='ocrx_word' id='word_1_211' title='bbox 277 3472 320 3535; x_wconf 64' lang='lat' dir='ltr'><strong>or.</strong></span> <span class='ocrx_word' id='word_1_212' title='bbox 339 3478 369 3544; x_wconf 74' lang='lat'><strong>2,</strong></span> <span class='ocrx_word' id='word_1_213' title='bbox 389 3478 447 3535; x_wconf 83' lang='lat'><strong>63.:</strong></span> <span class='ocrx_word' id='word_1_214' title='bbox 472 3476 581 3534; x_wconf 82' lang='lat' dir='ltr'><strong>ridetur</strong></span> 
     </span>
     <span class='ocr_line' id='line_1_35' title="bbox 137 3560 581 3640; baseline 0 -22"><span class='ocrx_word' id='word_1_215' title='bbox 137 3581 198 3618; x_wconf 87' lang='lat' dir='ltr'><strong>csse</strong></span> <span class='ocrx_word' id='word_1_216' title='bbox 214 3562 366 3617; x_wconf 83' lang='lat' dir='ltr'><strong>misericors</strong></span> <span class='ocrx_word' id='word_1_217' title='bbox 380 3560 435 3632; x_wconf 89' lang='lat' dir='ltr'><strong>ille,</strong></span> <span class='ocrx_word' id='word_1_218' title='bbox 452 3565 499 3640; x_wconf 89' lang='lat' dir='ltr'><strong>qui</strong></span> <span class='ocrx_word' id='word_1_219' title='bbox 511 3563 581 3619; x_wconf 89' lang='lat' dir='ltr'><strong>iudi·</strong></span> 
     </span>
    </p>
   </div>
   <div class='ocr_carea' id='block_1_7' title="bbox 137 3647 650 3727">
    <p class='ocr_par' dir='ltr' id='par_1_7' title="bbox 137 3647 650 3727">
     <span class='ocr_line' id='line_1_36' title="bbox 137 3647 650 3727; baseline 0 -21"><span class='ocrx_word' id='word_1_220' title='bbox 137 3659 227 3706; x_wconf 88' lang='lat' dir='ltr'><strong>catum</strong></span> <span class='ocrx_word' id='word_1_221' title='bbox 244 3647 308 3704; x_wconf 87' lang='lat' dir='ltr'><strong>duci</strong></span> <span class='ocrx_word' id='word_1_222' title='bbox 325 3650 419 3705; x_wconf 86' lang='lat' dir='ltr'><strong>videns</strong></span> <span class='ocrx_word' id='word_1_223' title='bbox 440 3659 581 3727; x_wconf 88' lang='lat' dir='ltr'><strong>perconta·</strong></span> <span class='ocrx_word' id='word_1_224' title='bbox 647 3678 650 3683; x_wconf 92' lang='lat'>·</span> 
     </span>
    </p>
   </div>
   <div class='ocr_carea' id='block_1_8' title="bbox 134 3734 583 4160">
    <p class='ocr_par' dir='ltr' id='par_1_8' title="bbox 134 3734 583 4160">
     <span class='ocr_line' id='line_1_37' title="bbox 134 3734 582 3810; baseline -0.004 -16"><span class='ocrx_word' id='word_1_225' title='bbox 134 3747 180 3794; x_wconf 86' lang='lat' dir='ltr'><strong>tur</strong></span> <span class='ocrx_word' id='word_1_226' title='bbox 206 3737 244 3791; x_wconf 86' lang='lat' dir='ltr'><strong>ita</strong></span> <span class='ocrx_word' id='word_1_227' title='bbox 269 3734 394 3810; x_wconf 77' lang='lat' dir='ltr'><strong>„Quanti</strong></span> <span class='ocrx_word' id='word_1_228' title='bbox 420 3736 582 3792; x_wconf 78' lang='lat' dir='ltr'><strong>addictus?“</strong></span> 
     </span>
     <span class='ocr_line' id='line_1_38' title="bbox 137 3822 583 3898; baseline -0.004 -18"><span class='ocrx_word' id='word_1_229' title='bbox 137 3822 232 3893; x_wconf 79' lang='lat' dir='ltr'><strong>„Mille</strong></span> <span class='ocrx_word' id='word_1_230' title='bbox 257 3827 426 3882; x_wconf 86' lang='lat' dir='ltr'><strong>nummum“.</strong></span> <span class='ocrx_word' id='word_1_231' title='bbox 448 3822 517 3898; x_wconf 66' lang='lat' dir='ltr'><strong>biv.</strong></span> <span class='ocrx_word' id='word_1_232' title='bbox 537 3824 583 3888; x_wconf 76' lang='lat'><strong>23.</strong></span> 
     </span>
     <span class='ocr_line' id='line_1_39' title="bbox 138 3909 582 3986; baseline -0.002 -19"><span class='ocrx_word' id='word_1_233' title='bbox 138 3913 196 3969; x_wconf 70' lang='lat' dir='ltr'><strong>ma</strong></span> <span class='ocrx_word' id='word_1_234' title='bbox 212 3915 225 3982; x_wconf 82' lang='lat'><strong>(</strong></span> <span class='ocrx_word' id='word_1_235' title='bbox 230 3910 347 3968; x_wconf 90' lang='lat' dir='ltr'><strong>dictator</strong></span> <span class='ocrx_word' id='word_1_236' title='bbox 360 3909 462 3978; x_wconf 86' lang='lat' dir='ltr'><strong>edixit)</strong></span> <span class='ocrx_word' id='word_1_237' title='bbox 480 3910 527 3986; x_wconf 87' lang='lat' dir='ltr'><strong>qui</strong></span> <span class='ocrx_word' id='word_1_238' title='bbox 539 3929 582 3966; x_wconf 84' lang='lat' dir='ltr'><strong>ca-</strong></span> 
     </span>
     <span class='ocr_line' id='line_1_40' title="bbox 137 3997 583 4075; baseline 0.002 -23"><span class='ocrx_word' id='word_1_239' title='bbox 137 3998 246 4073; x_wconf 81' lang='lat' dir='ltr'><strong>pitalem</strong></span> <span class='ocrx_word' id='word_1_240' title='bbox 264 3997 385 4055; x_wconf 78' lang='lat' dir='ltr'><strong>fraudem</strong></span> <span class='ocrx_word' id='word_1_241' title='bbox 403 3999 461 4054; x_wconf 79' lang='lat' dir='ltr'><strong>ausi</strong></span> <span class='ocrx_word' id='word_1_242' title='bbox 483 3998 583 4075; x_wconf 86' lang='lat' dir='ltr'><strong>quique</strong></span> 
     </span>
     <span class='ocr_line' id='line_1_41' title="bbox 136 4083 582 4160; baseline -0.002 -18"><span class='ocrx_word' id='word_1_243' title='bbox 136 4087 265 4160; x_wconf 83' lang='lat' dir='ltr'><strong>pecuniae</strong></span> <span class='ocrx_word' id='word_1_244' title='bbox 287 4086 398 4159; x_wconf 72' lang='lat' dir='ltr'><strong>iudicati</strong></span> <span class='ocrx_word' id='word_1_245' title='bbox 421 4087 450 4143; x_wconf 90' lang='lat' dir='ltr'><strong>in</strong></span> <span class='ocrx_word' id='word_1_246' title='bbox 467 4083 582 4143; x_wconf 87' lang='lat' dir='ltr'><strong>vinculis</strong></span> 
     </span>
    </p>
   </div>
   <div class='ocr_carea' id='block_1_9' title="bbox 720 1997 1168 2423">
    <p class='ocr_par' dir='ltr' id='par_1_9' title="bbox 720 1997 1168 2423">
     <span class='ocr_line' id='line_1_42' title="bbox 722 1997 1167 2073; baseline 0 -22"><span class='ocrx_word' id='word_1_247' title='bbox 722 1997 822 2073; x_wconf 81' lang='lat' dir='ltr'><strong>milites</strong></span> <span class='ocrx_word' id='word_1_248' title='bbox 839 1998 949 2066; x_wconf 86' lang='lat' dir='ltr'><strong>fierent,</strong></span> <span class='ocrx_word' id='word_1_249' title='bbox 967 2017 1015 2054; x_wconf 86' lang='lat' dir='ltr'><strong>eos</strong></span> <span class='ocrx_word' id='word_1_250' title='bbox 1033 2017 1103 2053; x_wconf 84' lang='lat' dir='ltr'><strong>noxa</strong></span> <span class='ocrx_word' id='word_1_251' title='bbox 1120 2016 1167 2073; x_wconf 86' lang='lat' dir='ltr'><strong>pe·</strong></span> 
     </span>
     <span class='ocr_line' id='line_1_43' title="bbox 724 2081 1167 2160; baseline 0.002 -21"><span class='ocrx_word' id='word_1_252' title='bbox 724 2084 855 2160; x_wconf 78' lang='lat' dir='ltr'><strong>cunisque</strong></span> <span class='ocrx_word' id='word_1_253' title='bbox 878 2102 940 2138; x_wconf 88' lang='lat' dir='ltr'><strong>sese</strong></span> <span class='ocrx_word' id='word_1_254' title='bbox 959 2081 1063 2138; x_wconf 85' lang='lat' dir='ltr'><strong>exsolvi</strong></span> <span class='ocrx_word' id='word_1_255' title='bbox 1080 2084 1167 2140; x_wconf 89' lang='lat' dir='ltr'><strong>iussu·</strong></span> 
     </span>
     <span class='ocr_line' id='line_1_44' title="bbox 723 2169 1168 2247; baseline -0.002 -19"><span class='ocrx_word' id='word_1_256' title='bbox 723 2190 792 2229; x_wconf 87' lang='lat' dir='ltr'><strong>rum.</strong></span> <span class='ocrx_word' id='word_1_257' title='bbox 817 2172 850 2238; x_wconf 73' lang='lat'><strong>2,</strong></span> <span class='ocrx_word' id='word_1_258' title='bbox 871 2173 933 2228; x_wconf 48' lang='lat'><strong>2⁷³</strong></span> <span class='ocrx_word' id='word_1_259' title='bbox 959 2169 1066 2247; x_wconf 84' lang='lat' dir='ltr'><strong>Appius</strong></span> <span class='ocrx_word' id='word_1_260' title='bbox 1088 2189 1168 2246; x_wconf 83' lang='lat' dir='ltr'><strong>quam</strong></span> 
     </span>
     <span class='ocr_line' id='line_1_45' title="bbox 721 2257 1167 2335; baseline 0 -20"><span class='ocrx_word' id='word_1_261' title='bbox 721 2258 868 2335; x_wconf 80' lang='lat' dir='ltr'><strong>asperrimo</strong></span> <span class='ocrx_word' id='word_1_262' title='bbox 884 2265 992 2335; x_wconf 86' lang='lat' dir='ltr'><strong>poterat</strong></span> <span class='ocrx_word' id='word_1_263' title='bbox 1003 2259 1046 2313; x_wconf 87' lang='lat' dir='ltr'><strong>ius</strong></span> <span class='ocrx_word' id='word_1_264' title='bbox 1059 2257 1094 2314; x_wconf 85' lang='lat' dir='ltr'><strong>de</strong></span> <span class='ocrx_word' id='word_1_265' title='bbox 1111 2279 1167 2315; x_wconf 87' lang='lat' dir='ltr'><strong>cre·</strong></span> 
     </span>
     <span class='ocr_line' id='line_1_46' title="bbox 720 2344 1167 2423; baseline -0.002 -21"><span class='ocrx_word' id='word_1_266' title='bbox 720 2345 786 2402; x_wconf 87' lang='lat' dir='ltr'><strong>ditis</strong></span> <span class='ocrx_word' id='word_1_267' title='bbox 812 2347 935 2423; x_wconf 87' lang='lat' dir='ltr'><strong>pecuniis</strong></span> <span class='ocrx_word' id='word_1_268' title='bbox 964 2345 1062 2404; x_wconf 82' lang='lat' dir='ltr'><strong>dicere.</strong></span> <span class='ocrx_word' id='word_1_269' title='bbox 1092 2344 1167 2402; x_wconf 87' lang='lat' dir='ltr'><strong>dein·</strong></span> 
     </span>
    </p>
   </div>
   <div class='ocr_carea' id='block_1_10' title="bbox 670 2420 1168 2510">
    <p class='ocr_par' dir='ltr' id='par_1_10' title="bbox 670 2420 1168 2510">
     <span class='ocr_line' id='line_1_47' title="bbox 670 2420 1168 2510; baseline 0.004 -22"><span class='ocrx_word' id='word_1_270' title='bbox 670 2472 674 2477; x_wconf 81' lang='lat'><em>-</em></span> <span class='ocrx_word' id='word_1_271' title='bbox 720 2453 784 2510; x_wconf 82' lang='lat' dir='ltr'><strong>ceps</strong></span> <span class='ocrx_word' id='word_1_272' title='bbox 803 2444 830 2488; x_wconf 88' lang='lat' dir='ltr'><strong>ot</strong></span> <span class='ocrx_word' id='word_1_273' title='bbox 847 2434 968 2510; x_wconf 86' lang='lat' dir='ltr'><strong>quiante</strong></span> <span class='ocrx_word' id='word_1_274' title='bbox 982 2420 1168 2490; x_wconf 81' lang='lat' dir='ltr'><strong>nexiiueraut</strong></span> 
     </span>
    </p>
   </div>
   <div class='ocr_carea' id='block_1_11' title="bbox 719 2518 1167 2666">
    <p class='ocr_par' dir='ltr' id='par_1_11' title="bbox 719 2518 1167 2666">
     <span class='ocr_line' id='line_1_48' title="bbox 719 2518 1167 2589; baseline 0.002 -14"><span class='ocrx_word' id='word_1_275' title='bbox 719 2518 900 2576; x_wconf 88' lang='lat' dir='ltr'><strong>creditoribus</strong></span> <span class='ocrx_word' id='word_1_276' title='bbox 926 2520 1113 2589; x_wconf 85' lang='lat' dir='ltr'><strong>tradebantur,</strong></span> <span class='ocrx_word' id='word_1_277' title='bbox 1139 2529 1167 2576; x_wconf 87' lang='lat' dir='ltr'><strong>et</strong></span> 
     </span>
     <span class='ocr_line' id='line_1_49' title="bbox 720 2606 966 2666; baseline 0.024 -6"><span class='ocrx_word' id='word_1_278' title='bbox 720 2607 895 2664; x_wconf 83' lang='lat' dir='ltr'><strong>nectebantur</strong></span> <span class='ocrx_word' id='word_1_279' title='bbox 911 2606 966 2666; x_wconf 90' lang='lat' dir='ltr'><strong>alii.</strong></span> 
     </span>
    </p>
   </div>
   <div class='ocr_carea' id='block_1_12' title="bbox 668 2689 1167 2768">
    <p class='ocr_par' dir='ltr' id='par_1_12' title="bbox 668 2689 1167 2768">
     <span class='ocr_line' id='line_1_50' title="bbox 668 2689 1167 2768; baseline -0.002 -18"><span class='ocrx_word' id='word_1_280' title='bbox 668 2694 694 2751; x_wconf 82' lang='lat'><strong>5.</strong></span> <span class='ocrx_word' id='word_1_281' title='bbox 722 2689 1167 2768; x_wconf 77' lang='lat' dir='ltr'><strong>uociferatusqueerI.-Leid.</strong></span> 
     </span>
    </p>
   </div>
   <div class='ocr_carea' id='block_1_13' title="bbox 721 2777 1166 2838">
    <p class='ocr_par' dir='ltr' id='par_1_13' title="bbox 721 2777 1166 2838">
     <span class='ocr_line' id='line_1_51' title="bbox 721 2777 1166 2838; baseline -0.004 -4"><span class='ocrx_word' id='word_1_282' title='bbox 721 2797 755 2838; x_wconf 66' lang='grc' dir='ltr'><strong>ιε</strong></span> <span class='ocrx_word' id='word_1_283' title='bbox 776 2779 948 2837; x_wconf 79' lang='lat' dir='ltr'><strong>uociferatus.</strong></span> <span class='ocrx_word' id='word_1_284' title='bbox 972 2810 1007 2820; x_wconf 93' lang='lat'>—</span> <span class='ocrx_word' id='word_1_285' title='bbox 1035 2777 1057 2834; x_wconf 92' lang='lat' dir='ltr'>P</span> <span class='ocrx_word' id='word_1_286' title='bbox 1076 2798 1112 2835; x_wconf 89' lang='lat' dir='ltr'><strong>m.</strong></span> <span class='ocrx_word' id='word_1_287' title='bbox 1131 2779 1166 2834; x_wconf 84' lang='lat'><strong>1.:</strong></span> 
     </span>
    </p>
   </div>
   <div class='ocr_carea' id='block_1_14' title="bbox 720 2862 1255 2939">
    <p class='ocr_par' dir='ltr' id='par_1_14' title="bbox 720 2862 1255 2939">
     <span class='ocr_line' id='line_1_52' title="bbox 720 2862 1255 2939; baseline -0.006 -20"><span class='ocrx_word' id='word_1_288' title='bbox 720 2873 778 2919; x_wconf 90' lang='lat' dir='ltr'><strong>tum</strong></span> <span class='ocrx_word' id='word_1_289' title='bbox 796 2885 860 2920; x_wconf 89' lang='lat' dir='ltr'><strong>uero</strong></span> <span class='ocrx_word' id='word_1_290' title='bbox 880 2883 929 2939; x_wconf 81' lang='lat' dir='ltr'><strong>ego</strong></span> <span class='ocrx_word' id='word_1_291' title='bbox 947 2862 1043 2938; x_wconf 89' lang='lat' dir='ltr'><strong>inquid</strong></span> <span class='ocrx_word' id='word_1_292' title='bbox 1059 2865 1168 2938; x_wconf 89' lang='lat' dir='ltr'><strong>nequic·</strong></span> <span class='ocrx_word' id='word_1_293' title='bbox 1241 2914 1255 2923; x_wconf 83' lang='lat'><strong><em>‚</em></strong></span> 
     </span>
    </p>
   </div>
   <div class='ocr_carea' id='block_1_15' title="bbox 720 2950 1250 3202">
    <p class='ocr_par' dir='ltr' id='par_1_15' title="bbox 720 2950 1250 3202">
     <span class='ocr_line' id='line_1_53' title="bbox 721 2950 1250 3026; baseline 0.002 -22"><span class='ocrx_word' id='word_1_294' title='bbox 721 2970 810 3026; x_wconf 91' lang='lat' dir='ltr'><strong>quam.</strong></span> <span class='ocrx_word' id='word_1_295' title='bbox 845 2950 885 3007; x_wconf 79' lang='lat' dir='ltr'><strong>bl:</strong></span> <span class='ocrx_word' id='word_1_296' title='bbox 916 2953 1102 3026; x_wconf 88' lang='lat' dir='ltr'><strong>nequicquam.</strong></span> <span class='ocrx_word' id='word_1_297' title='bbox 1132 2978 1167 2988; x_wconf 94' lang='lat'>-</span> <span class='ocrx_word' id='word_1_298' title='bbox 1247 2952 1250 2957; x_wconf 71' lang='grc'><strong>’</strong></span> 
     </span>
     <span class='ocr_line' id='line_1_54' title="bbox 721 3035 1167 3117; baseline 0 -24"><span class='ocrx_word' id='word_1_299' title='bbox 721 3035 785 3094; x_wconf 80' lang='lat' dir='ltr'><strong>PM:</strong></span> <span class='ocrx_word' id='word_1_300' title='bbox 804 3046 957 3115; x_wconf 81' lang='lat' dir='ltr'><strong>tamquam</strong></span> <span class='ocrx_word' id='word_1_301' title='bbox 967 3037 1069 3117; x_wconf 61' lang='lat' dir='ltr'><strong>gallis,</strong></span> <span class='ocrx_word' id='word_1_302' title='bbox 1078 3037 1167 3094; x_wconf 81' lang='lat' dir='ltr'><strong>uicto·</strong></span> 
     </span>
     <span class='ocr_line' id='line_1_55' title="bbox 720 3127 946 3202; baseline 0.004 -20"><span class='ocrx_word' id='word_1_303' title='bbox 720 3127 802 3183; x_wconf 78' lang='lat' dir='ltr'><strong>ribus</strong></span> <span class='ocrx_word' id='word_1_304' title='bbox 819 3135 946 3202; x_wconf 81' lang='lat' dir='ltr'><strong>captum.</strong></span> 
     </span>
    </p>
   </div>
   <div class='ocr_carea' id='block_1_16' title="bbox 650 3211 1167 3291">
    <p class='ocr_par' dir='ltr' id='par_1_16' title="bbox 650 3211 1167 3291">
     <span class='ocr_line' id='line_1_56' title="bbox 650 3211 1167 3291; baseline 0 -24"><span class='ocrx_word' id='word_1_305' title='bbox 650 3211 693 3271; x_wconf 87' lang='grc'><strong>11.</strong></span> <span class='ocrx_word' id='word_1_306' title='bbox 719 3213 855 3291; x_wconf 81' lang='lat' dir='ltr'><strong>libraque</strong></span> <span class='ocrx_word' id='word_1_307' title='bbox 869 3223 902 3270; x_wconf 80' lang='lat' dir='ltr'><strong>&#39;et</strong></span> <span class='ocrx_word' id='word_1_308' title='bbox 913 3233 983 3269; x_wconf 80' lang='lat' dir='ltr'><strong>aere</strong></span> <span class='ocrx_word' id='word_1_309' title='bbox 994 3213 1167 3269; x_wconf 79' lang='lat' dir='ltr'><strong>liberatum:</strong></span> 
     </span>
    </p>
   </div>
   <div class='ocr_carea' id='block_1_17' title="bbox 720 3297 1167 3458">
    <p class='ocr_par' dir='ltr' id='par_1_17' title="bbox 720 3297 1167 3458">
     <span class='ocr_line' id='line_1_57' title="bbox 720 3297 1167 3360; baseline -0.013 -3"><span class='ocrx_word' id='word_1_310' title='bbox 720 3299 776 3360; x_wconf 69' lang='lat' dir='ltr'><strong>Pil.</strong></span> <span class='ocrx_word' id='word_1_311' title='bbox 795 3302 839 3358; x_wconf 83' lang='lat' dir='ltr'><strong>Cf.</strong></span> <span class='ocrx_word' id='word_1_312' title='bbox 851 3299 882 3358; x_wconf 83' lang='lat' dir='ltr'><strong>F.</strong></span> <span class='ocrx_word' id='word_1_313' title='bbox 893 3299 1000 3355; x_wconf 81' lang='lat' dir='ltr'><strong>Walter</strong></span> <span class='ocrx_word' id='word_1_314' title='bbox 1010 3297 1108 3354; x_wconf 82' lang='lat' dir='ltr'><strong>Gesoh.</strong></span> <span class='ocrx_word' id='word_1_315' title='bbox 1119 3297 1167 3353; x_wconf 85' lang='lat' dir='ltr'><strong>des</strong></span> 
     </span>
     <span class='ocr_line' id='line_1_58' title="bbox 720 3385 1126 3458; baseline -0.002 -15"><span class='ocrx_word' id='word_1_316' title='bbox 720 3393 787 3445; x_wconf 78' lang='lat' dir='ltr'><strong>riim.</strong></span> <span class='ocrx_word' id='word_1_317' title='bbox 804 3386 920 3442; x_wconf 80' lang='lat' dir='ltr'><strong>Rechts:</strong></span> <span class='ocrx_word' id='word_1_318' title='bbox 939 3407 966 3458; x_wconf 83' lang='lat' dir='ltr'><strong>p.</strong></span> <span class='ocrx_word' id='word_1_319' title='bbox 985 3386 1046 3441; x_wconf 76' lang='grc'><strong>649.</strong></span> <span class='ocrx_word' id='word_1_320' title='bbox 1063 3385 1126 3442; x_wconf 81' lang='grc'><strong>641.</strong></span> 
     </span>
    </p>
   </div>
   <div class='ocr_carea' id='block_1_18' title="bbox 651 3472 1291 3532">
    <p class='ocr_par' dir='ltr' id='par_1_18' title="bbox 651 3472 1291 3532">
     <span class='ocr_line' id='line_1_59' title="bbox 651 3472 1291 3532; baseline -0.005 -3"><span class='ocrx_word' id='word_1_321' title='bbox 651 3474 694 3532; x_wconf 70' lang='lat'><strong>12.</strong></span> <span class='ocrx_word' id='word_1_322' title='bbox 721 3473 805 3531; x_wconf 70' lang='lat' dir='ltr'><strong>utM.</strong></span> <span class='ocrx_word' id='word_1_323' title='bbox 818 3474 933 3529; x_wconf 83' lang='lat' dir='ltr'><strong>Manlio</strong></span> <span class='ocrx_word' id='word_1_324' title='bbox 945 3472 1100 3526; x_wconf 77' lang='lat' dir='ltr'><strong>liberatori</strong></span> <span class='ocrx_word' id='word_1_325' title='bbox 1111 3490 1166 3527; x_wconf 84' lang='lat' dir='ltr'><strong>suo</strong></span> <span class='ocrx_word' id='word_1_326' title='bbox 1287 3524 1291 3531; x_wconf 93' lang='grc'><em>,</em></span> 
     </span>
    </p>
   </div>
   <div class='ocr_carea' id='block_1_19' title="bbox 720 3559 1242 4146">
    <p class='ocr_par' dir='ltr' id='par_1_19' title="bbox 720 3559 1242 4146">
     <span class='ocr_line' id='line_1_60' title="bbox 720 3559 1168 3639; baseline -0.007 -25"><span class='ocrx_word' id='word_1_327' title='bbox 720 3561 843 3637; x_wconf 82' lang='lat' dir='ltr'><strong>parenti</strong></span> <span class='ocrx_word' id='word_1_328' title='bbox 859 3560 964 3638; x_wconf 75' lang='lat' dir='ltr'><strong>plebis.</strong></span> <span class='ocrx_word' id='word_1_329' title='bbox 986 3577 1010 3618; x_wconf 87' lang='lat' dir='ltr'><strong>r.</strong></span> <span class='ocrx_word' id='word_1_330' title='bbox 1035 3559 1168 3639; x_wconf 66' lang='lat' dir='ltr'><strong>gratham</strong></span> 
     </span>
     <span class='ocr_line' id='line_1_61' title="bbox 724 3645 1168 3718; baseline 0.002 -16"><span class='ocrx_word' id='word_1_331' title='bbox 724 3645 875 3718; x_wconf 83' lang='lat' dir='ltr'><strong>referant.-</strong></span> <span class='ocrx_word' id='word_1_332' title='bbox 898 3646 929 3706; x_wconf 91' lang='lat' dir='ltr'><strong>P.</strong></span> <span class='ocrx_word' id='word_1_333' title='bbox 947 3679 982 3690; x_wconf 93' lang='lat'><strong>—-</strong></span> <span class='ocrx_word' id='word_1_334' title='bbox 1008 3646 1048 3703; x_wconf 82' lang='lat' dir='ltr'><strong>tl:</strong></span> <span class='ocrx_word' id='word_1_335' title='bbox 1073 3655 1111 3716; x_wconf 76' lang='lat' dir='ltr'><strong>ut.</strong></span> <span class='ocrx_word' id='word_1_336' title='bbox 1132 3651 1168 3703; x_wconf 81' lang='lat' dir='ltr'><strong>m.</strong></span> 
     </span>
     <span class='ocr_line' id='line_1_62' title="bbox 723 3730 1173 3803; baseline -0.004 -15"><span class='ocrx_word' id='word_1_337' title='bbox 723 3731 824 3792; x_wconf 87' lang='lat' dir='ltr'><strong>mallio.</strong></span> <span class='ocrx_word' id='word_1_338' title='bbox 841 3754 877 3792; x_wconf 91' lang='lat' dir='ltr'><strong>m.</strong></span> <span class='ocrx_word' id='word_1_339' title='bbox 890 3737 928 3795; x_wconf 62' lang='lat' dir='ltr'><strong>‘br</strong></span> <span class='ocrx_word' id='word_1_340' title='bbox 947 3743 985 3794; x_wconf 87' lang='lat' dir='ltr'><strong>ut.</strong></span> <span class='ocrx_word' id='word_1_341' title='bbox 1002 3740 1037 3793; x_wconf 80' lang='lat' dir='ltr'><strong>tir.</strong></span> <span class='ocrx_word' id='word_1_342' title='bbox 1049 3730 1173 3803; x_wconf 59' lang='lat' dir='ltr'><strong>marulio.</strong></span> 
     </span>
     <span class='ocr_line' id='line_1_63' title="bbox 724 3819 1167 3881; baseline 0.007 -7"><span class='ocrx_word' id='word_1_343' title='bbox 724 3851 758 3861; x_wconf 94' lang='lat'><em>-</em></span> <span class='ocrx_word' id='word_1_344' title='bbox 777 3819 808 3875; x_wconf 93' lang='lat' dir='ltr'><strong>ln</strong></span> <span class='ocrx_word' id='word_1_345' title='bbox 820 3819 893 3881; x_wconf 87' lang='lat' dir='ltr'><strong>Harl.</strong></span> <span class='ocrx_word' id='word_1_346' title='bbox 906 3841 924 3881; x_wconf 92' lang='lat'><strong>1.</strong></span> <span class='ocrx_word' id='word_1_347' title='bbox 937 3821 1037 3878; x_wconf 86' lang='lat' dir='ltr'><strong>excidit</strong></span> <span class='ocrx_word' id='word_1_348' title='bbox 1055 3842 1086 3877; x_wconf 88' lang='lat' dir='ltr'><strong>r:</strong></span> <span class='ocrx_word' id='word_1_349' title='bbox 1104 3820 1131 3878; x_wconf 92' lang='lat' dir='ltr'><strong>h.</strong></span> <span class='ocrx_word' id='word_1_350' title='bbox 1144 3840 1167 3877; x_wconf 86' lang='lat' dir='ltr'><strong>e.</strong></span> 
     </span>
     <span class='ocr_line' id='line_1_64' title="bbox 723 3906 1168 3983; baseline 0 -21"><span class='ocrx_word' id='word_1_351' title='bbox 723 3927 873 3970; x_wconf 81' lang='lat' dir='ltr'><strong>romonae.</strong></span> <span class='ocrx_word' id='word_1_352' title='bbox 896 3943 931 3955; x_wconf 89' lang='lat'>-</span> <span class='ocrx_word' id='word_1_353' title='bbox 954 3909 1039 3968; x_wconf 83' lang='lat' dir='ltr'><strong>Panlo</strong></span> <span class='ocrx_word' id='word_1_354' title='bbox 1061 3916 1125 3983; x_wconf 87' lang='lat' dir='ltr'><strong>post</strong></span> <span class='ocrx_word' id='word_1_355' title='bbox 1146 3906 1168 3962; x_wconf 85' lang='lat' dir='ltr'><strong>P</strong></span> 
     </span>
     <span class='ocr_line' id='line_1_65' title="bbox 724 3997 1242 4070; baseline -0.002 -18"><span class='ocrx_word' id='word_1_356' title='bbox 724 4000 962 4059; x_wconf 64' lang='lat' dir='ltr'><strong>mattostentant.</strong></span> <span class='ocrx_word' id='word_1_357' title='bbox 979 3997 1167 4057; x_wconf 72' lang='lat' dir='ltr'><strong>m.2.=osten-</strong></span> <span class='ocrx_word' id='word_1_358' title='bbox 1239 4066 1242 4070; x_wconf 17' lang='grc' dir='ltr'><strong><em>Δ</em></strong></span> 
     </span>
     <span class='ocr_line' id='line_1_66' title="bbox 724 4092 812 4146; baseline 0 -5"><span class='ocrx_word' id='word_1_359' title='bbox 724 4092 812 4146; x_wconf 84' lang='lat' dir='ltr'><strong>taus.-</strong></span> 
     </span>
    </p>
   </div>
   <div class='ocr_carea' id='block_1_20' title="bbox 0 0 1314 4590">
    <p class='ocr_par' dir='ltr' id='par_1_20' title="bbox 0 0 1314 4590">
     <span class='ocr_line' id='line_1_67' title="bbox 0 0 1314 4590; baseline 0 0"><span class='ocrx_word' id='word_1_360' title='bbox 0 0 1314 4590; x_wconf 95' lang='lat' dir='ltr'><strong> </strong></span> 
     </span>
    </p>
   </div>
  </div>
 </body>
</html>
