2618 4590
113 193 180 264 374
365 282 367 288 p
569 205 676 268 num
693 205 764 266 vnr.

19 400 22 422 ι
114 371 245 441 iniuriam
262 371 368 462 ,magis
388 391 487 462 marn
509 367 574 437 doli
595 391 672 460 prae
694 391 730 437 se
751 368 863 451 ferret,
892 369 1052 436 concitati.
1068 368 1215 436 homines

115 488 235 569 cogunt
255 477 394 572 clamore
416 498 477 543 suo
498 473 700 564 magistratus
722 485 871 551 senatum
884 497 1009 554 vocare,
1033 473 1140 540 etalii
1162 475 1215 541 cir-

116 592 310 652 cumstantes
339 581 510 649 concilium
535 579 658 647 bellum
685 575 718 644 in
740 578 904 645 Romanos
932 588 1072 667 poscunt
1097 578 1152 647 alii
1179 582 1215 646 ad

116 687 338 757 concitandam
359 685 393 753 in
415 709 503 752 anna
524 681 760 752 multitudinem
776 683 947 774 agrestium
962 682 1153 768 discurrunt,
1174 696 1216 753 tu·

85 791 282 882 tmultuque
315 790 413 860 etiam
446 813 542 857 sanos
571 799 795 857 consternante
822 788 945 854 animos
974 787 1159 858 decernitur
1184 801 1216 857 ut

116 895 253 964 societas
276 920 350 966 eum
366 894 562 965 Samnitibus
583 904 789 963 renovaretur
810 893 970 983 legatique
992 893 1034 959 ad
1056 917 1131 962 eam
1151 919 1215 962 rem

133 1081 159 1141 9.
176 1076 630 1141 circumstauteecouciliumsl'll
771 1087 815 1136 cte
826 1077 981 1136 cumverho
993 1078 1166 1136 decernitur
1176 1098 1216 1134 co·

184 1166 245 1228 rell.
263 1202 298 1213 -
315 1168 394 1227 Unus
411 1166 489 1225 Laid
506 1186 548 1226 u.:
567 1186 629 1224 eou-

183 1253 285 1314 silium.
320 1254 366 1316 Cs.
382 1256 409 1324 2,
426 1255 483 1313 28st
507 1253 631 1331 prosecta

184 1343 210 1400 si
227 1349 319 1403 essent
335 1343 365 1400 in
381 1339 531 1419 republica
548 1342 631 1416 magi·

183 1437 294 1499 suetus,
305 1427 408 1488 nullum
417 1428 536 1487 futurum
547 1429 632 1488 luisse

183 1512 288 1576 Romae
309 1518 364 1575 nisi
385 1516 524 1596 publicum
541 1519 631 1575 concl-

184 1602 259 1661 lium.
271 1637 306 1650 -
318 1604 342 1662 1>
358 1625 394 1665 m.
414 1606 439 1664 1.
450 1603 531 1666 Voss.
543 1624 572 1664 11.
584 1603 632 1665 ab:

184 1691 245 1760 „ad
262 1691 492 1751 concitandum“=
521 1691 571 1750 sed
588 1713 631 1749 er·

125 1822 133 1844 .
185 1777 249 1836 elem
273 1779 337 1837 dein
358 1801 440 1838 manu
461 1781 571 1857 antiqua
591 1780 632 1838 vi·

184 1865 264 1924 detur
284 1868 417 1944 seriptum
437 1868 467 1927 iu
489 1865 513 1923 P
536 1868 632 1927 conci·

183 1955 317 2011 tundam.

131 2038 159 2099 6.
184 2040 337 2120 legatique
354 2041 399 2099 od
413 2060 481 2099 eum
491 2059 555 2098 rem
568 2041 632 2100 mit·¹

109 2178 112 2196 ,
184 2135 303 2186 tantm:
319 2128 359 2202 P]
379 2127 512 2207 legatique
527 2128 561 2185 ad
574 2148 633 2186 earu

183 2214 634 2286 remmittuntur(llarl.r.Leid.n).

184 2329 221 2344 ·-
229 2300 299 2361 Mn.
306 2304 331 2360 1.
341 2323 348 2358 ε
357 2303 509 2380 legatique
520 2303 633 2359 adeam

185 2388 301 2444 remitte
309 2387 314 2461 Ι
322 2398 420 2448 untur.
432 2389 633 2448 m.2.:udeam

185 2475 302 2530 remitte
316 2476 322 2544 Ι
337 2484 444 2532 untur:
473 2484 504 2533 ut
534 2478 634 2533 coniici

185 2561 283 2636 possit,
291 2559 431 2622 librarium
441 2561 508 2620 duas
516 2565 633 2641 scriptu-

134 2654 136 2660 '
183 2665 229 2702 ras
238 2666 391 2725 proponere
400 2648 529 2720 voluisse,
537 2653 632 2712 otmit·

185 2738 634 2809 tacmretmiuentur(3,7⁰.)=

184 2818 317 2898 syllabam
344 2843 380 2882 re
405 2827 477 2882 enim
503 2845 633 2902 persaepe

184 2907 319 2966 excidisse
335 2909 501 2987 neglegentia
518 2913 634 2990 quidm

184 2991 356 3055 librariorum
368 3008 463 3055 notum
472 3009 514 3056 est
523 3003 564 3068 (8,
576 3003 633 3064 23.r
666 3072 672 3085 ,

185 3089 319 3154 gereret)r
339 3105 391 3140 nec
407 3086 497 3141 minus
513 3105 595 3163 saepe
612 3107 633 3142 u

188 3176 216 3224 et
233 3189 250 3226 e
268 3169 515 3242 confundebantur,
536 3173 571 3231 el.
589 3193 631 3234 ex.

88 3250 92 3256 ’
182 3273 225 3330 gr.
242 3259 268 3326 8,
286 3258 347 3318 28.:
364 3259 587 3332 aspernabantur.
597 3291 632 3303 -

184 3343 355 3423 Quamquam
366 3343 440 3402 baud
453 3347 559 3423 ignoro,
575 3368 633 3410 non

184 3433 275 3490 minus
293 3433 402 3492 Livium
425 3454 506 3512 quam
527 3444 631 3493 ceteros

182 3521 330 3601 scriptores
357 3541 391 3579 ex
414 3522 547 3582 indirecta
570 3542 632 3580 ora«

183 3605 259 3660 tione
282 3608 418 3667 interdum
440 3610 475 3666 ad
501 3609 630 3668 directam

183 3693 309 3761 transire,
326 3703 353 3749 et
364 3694 451 3753 videri
468 3705 561 3774 potest
571 3717 630 3754 ora-

183 3777 222 3834 tio
239 3777 294 3836 boc
304 3791 383 3854 pacto
396 3782 494 3841 sortior
505 3783 573 3852 lieri,
590 3792 629 3840 ta·

103 3915 108 3925 .
182 3883 245 3925 men
266 3867 334 3924 brec
359 3868 414 3927 duo
443 3880 477 3928 ut
495 3874 629 3946 ,secretus

182 3965 377 4016 renovaretur
394 3968 422 4015 et
439 3968 473 4016 ut
483 3960 578 4039 legati
587 3960 631 4016 od

181 4060 249 4098 eom
265 4062 328 4101 rem
342 4047 503 4111 metamor
514 4057 569 4103 tam
587 4066 628 4101 ar·

771 1166 882 1223 haerere
898 1165 1034 1234 ridentur,
1052 1176 1083 1221 ut
1101 1185 1157 1222 non
1174 1187 1216 1222 au·

772 1255 825 1310 sim
847 1251 959 1311 alterum
976 1253 1010 1310 ab
1031 1251 1117 1309 altero
1135 1252 1216 1311 divel-

772 1338 838 1399 lere.
867 1349 895 1396 et
911 1359 976 1397 sane
998 1349 1056 1398 erat
1073 1360 1123 1397 cur
1138 1341 1216 1398 libra·

773 1429 807 1485 rii
823 1426 961 1485 llarleiani
977 1446 996 1488 1.
1014 1438 1043 1485 et
1059 1427 1138 1488 Letd.
1153 1448 1173 1489 ι.
1184 1463 1217 1473 -

772 1534 887 1592 quorum
903 1513 1012 1572 licentia
1030 1524 1071 1572 tot
1088 1515 1158 1574 locis
1175 1537 1217 1575 ve·

772 1622 830 1659 ram
852 1604 1013 1681 scripturam
1033 1612 1163 1660 mutatam
1181 1608 1217 1662 vi-

774 1690 869 1747 demus
891 1720 927 1731 -
949 1691 1105 1747 mittantur
1131 1711 1218 1748 emen·

774 1776 979 1845 datumvellent,
993 1788 1219 1856 cumpropterre·

772 1873 936 1921 novaretur
952 1865 1126 1925 scribendum
1138 1866 1220 1922 luisse

736 1959 739 1975 “
773 1954 959 2008 mitterentur
975 1952 1121 2021 videretur,
1139 1955 1164 2009 si
1175 1951 1219 2009 Li·

773 2039 834 2096 vius
846 2047 990 2115 utrumque
1002 2041 1115 2097 verbum
1126 2041 1161 2096 ad
1175 2041 1221 2098 de-

774 2128 904 2185 cernitur·
918 2126 1014 2184 referri
1025 2127 1164 2187 voluisset.
1181 2129 1221 2185 di·

775 2212 888 2286 ligentes
909 2224 999 2272 tamen
1022 2215 1147 2274 homines
1167 2236 1222 2272 non

773 2310 865 2377 potest
881 2301 990 2378 fugisse,
1008 2324 1071 2361 cum
1089 2305 1157 2360 alios
1176 2305 1222 2360 bo·

774 2408 825 2447 nos
843 2392 992 2467 scriptores
1004 2401 1062 2448 tum
1074 2393 1183 2451 Livium
1196 2400 1223 2445 et

774 2484 897 2552 tempora
915 2478 1060 2536 verborum
1079 2484 1106 2534 et'
1126 2478 1223 2536 modos

773 2573 925 2640 permutare
934 2565 1032 2635 solere,
1043 2568 1070 2624 si
1081 2567 1148 2642 quid
1158 2567 1223 2623 novi

775 2653 903 2713 momenti
921 2662 1022 2710 mutan
1037 2658 1159 2712 oratione
1176 2675 1221 2710 ex·

774 2740 943 2815 primendum
961 2741 1106 2810 videretur,
1124 2741 1158 2800 de
1170 2762 1222 2818 qua

774 2844 805 2881 re
822 2827 963 2896 ctt,19.:
981 2829 1105 2885 uideret.
1123 2831 1149 2895 6,
1162 2831 1221 2884 lb:

775 2913 804 2969 si
812 2915 879 2972 sint.
891 2935 941 2970 nee
947 2914 1056 2972 difficile
1063 2913 1169 2970 videtur
1177 2916 1220 2969 in-

774 2999 890 3069 tellecta,
900 3001 1008 3059 Livium
1017 3000 1220 3069 utrumme-

772 3096 876 3148 tantur
893 3090 1038 3159 scriberet,
1062 3088 1154 3146 dicere
1170 3108 1220 3143 vo-

774 3174 867 3244 luisse,
877 3175 1015 3235 decretum
1025 3176 1220 3255 esseutprimo

773 3283 893 3340 quoque
903 3274 1035 3340 tempore
1046 3264 1082 3320 de
1093 3285 1125 3320 ea
1141 3284 1172 3322 re
1182 3261 1220 3319 le·

773 3353 828 3426 goti
840 3354 1022 3408 mitterentur:
1040 3351 1098 3422 „da
1116 3351 1161 3408 die
1173 3349 1220 3407 all·

771 3440 893 3512 gemeine
910 3440 1065 3516 Aulregung
1088 3437 1158 3495 auch
1175 3438 1219 3494 be·

772 3544 922 3584 sonuenere
934 3527 1080 3584 Gemtitber
1091 3530 1142 3582 mit
1154 3525 1217 3582 lort-

771 3614 841 3683 riss,
866 3635 898 3671 so
917 3615 988 3672 wird
1007 3615 1057 3672 der
1073 3612 1218 3670 Besobluss

770 3699 886 3776 gesasat,
916 3703 980 3758 dass
1009 3703 1057 3758 das
1079 3699 1218 3759 Bfindniss

771 3789 822 3843 mit
848 3788 901 3846 den
927 3790 1068 3847 Samniten
1096 3799 1219 3846 erncuert

771 3873 872 3941 werde,
884 3877 939 3933 und
952 3877 1014 3934 dass
1026 3876 1147 3953 sogleich
1159 3877 1218 3933 des·

747 3959 832 4016 'halb
855 3962 991 4021 Gesandte
1014 3987 1048 4022 an
1070 3969 1112 4023 sie
1140 3965 1217 4037 ehge-

770 4047 876 4107 schielrt
893 4052 1039 4112 wiirdeu“.
1076 4112 1084 4125 ,
