2618 4590
166 257 210 324 54
632 263 740 325 ΗΒΜὶ
758 265 802 327 Vl.

214 424 217 435 '
254 428 356 499 XVII.
400 426 616 497 Audiebantur
634 427 743 519 itaque
764 428 931 519 propalam
952 451 1049 498 voces
1071 431 1263 527 exprobran-

166 535 248 605 tium
270 533 477 617 multitudini,
498 534 585 624 quod
607 532 790 602 defensores
811 557 888 602 suos
911 558 1039 627 semper
1059 535 1093 602 in
1114 537 1266 628 praecipi

167 652 234 708 tem
254 640 362 707 locum
383 639 494 708 favore
514 638 622 722 tollat,
648 638 761 706 deinde
783 637 909 730 inipso
935 640 1113 709 discrimine
1134 641 1268 732 periculi

169 744 326 812 destituat
362 743 409 812 sic
430 744 488 835 Sp.
511 743 658 811 Cassium
684 742 718 809 in
746 766 839 834 agros
867 744 995 834 plebem
1021 758 1193 815 vocantem
1219 748 1267 816 sic

137 849 225 941 tsp.
241 849 395 917 Maelium
417 850 458 917 ab
481 872 538 917 ore
559 849 676 917 civium
696 849 816 916 famem
837 849 903 916 suis
923 850 1063 942 inpensis
1079 852 1267 942 propulsan-

167 964 233 1022 tem
255 977 437 1045 oppressos,
459 952 506 1021 sic
526 953 572 1023 Μ.
594 953 749 1023 Manlium
770 977 909 1022 mersam
931 967 964 1023 et
985 957 1134 1025 obrutam
1155 956 1269 1025 fenore

166 1070 291 1150 partem
313 1059 447 1127 civitatis
468 1058 502 1126 in
522 1058 701 1129 libertatem
721 1083 761 1128 ac
787 1060 894 1128 lucem
921 1060 1143 1129 extrahentem
1163 1061 1269 1152 prodi-

165 1173 240 1237 tum
257 1163 403 1232 inimicis.
440 1162 581 1254 saginare
607 1166 737 1257 plebem
764 1166 937 1257 populares
963 1189 1041 1233 suos
1069 1176 1107 1233 ut
1127 1165 1269 1256 iugulen-

165 1276 227 1334 tur.
265 1268 381 1337 hocinc
402 1269 587 1358 patiendum
608 1271 721 1357 fuisse,
754 1271 782 1338 si
809 1272 850 1340 ad
877 1282 991 1338 nutum
1020 1269 1181 1338 dictatoris
1201 1293 1271 1338 non

119 1384 155 1441 lo
166 1373 366 1462 responderit
388 1374 437 1443 vir
458 1376 652 1445 consularis?
688 1378 844 1470 fingerent
869 1375 1039 1444 mentitum
1069 1385 1143 1442 ante
1169 1385 1270 1466 atque

238 1537 330 1600 codd:
346 1541 377 1598 in
387 1544 562 1623 praeeipitem
573 1563 681 1623 semper

128 1697 133 1707 „
235 1623 333 1688 locum.
346 1659 380 1671 ·-
392 1629 455 1689 PM:
470 1630 569 1689 deinde
580 1633 609 1691 in
618 1634 680 1709 ipso

235 1712 392 1772 discrimine
407 1717 524 1796 periculi
537 1719 681 1776 destituat:

235 1801 315 1869 „und
332 1802 405 1859 dann
421 1808 451 1860 in
469 1803 532 1861 dem
548 1806 682 1863 entscbei·

235 1886 342 1945 denden
359 1889 541 1965 Augenblicle
562 1891 611 1951 der
628 1891 682 1951 Ge·

234 1973 295 2031 fabr
311 1974 463 2037 verlasso“.

181 2060 208 2120 4.
234 2062 279 2119 sie
295 2061 347 2138 Sp.
372 2064 511 2122 Cassium
534 2067 566 2122 r‘n
588 2085 682 2147 agros

232 2149 347 2225 plebem
365 2162 533 2210 uocantem:
550 2151 608 2213 ΡΜ.
636 2153 682 2215 cl.

91 2277 93 2287 .
126 2232 129 2237 ’
234 2239 323 2314 2311.
340 2237 372 2293 In
388 2236 495 2297 Leidr.
513 2241 613 2296 excidit
632 2261 681 2298 uo-

234 2332 357 2382 cantem.
376 2355 410 2365 -
432 2323 473 2382 lli:
501 2328 545 2383 sic
562 2348 606 2400 sp.
624 2349 681 2387 me·

235 2410 316 2468 lium.
334 2409 371 2467 P:
384 2413 426 2467 sic
437 2413 559 2489 spurium
568 2413 681 2477 milium.

235 2494 439 2566 ct.4,13.-
467 2498 504 2557 P:
522 2521 636 2560 mersam
654 2513 682 2560 et

235 2584 357 2640 obrutam
376 2584 487 2642 foenore
503 2599 616 2664 partem.
639 2589 683 2648 M:

234 2670 375 2749 obruptam
393 2672 513 2734 foenore.

180 2775 207 2834 8.
233 2776 376 2855 saginare
390 2779 507 2853 plebem
518 2781 681 2854 populares

234 2881 324 2920 suos.-
341 2865 412 2925 Pur.
424 2867 450 2924 2.
462 2864 498 2924 Μ.
510 2898 544 2908 -
558 2865 579 2922 Ρ
591 2887 627 2928 m.
641 2871 680 2927 1.:

231 2951 375 3023 saginaret.
387 2985 423 2996 -
441 2953 474 3013 C.
487 2953 612 3012 Doberos
625 2976 680 3011 rna-

233 3032 306 3114 lebat
319 3057 392 3094 suos
405 3040 508 3097 abesse.
527 3038 570 3098 cf.
583 3043 610 3109 2,
622 3045 680 3099 22:

231 3121 404 3197 postulabant
422 3134 453 3179 ut
464 3135 511 3181 aut
521 3125 633 3183 referret
645 3130 680 3186 ad

233 3218 356 3265 senatum
373 3220 419 3268 aut
437 3220 467 3268 ut
490 3213 589 3269 auxilio
607 3226 680 3273 esset

162 3351 169 3363 ,
232 3294 329 3353 consul
345 3299 457 3358 civibus
472 3302 545 3370 suis,
563 3303 677 3381 impera·

230 3392 275 3440 tor
292 3383 431 3446 militibus.
449 3386 483 3447 al.

176 3487 205 3544 9.
231 3486 335 3543 hocine
343 3491 517 3563 patr‘endum
526 3491 633 3563 fuisse
650 3497 680 3553 oi

230 3574 274 3628 ad
301 3584 404 3632 nutum
431 3578 586 3636 dimotoris
615 3601 676 3637 nors

231 3663 416 3735 responderit
429 3667 477 3721 uir
489 3667 675 3724 consularis:

230 3745 265 3803 Μ.
293 3747 336 3807 Cf.
354 3751 380 3819 6,
399 3754 455 3810 16.:
473 3755 566 3812 sicine.
584 3785 619 3796 -
637 3753 674 3811 P:

229 3832 325 3891 hocine
346 3844 397 3904 (m.
415 3841 455 3897 9..
476 3840 607 3911 hoccine)
627 3862 674 3917 pa-

229 3922 349 3979 tiendum
367 3927 453 3981 luisse
467 3936 520 3986 est.
538 3928 613 3984 eiad
626 3950 673 3985 nu-

228 4017 285 4066 tum
302 4009 442 4066 dictatoris
461 4033 515 4068 non
528 4015 673 4090 responde·

228 4096 266 4155 rit
290 4106 341 4155 cet.
375 4097 443 4156 luds
456 4119 537 4161 ¹rece.
563 4102 673 4178 quidam

821 1549 873 1613 „et
889 1543 914 1600 si
932 1541 968 1598 ad
979 1545 1096 1599 natum“
1113 1538 1157 1598 vel
1175 1542 1269 1609 „utsi

821 1630 857 1687 ad
880 1634 1007 1688 nutum“.
1029 1660 1064 1672 ·-
1090 1627 1122 1684 In
1137 1626 1166 1684 Μ
1186 1647 1224 1686 m.
1241 1628 1271 1687 3.

821 1717 953 1795 scriptum
970 1723 1012 1772 est
1031 1710 1092 1772 non
1109 1715 1272 1789 responde·

820 1812 883 1862 ret:
900 1804 985 1880 idque
996 1802 1182 1881 recipiendum
1192 1801 1270 1862 vide·

821 1890 901 1947 batur
907 1888 1025 1947 librariis
1035 1889 1203 1968 quibusdam.
1218 1889 1271 1947 sed

811 1996 883 2034 cum
900 1976 954 2033 boc
971 1977 1034 2033 loco
1051 1976 1132 2033 dere
1150 1986 1209 2033 aeta
1227 1996 1270 2033 re·

821 2061 931 2130 leretur,
940 2062 1089 2140 perlectum
1098 2084 1271 2140 sequestrum

821 2147 912 2206 locum
930 2151 1034 2207 obtinet
1051 2171 1082 2207 ac
1106 2148 1271 2229 paulopost

823 2235 1023 2312 imperfectum,
1041 2239 1088 2296 ubi
1106 2239 1187 2295 dere
1205 2259 1270 2295 con·

822 2324 923 2379 iectura
952 2325 1126 2404 percipienda
1162 2335 1270 2401 agatore

822 2409 914 2479 „habe
924 2414 969 2468 ein
979 2412 1060 2470 illann
1072 2413 1121 2469 der
1138 2413 1186 2470 das
1196 2412 1272 2471 Cou-

821 2498 892 2554 sulat
910 2498 1044 2557 belleides
1065 2501 1124 2557 eine
1142 2520 1174 2557 so
1191 2498 1271 2558 barte

821 2584 911 2642 Strase
920 2587 1050 2657 verdicnt‚
1063 2608 1144 2643 wenn
1156 2608 1185 2644 er
1193 2587 1271 2645 nicht

822 2671 911 2746 gleicb
947 2673 995 2732 auf
1027 2674 1080 2732 den
1104 2673 1190 2731 Winl
1219 2675 1269 2732 des

821 2759 961 2818 Dictators
984 2767 1184 2837 geantwortet“
1212 2783 1269 2820 non

821 2868 924 2916 „wenn
949 2868 979 2905 er
1002 2848 1079 2905 nicht
1100 2848 1186 2908 britte
1207 2858 1266 2907 ont·

820 2945 929 2992 worten
945 2937 1092 2995 kdrrnen“.

751 3024 795 3083 10.
812 3022 970 3100 fingerent
996 3025 1148 3080 mentitum
1179 3033 1268 3083 ante.-

820 3106 878 3167 ΡΜ.
895 3109 1010 3177 Autem,
1028 3110 1102 3187 quod
1120 3111 1154 3167 ad
1164 3110 1268 3192 finge·

819 3204 886 3252 rent
910 3192 988 3250 facile
1017 3197 1138 3276 suppleri
1166 3209 1269 3279 potest,

818 3281 884 3342 Tan.
892 3281 979 3340 Faber
990 3282 1051 3341 loco
1064 3283 1187 3344 adverbii
1195 3296 1269 3346 onte

752 3429 754 3433 ,
817 3373 884 3450 poni
902 3369 1001 3428 voluit:
1023 3371 1073 3429 sed
1096 3394 1146 3430 nec
1170 3372 1269 3432 deesse

817 3467 1008 3536 potestante,
1034 3480 1085 3516 nec
1108 3461 1193 3517 scribi
1211 3463 1266 3519 nisi

810 3546 966 3624 fingerent
986 3557 1085 3605 autem
1102 3550 1266 3611 mentitum.

815 3663 851 3675 -
879 3629 919 3689 ill:
950 3655 1027 3703 „non
1056 3635 1197 3692 habuisset
1226 3633 1268 3715 qt

815 3729 873 3778 tum
893 3723 1068 3801 responderet
1085 3726 1130 3780 cui
1152 3744 1266 3782 seruum

814 3815 867 3888 qni
884 3809 1016 3868 mendacii
1028 3831 1142 3891 paenam
1153 3811 1265 3869 uincula

813 3930 928 3994 fuisse“.
954 3956 990 3992 m.
1008 3937 1047 3992 3.=
1066 3936 1133 4004 „eui
1151 3904 1264 3993 serium

813 4028 864 4095 qui
894 4021 1028 4078 mendacii
1057 4027 1181 4100 poena“.
1222 4022 1260 4080 P:

812 4108 881 4176 „cui
901 4127 981 4166 seruo
1004 4129 1129 4188 umquam
1147 4111 1260 4168 menda-
