2618 4590
180 253 224 330 aa
540 210 544 217 ’
650 262 758 323 nram
775 263 820 324 vr.

180 427 238 495 His
260 425 458 495 sermonibus
481 435 547 493 tota
568 425 601 490 in
623 440 659 491 se
682 436 838 495 averterat
860 438 971 510 castra,
994 437 1026 494 et
1043 450 1117 493 cum
1133 426 1282 497 omnibus

181 531 261 599 loeis
289 541 474 622 posceretm
502 552 624 621 pugna,
659 531 837 614 „sustinere
845 537 863 568 “
890 532 992 622 inquit
1020 531 1089 614 ,,Μ.
1112 530 1186 597 Puri
1215 554 1281 599 non

75 662 79 667 ·
179 659 350 727 possumus
372 636 528 725 impetmn
549 634 702 716 militum,
737 647 769 703 et
797 636 915 719 hostis,
943 636 1032 704 euius
1060 635 1183 702 animos
1207 659 1281 702 cun-

182 741 295 808 etando
324 740 483 823 auximus,
519 740 583 805 iam
611 739 740 806 minime
768 740 932 808 toleranda
963 740 1110 830 superbia
1133 740 1280 806 insultatz

64 876 69 893 ι
149 847 256 917 5cede
277 869 360 911 unus
383 844 531 911 omnibus
554 855 586 910 et
608 855 716 934 patere
742 856 775 912 te
796 846 880 913 vinci
909 845 1039 912 consilio
1062 855 1099 910 ut
1125 844 1280 911 maturius

178 949 264 1018 bello
286 950 429 1018 vineas“.
465 949 506 1014 ad
528 971 566 1014 ea
580 947 743 1032 Camillus,
765 973 847 1040 quae
870 948 954 1015 bella
976 973 1036 1014 suo
1059 948 1152 1014 unius
1177 948 1278 1038 auspi·

178 1056 228 1123 cio
251 1066 340 1146 gesta
363 1054 403 1122 ad
426 1078 499 1128 eam
521 1053 606 1119 diem
628 1065 748 1136 essent,
775 1065 890 1144 negare
911 1052 944 1119 in
967 1052 1012 1119 eis
1038 1075 1143 1142 neque
1166 1076 1202 1120 se
1225 1076 1278 1119 ne-

178 1185 242 1251 que
265 1158 424 1254 populum
437 1157 618 1225 Romanum
639 1171 693 1229 aut
716 1158 837 1229 consilii
858 1157 908 1224 sui
930 1167 984 1222 aut
1006 1155 1151 1224 fortunae
1174 1157 1279 1248 paeni-

177 1260 292 1338 tuisse:
329 1286 413 1328 nunc
435 1261 515 1328 scire
538 1286 573 1329 se
597 1263 753 1352 collegam
774 1262 892 1330 habere
914 1260 982 1327 iure
1003 1259 1202 1352 imperioque
1225 1286 1278 1352 pa-

132 1385 167 1440 m
181 1392 260 1460 rem²
281 1365 391 1457 vigore
411 1365 521 1432 aetatis
542 1378 770 1456 praestantem:
797 1367 904 1455 itaque
927 1388 963 1432 se
989 1365 1078 1454 quod
1099 1367 1139 1433 ad
1162 1367 1279 1433 exerci-

176 1483 248 1538 tmn
270 1469 400 1537 attineat
420 1493 530 1558 regere
552 1493 726 1537 consuesse
749 1494 815 1537 non
836 1471 916 1560 regi,
946 1470 1088 1558 collegae
1109 1469 1279 1559 imperium

77 1637 80 1642 .
177 1598 213 1641 se
221 1584 289 1639 non
298 1596 395 1666 posse
405 1572 563 1662 inpedire:
576 1575 633 1641 diis
644 1575 725 1649 bene
736 1574 915 1640 iuvantibus
926 1584 1034 1664 ageret
1045 1576 1133 1672 quod
1145 1598 1163 1641 e
1176 1599 1210 1640 re
1221 1599 1277 1665 pu-

176 1678 259 1752 bliea
276 1679 416 1746 duceret.
438 1679 534 1746 aetati
548 1702 624 1746 suae
642 1703 676 1745 se
692 1679 818 1746 veniam
837 1676 933 1746 etiam
947 1692 1057 1769 petere
1072 1702 1113 1747 ne
1129 1677 1162 1743 in
1176 1679 1277 1770 prima

195 1829 220 1887 l.
247 1836 399 1883 auerterat
421 1826 529 1895 (seila
548 1825 691 1898 CamilloJ:

245 1913 303 1972 ΡΜ.
325 1945 360 1955 -
384 1913 510 1992 Plerique
531 1935 613 1974 rece:
638 1915 691 1971 ad·

245 2011 371 2061 uerterat.
408 2001 451 2061 Cl.
477 2005 506 2071 1,
528 2005 571 2062 ts.
594 2001 627 2060 al
656 2034 690 2044 -—

832 1827 999 1897 „Servilium
1035 1827 1185 1906 negabant
1220 1827 1278 1882 iure

832 1923 886 1970 aut
914 1914 1050 1970 tribunum
1076 1911 1164 1991 plebis
1194 1912 1278 1970 fuisse

832 2010 885 2058 out
907 2000 1021 2057 aedilem
1047 2004 1136 2056 osse“.
1167 2000 1211 2069 27,
1236 2000 1277 2057 4.:

246 2089 324 2147 Voss.
344 2109 371 2148 n.
391 2088 438 2148 als
457 2099 507 2158 „et
525 2110 588 2146 cum
605 2090 691 2145 omni·

245 2177 297 2237 bus
314 2175 383 2232 locis
398 2185 548 2250 peteretur
568 2195 656 2253 pugna
664 2182 689 2234 “.

246 2262 311 2319 —P
321 2282 355 2320 ιιι.
367 2265 406 2321 1.:
416 2264 561 2338 inquid-
569 2262 644 2318 Leid.
655 2282 672 2319 1.
682 2280 690 2316 τ

189 2416 192 2421 ὁ
245 2369 300 2403 non
318 2350 461 2426 possimus.
474 2381 506 2390 —
521 2348 603 2406 Reos.
614 2348 691 2403 multi

246 2434 342 2493 codd:
373 2437 449 2491 euius
475 2439 597 2492 animum
626 2455 691 2491 cun·

247 2520 342 2577 ctando
362 2527 491 2582 auximus.
507 2555 541 2564 -
558 2522 594 2579 P:
612 2521 691 2578 tolle·

245 2608 524 2670 randa.Harl.1.:iam
534 2612 642 2666 minime
649 2618 689 2664 to-

245 2695 355 2752 leranda
373 2700 405 2753 in
419 2697 543 2774 superbia
557 2695 678 2753 insultat.

832 2088 903 2156 „sed
920 2088 1024 2144 litterae
1041 2120 1076 2130 —
1095 2106 1186 2144 euram
1211 2087 1276 2142 inie-

832 2185 923 2230 oerant
952 2196 990 2232 ne
1019 2184 1072 2232 aut
1098 2172 1235 2231 consulem
1262 2195 1277 2229 a

831 2261 902 2317 bello
916 2274 1056 2319 avocarent
1067 2271 1121 2318 aut
1131 2263 1160 2317 in
1178 2280 1278 2316 annum

833 2348 957 2406 consules
975 2351 1128 2406 deesseut“.
1145 2349 1172 2416 5,
1185 2349 1229 2406 46.
1243 2347 1276 2406 al.

831 2439 858 2504 o,
881 2440 938 2494 ld:
969 2438 1105 2505 „nullius
1127 2455 1181 2490 nec
1205 2434 1275 2492 oculi

833 2545 886 2581 saec
903 2544 981 2580 aures
1003 2522 1189 2597 indignitatem
1208 2521 1276 2578 lere·

832 2613 912 2679 bant,
935 2611 984 2667 sed
1002 2613 1101 2666 invicta
1118 2609 1172 2664 sibi
1192 2612 1274 2685 'quae

833 2696 895 2753 dam
914 2730 946 2738 -
969 2701 1063 2754 civitas
1086 2697 1198 2763 lecerat,
1222 2717 1276 2753 nec

830 2785 958 2841 adversus
977 2784 1144 2840 dictatoriam
1156 2785 1212 2840 vim
1223 2792 1277 2839 out

245 2875 271 2930 2.
288 2871 324 2928 tt.
337 2905 372 2915 —
390 2873 413 2929 P
429 2893 464 2930 m.
485 2876 522 2930 l.:
542 2871 635 2929 sedus.
655 2903 688 2911 -
830 2875 933 2929 tribuni
951 2871 1038 2948 plebis
1055 2881 1109 2927 aut
1121 2873 1185 2952 ipsa.
1198 2868 1276 2943 plebs

242 2959 327 3018 Paulo
357 2969 419 3035 post
445 2959 467 3015 P
494 2980 529 3018 m.
561 2962 601 3018 1.:
632 2958 690 3026 „ad
830 2960 950 3015 attollere
959 2959 1051 3015 oeulos
1061 2957 1275 3016 outbiseerean·

244 3047 372 3102 eamdem
402 3047 507 3102 diem“:
542 3046 591 3100 sed
622 3047 689 3102 dem
832 3047 961 3104 debant“.

712 3151 714 3161 ¹
761 3133 804 3190 1⁸2.
831 3133 890 3189 diis
908 3133 1278 3211 beneiuaontibuaageret

832 3219 915 3292 quod
925 3226 1003 3294 erupi.
1015 3222 1153 3278 duceret.-
1170 3219 1227 3295 ΡΜ.
1241 3252 1275 3261 -

830 3303 908 3364 Leid.
919 3324 951 3363 n:
962 3327 1015 3381 quo
1027 3307 1060 3364 de
1069 3312 1125 3386 sep.
1143 3302 1222 3365 Voss.
1232 3326 1275 3366 sn:

831 3392 905 3468 quod
923 3393 957 3447 de
975 3401 1030 3471 sep.
1262 3397 1270 3414 ⁰

762 3481 804 3536 13.
833 3481 926 3534 aetati
934 3500 1006 3536 snae
1015 3502 1048 3538 se
1058 3482 1175 3540 ueniam
1187 3483 1277 3537 stiam

822 3575 928 3642 petere
945 3586 981 3622 ne
994 3569 1024 3621 in
1034 3569 1132 3642 prima
1148 3569 1213 3624 acie
1230 3590 1277 3625 es·

122 2805 128 2819 -·
192 2786 217 2840 5.
244 2784 411 2842 cede‘umar
438 2787 585 2842 omnibus:
609 2782 630 2838 P
654 2802 690 2841 ιιι.

245 3150 349 3188 erasum
371 3142 419 3190 est.

191 3220 217 3276 7.
245 3237 356 3296 negare
373 3220 405 3273 in
423 3220 466 3274 eis
478 3238 574 3292 neque
589 3238 623 3273 ee
641 3238 689 3274 ne·

244 3326 302 3380 que
310 3310 428 3379 piloni
438 3306 556 3360 consilii
571 3307 621 3360 sui
637 3313 691 3360 aut

238 3391 387 3464 fortunae
406 3393 605 3467 paenituisse:
632 3391 689 3459 Pst

70 3537 79 3546 ,
151 3494 154 3499 ’
243 3478 331 3547 cta,
349 3483 406 3538 26.:
425 3500 508 3548 „non
525 3478 587 3534 tulit
602 3500 689 3557 popu-

69 3560 77 3573 *
198 3578 201 3584 ’
243 3563 286 3620 lus
310 3587 363 3624 nec
385 3570 468 3642 patris
493 3565 617 3622 lacrimas
635 3589 692 3624 nea

243 3653 330 3728 ipsius
351 3674 443 3728 parem
464 3656 493 3710 in
518 3655 590 3709 omni
616 3656 688 3731 peri·

244 3738 304 3793 culo
323 3742 470 3800 animum“.
496 3743 521 3808 1,
539 3743 597 3800 36.:
616 3763 688 3810 „nes
729 3758 730 3762 ’

241 3845 318 3903 gare
347 3827 427 3882 Attus
456 3827 557 3884 Navius
593 3849 689 3905 neque
724 3858 727 3865 ·

209 3925 210 3930 ’
243 3915 342 3969 mutari
359 3933 456 3989 neque
473 3935 571 3972 novum
590 3917 688 3972 consti·

236 4001 295 4067 tui,
331 4000 385 4056 nisi
416 4021 478 4056 aves
513 4002 688 4069 addixissent,

218 4109 220 4122 ·
242 4093 354 4162 posse“.
373 4090 423 4157 ἢὸ,
443 4091 483 4147 13.
502 4089 536 4150 al.
563 4091 612 4159 27,
630 4091 687 4146 PL:

831 3663 890 3710 set:
909 3652 964 3711 ΡΜ.
982 3655 1097 3722 Euam,
1116 3675 1197 3730 quam
1215 3676 1277 3733 par-

830 3739 938 3811 tieulam
947 3742 1228 3820 interpretesqnidam
1242 3744 1277 3799 ad

829 3831 923 3887 aetati
939 3849 1013 3884 aune
1030 3829 1198 3886 referendam
1216 3831 1303 3886 es‘se*

829 3903 998 3983 censuerunt,
1010 3918 1127 3991 pertinet
1135 3917 1170 3972 ad
1181 3939 1219 3974 ne
1231 3939 1277 3974 es·

829 4012 882 4069 set,
910 4002 984 4079 quod
1001 4011 1106 4079 praeter
1124 4004 1174 4060 alia
1194 4006 1277 4073 etiam

826 4087 905 4146 locus
917 4079 992 4148 voela
1010 4089 1140 4175 postulat:
1160 4111 1216 4160 „se
1232 4112 1278 4151 re·
