2618 4590
173 252 218 321 92
465 350 469 361 Ι
640 263 751 323 unna
768 265 812 326 Vl.

174 429 262 499 mani
284 427 325 495 ad
353 427 493 496 edietum
518 428 587 496 elne
615 427 838 497 retractatione
870 449 1060 497 convenere.
1097 427 1175 495 dnm
1203 451 1278 497 con

174 533 321 603 acribitm
341 530 465 599 Romae
487 532 655 618 exercitus,
677 544 780 601 caatm
801 532 929 602 interim
943 532 1084 601 hostiurn
1105 531 1193 599 haud
1207 557 1278 623 pro

175 638 230 707 eul
249 636 321 706 Alia
342 636 473 704 flumine
494 637 607 728 posita,
627 636 702 703 inde
723 661 835 727 agrum
856 639 920 705 late
934 636 1125 729 populantes
1147 636 1279 704 fatalem

176 766 212 811 ae
233 742 304 808 urbi
325 741 490 811 Romanae
512 742 623 810 locum
643 741 766 831 cepisse
788 742 870 810 inter
891 766 927 809 ee
947 741 1121 823 iactabant,
1140 741 1279 808 similem

145 859 330 938 tpavorem
350 847 425 914 inde
448 870 487 913 ae
507 847 617 937 lugam
637 845 708 913 fore
722 870 761 917 ec
775 846 862 914 bello
874 846 997 913 Gallico
1011 846 1121 912 fuerit:
1144 845 1278 914 etenim

173 953 202 1021 ei
223 952 309 1020 diem
331 963 516 1021 contactum
537 950 690 1041 religione
716 951 938 1042 insignemque
965 951 1095 1019 nomine
1123 949 1191 1017 eiua
1213 949 1278 1017 loci

164 1057 307 1127 ,timeant
326 1056 474 1139 Romani,
496 1066 617 1147 qrranto
639 1053 739 1144 magia
752 1055 873 1123 Aliensi
894 1057 945 1123 die
959 1055 1066 1123 Aliam
1086 1053 1190 1144 ipaam
1209 1076 1277 1121 mo

172 1174 364 1237 numentum
389 1172 497 1229 tantae
525 1160 624 1228 cladis
656 1158 938 1227 reforrnidaturos?
973 1160 1098 1249 species
1130 1159 1277 1250 prolecto

172 1266 222 1334 his
244 1266 289 1339 ibi
310 1278 418 1339 truoes
433 1265 600 1335 Gallorum
621 1288 801 1357 sonumque
822 1264 912 1332 vocis
933 1262 967 1331 in
989 1263 1090 1332 oculis
1105 1273 1202 1355 atque
1223 1287 1276 1329 au·

125 1371 259 1442 roribus
279 1371 360 1439 iore.
399 1368 458 1438 has
479 1370 621 1443 inanium
642 1393 749 1436 rerum
770 1370 880 1460 inanes
895 1368 981 1458 ipsas
1002 1367 1170 1437 volventes
1195 1367 1277 1458 cogi-

170 1476 306 1544 tationes
327 1476 475 1544 fortunae
497 1474 561 1544 loci
583 1474 807 1565 delegaverant
825 1496 900 1567 spes
922 1496 1007 1542 sues.
1044 1471 1182 1540 Romani
1203 1494 1277 1541 con-

189 1707 215 1765 1.
242 1706 451 1765 conscribitur:
462 1704 521 1765 PM.
531 1702 686 1764 -Leidna
830 1724 867 1762 an
884 1702 946 1762 dem
960 1703 1005 1761 die
1017 1688 1146 1759 Sclrliclrt
1156 1699 1277 1778 gelielert

240 1794 377 1852 scribitur.
404 1826 438 1836 -
467 1791 531 1850 Plll:
561 1795 688 1850 interim.
828 1791 943 1848 worden
960 1788 1242 1861 znrdelachandern“.

240 1876 322 1939 Reae.
345 1880 420 1955 quid.
448 1878 541 1936 codd:
570 1879 686 1938 intereo.
730 1878 734 1885 ’
775 1882 802 1938 9.
829 1879 879 1936 laia
891 1880 940 1938 idi.
953 1874 1274 1939 -Pnlteitrflartra

240 1997 275 2009 -
298 1965 333 2025 P:
360 1966 432 2024 haud
454 1965 549 2043 procul
572 1967 634 2027 ana.
663 1965 687 2022 P
828 1964 874 2022 hia
892 1965 956 2024 eibi.
984 1965 1029 2026 Cf.
1046 1962 1160 2022 Tsstivi
1176 1962 1274 2028 lrxxx.

239 2075 275 2114 m.
293 2056 319 2113 2.
337 2053 378 2112 tt:
398 2054 469 2111 haud
484 2053 580 2133 procul
599 2056 674 2113 allia.
827 2074 856 2135 p.
874 2071 948 2114 xnrn.
962 2072 1001 2112 nr.
1021 2084 1056 2096 -
1073 2050 1140 2110 Pall.
1158 2048 1237 2109 vora.
1247 2067 1276 2111 ¹1.

185 2140 211 2198 6.
238 2141 687 2220 aidiemcontactumreligione:
806 2139 877 2197 'al.:
895 2139 941 2194 hie
959 2140 1021 2200 sthi.
1091 2166 1094 2173 ·

237 2228 300 2284 Pul:
326 2230 380 2283 nisi
403 2228 477 2304 quod
500 2231 530 2283 in
551 2227 574 2284 P
596 2230 685 2303 primo
774 2257 808 2269 -·
827 2227 860 2285 in
896 2226 990 2283 oculis
1022 2222 1114 2303 atque
1150 2223 1274 2283 auribus

237 2314 388 2392 relegioae
404 2315 512 2370 videtur
534 2313 627 2373 luisse.
649 2344 685 2356 -

237 2399 311 2458 Harl.
321 2419 338 2458 1.
349 2399 426 2463 Laid,
435 2420 452 2459 ι.
470 2400 517 2458 al:
535 2399 608 2456 diem
620 2421 684 2457 con·

238 2495 364 2545 tractum.
391 2519 426 2528 —
455 2486 487 2543 ln
510 2485 589 2544 Leid.
606 2507 625 2546 ι.
649 2487 683 2547 al.

236 2576 369 2653 seriptum
382 2584 422 2631 est
433 2583 553 2631 teneant
564 2593 614 2653 pro
627 2577 683 2642 „ti-

235 2668 357 2721 meant“.
386 2692 421 2702 -
450 2661 488 2721 P:
516 2660 610 2718 eliensi
638 2661 683 2717 die

236 2747 316 2808 eliam
333 2751 432 2833 ipsam..
458 2771 495 2810 m
518 2751 557 2810 Ἅι
583 2746 682 2808 alliam.

232 2834 275 2895 It:
304 2835 409 2899 alliensi
436 2837 481 2893 die
507 2835 596 2893 alliam
622 2839 683 2915 ipsa

233 2935 437 2983 monumentum
456 2933 507 2983 eet.
525 2957 561 2966 -
584 2922 681 2980 Incon-

232 3010 302 3067 eulte
327 3011 395 3069 Tan.
420 3010 507 3070 Faber
536 3012 622 3069 euasit
650 3020 681 3068 ut

233 3097 360 3164 „Aliensi
380 3096 448 3151 die“
471 3107 678 3175 expungeretur:

232 3182 335 3252 „Denn
353 3202 434 3238 wenn
452 3181 496 3237 die
507 3181 609 3238 Romen
625 3183 678 3240 den

230 3269 288 3346 Τις
304 3269 403 3338 echon,
427 3290 461 3327 an
480 3268 532 3325 den
554 3270 614 3325 sich
632 3270 677 3328 dio

228 3356 677 3441 traungeBegebenlreitgelpnfiplt,

228 3443 268 3500 als
302 3447 381 3502 einen
409 3444 675 3520 verhtngnieevollen

226 3529 376 3592 ffirelrteten
402 3531 459 3589 nnd
484 3531 532 3588 ilrn
562 3530 673 3593 dealralb

227 3615 313 3676 durch
331 3619 384 3673 den
400 3618 504 3679 Namen
522 3619 571 3675 deo
590 3619 675 3678 orrea

226 3701 384 3761 hemerlbar
412 3707 536 3781 gemacht
569 3696 671 3775 hatten,

225 3809 273 3847 nm
298 3794 353 3847 wie
374 3792 428 3848 viel
455 3795 532 3851 mehr
555 3794 671 3853 wurden

224 3878 266 3935 eie
283 3876 356 3935 dann
372 3899 423 3939 vor
441 3881 489 3937 der
500 3881 560 3938 Alia
577 3881 670 3951 selbst,

224 3965 271 4023 die
298 3966 358 4025 ilrre
387 3986 481 4044 greeae
509 3968 670 4046 Niederlage

222 4054 373 4131 remige,
393 4054 434 4113 ala
450 4076 502 4116 vor
518 4056 581 4116 dem
596 4055 669 4134 Tage

820 2310 913 2384 fore:
930 2310 981 2368 ΡΜ
992 2310 1069 2375 Leid.
1080 2332 1098 2372 1.
1111 2310 1157 2384 al]
1169 2314 1197 2367 in
1210 2329 1273 2366 oen·

825 2395 861 2454 lia
870 2408 949 2476 atque
959 2401 986 2455 in
994 2401 1103 2456 auribus
1112 2399 1171 2456 lore
1180 2397 1274 2468 (tlt).

826 2482 871 2543 Cl.
888 2485 969 2563 paulo
993 2496 1055 2543 ante
1077 2505 1272 2556 „coneursum-

825 2592 879 2651 que
905 2575 937 2629 in
958 2595 1050 2635 moros
1074 2584 1155 2657 atque
1177 2582 1274 2654 portae

825 2663 898 2719 est“.
917 2692 952 2703 --
972 2661 1013 2719 ll:
1031 2662 1180 2732 „uolentes
1199 2661 1271 2735 cogi·

824 2749 972 2809 tationee“.
1008 2748 1044 2805 P:
1074 2748 1271 2819 ‚‚uolnentee“.

823 2837 1270 2914 anmmamigitnrvietorieeapem‚

823 2943 904 3005 qnam
921 2926 951 2979 in
963 2943 993 2979 se
1003 2944 1035 2980 ae
1047 2926 1147 2983 virtute
1160 2943 1209 2985 ena
1219 2943 1269 3001 po·

820 3029 887 3065 nere
900 3009 1039 3079 debebant,
1056 3009 1226 3070 Praeneetini
1239 3012 1269 3067 in

820 3093 877 3152 loei
894 3100 1096 3179 opportunitate
1111 3105 1268 3178 posuerant.

749 3185 794 3247 11.
819 3184 950 3241 Romani
965 3192 1070 3241 contro
1092 3186 1269 3260 ubicumque

819 3280 899 3331 earet
919 3273 1045 3329 Latinus
1071 3272 1168 3329 hostie
1190 3273 1266 3327 satie

818 3362 910 3416 aciae:
928 3358 985 3417 Pul.
1013 3358 1099 3418 Scire
1114 3358 1265 3420 infinitivus

816 3445 913 3504 histor.
930 3444 1062 3503 hocloco
1079 3447 1187 3504 videtur
1204 3463 1266 3501 eoae

816 3553 867 3591 nec
888 3532 1070 3615 supplendum
1096 3553 1142 3601 ae,
1170 3551 1263 3613 quam·

815 3642 897 3703 quam
914 3623 952 3677 ita
969 3640 1051 3700 saepe
1068 3642 1083 3676 a
1098 3618 1177 3677 Livio
1195 3620 1263 3675 aeri·

812 3705 891 3791 ptum
909 3717 958 3769 est.
977 3729 1019 3767 ex.
1036 3728 1076 3789 gr.
1096 3710 1122 3775 1,
1137 3711 1176 3765 9.=
1194 3726 1261 3775 „ea-

812 3797 850 3853 tis
867 3798 947 3864 scire,
965 3798 1063 3871 origini
1080 3792 1219 3850 Romanae
1233 3802 1262 3850 et

813 3882 880 3943 deos
898 3883 1016 3943 adfuisse
1034 3891 1061 3938 at
1078 3901 1133 3939 non
1155 3880 1259 3937 deintu-

811 3991 870 4029 ram
876 3973 1018 4029 victoriam
1023 3974 1048 4027 “.
1061 3972 1152 4035 3⁰‚7.:
1162 3970 1259 4039 „seire

809 4057 937 4117 incendio
955 4077 1010 4116 non
1026 4054 1132 4139 proelio
1154 4055 1258 4114 cladem
