<?xml version="1.0" encoding="UTF-8"?>
<!DOCTYPE html PUBLIC "-//W3C//DTD XHTML 1.0 Transitional//EN"
    "http://www.w3.org/TR/xhtml1/DTD/xhtml1-transitional.dtd">
<html xmlns="http://www.w3.org/1999/xhtml" xml:lang="en" lang="en">
 <head>
  <title>
</title>
<meta http-equiv="Content-Type" content="text/html;charset=utf-8" />
  <meta name='ocr-system' content='tesseract 3.04.00' />
  <meta name='ocr-capabilities' content='ocr_page ocr_carea ocr_par ocr_line ocrx_word'/>
</head>
<body>
  <div class='ocr_page' id='page_1' title='image "./titilivirerumro01alscgoog_0562.png"; bbox 0 0 2618 4590; ppageno 0'>
   <div class='ocr_carea' id='block_1_1' title="bbox 167 266 801 340">
    <p class='ocr_par' dir='ltr' id='par_1_1' title="bbox 167 266 801 340">
     <span class='ocr_line' id='line_1_1' title="bbox 167 266 801 340; baseline 0.009 -6"><span class='ocrx_word' id='word_1_1' title='bbox 167 266 232 335; x_wconf 75' lang='lat' dir='ltr'><strong>nlo</strong></span> <span class='ocrx_word' id='word_1_2' title='bbox 628 276 736 339; x_wconf 72' lang='lat' dir='ltr'><strong>mult</strong></span> <span class='ocrx_word' id='word_1_3' title='bbox 753 278 801 340; x_wconf 65' lang='lat' dir='ltr'><strong>lx</strong></span> 
     </span>
    </p>
   </div>
   <div class='ocr_carea' id='block_1_2' title="bbox 82 434 1265 1585">
    <p class='ocr_par' dir='ltr' id='par_1_2' title="bbox 167 434 1262 537">
     <span class='ocr_line' id='line_1_2' title="bbox 167 434 1262 537; baseline -0.002 -25"><span class='ocrx_word' id='word_1_4' title='bbox 167 442 241 512; x_wconf 85' lang='lat' dir='ltr'><strong>inde</strong></span> <span class='ocrx_word' id='word_1_5' title='bbox 263 442 374 512; x_wconf 88' lang='lat' dir='ltr'><strong>litteris</strong></span> <span class='ocrx_word' id='word_1_6' title='bbox 396 442 537 512; x_wconf 88' lang='lat' dir='ltr'><strong>eruditus</strong></span> <span class='ocrx_word' id='word_1_7' title='bbox 559 453 628 511; x_wconf 89' lang='lat' dir='ltr'><strong>erat</strong></span> <span class='ocrx_word' id='word_1_8' title='bbox 641 442 845 537; x_wconf 77' lang='lat' dir='ltr'><strong>linguamque</strong></span> <span class='ocrx_word' id='word_1_9' title='bbox 859 440 1036 513; x_wconf 83' lang='lat' dir='ltr'><strong>Etruscam</strong></span> <span class='ocrx_word' id='word_1_10' title='bbox 1057 434 1174 536; x_wconf 82' lang='lat' dir='ltr'>probe</span> <span class='ocrx_word' id='word_1_11' title='bbox 1194 463 1262 510; x_wconf 80' lang='lat' dir='ltr'><strong>uara</strong></span> 
     </span>
    </p>

    <p class='ocr_par' dir='ltr' id='par_1_3' title="bbox 82 546 1264 746">
     <span class='ocr_line' id='line_1_3' title="bbox 82 546 1264 641; baseline -0.001 -24"><span class='ocrx_word' id='word_1_12' title='bbox 82 566 87 577; x_wconf 93' lang='grc'><strong><em>·</em></strong></span> <span class='ocrx_word' id='word_1_13' title='bbox 168 558 226 617; x_wconf 81' lang='lat' dir='ltr'><strong>rat</strong></span> <span class='ocrx_word' id='word_1_14' title='bbox 263 546 370 617; x_wconf 86' lang='lat' dir='ltr'><strong>habeo</strong></span> <span class='ocrx_word' id='word_1_15' title='bbox 394 561 540 617; x_wconf 76' lang='lat' dir='ltr'><strong>auctores</strong></span> <span class='ocrx_word' id='word_1_16' title='bbox 561 548 659 640; x_wconf 87' lang='lat' dir='ltr'><strong>vulgo</strong></span> <span class='ocrx_word' id='word_1_17' title='bbox 675 559 745 615; x_wconf 90' lang='lat' dir='ltr'><strong>tum</strong></span> <span class='ocrx_word' id='word_1_18' title='bbox 759 548 923 617; x_wconf 88' lang='lat' dir='ltr'><strong>Romanos</strong></span> <span class='ocrx_word' id='word_1_19' title='bbox 938 570 1066 641; x_wconf 85' lang='lat' dir='ltr'><strong>pueros</strong></span> <span class='ocrx_word' id='word_1_20' title='bbox 1081 548 1138 617; x_wconf 87' lang='lat' dir='ltr'><strong>sic</strong></span> <span class='ocrx_word' id='word_1_21' title='bbox 1152 559 1264 617; x_wconf 82' lang='lat' dir='ltr'><strong>utum</strong></span> 
     </span>
     <span class='ocr_line' id='line_1_4' title="bbox 170 652 1263 746; baseline -0.004 -23"><span class='ocrx_word' id='word_1_22' title='bbox 170 652 299 723; x_wconf 78' lang='lat' dir='ltr'><strong>Graecis</strong></span> <span class='ocrx_word' id='word_1_23' title='bbox 320 655 364 723; x_wconf 90' lang='lat' dir='ltr'><strong>ita</strong></span> <span class='ocrx_word' id='word_1_24' title='bbox 386 653 529 722; x_wconf 82' lang='lat' dir='ltr'><strong>Etruscis</strong></span> <span class='ocrx_word' id='word_1_25' title='bbox 549 652 661 722; x_wconf 87' lang='lat' dir='ltr'><strong>litteris</strong></span> <span class='ocrx_word' id='word_1_26' title='bbox 684 652 799 721; x_wconf 89' lang='lat' dir='ltr'><strong>erudiri</strong></span> <span class='ocrx_word' id='word_1_27' title='bbox 825 653 953 738; x_wconf 84' lang='lat' dir='ltr'><strong>solitos,</strong></span> <span class='ocrx_word' id='word_1_28' title='bbox 982 653 1047 722; x_wconf 82' lang='lat' dir='ltr'><strong>sed</strong></span> <span class='ocrx_word' id='word_1_29' title='bbox 1075 653 1218 746; x_wconf 88' lang='lat' dir='ltr'><strong>propius</strong></span> <span class='ocrx_word' id='word_1_30' title='bbox 1233 661 1263 719; x_wconf 81' lang='lat' dir='ltr'><strong>cst</strong></span> 
     </span>
    </p>

    <p class='ocr_par' dir='ltr' id='par_1_4' title="bbox 85 754 1262 934">
     <span class='ocr_line' id='line_1_5' title="bbox 85 754 1262 852; baseline -0.001 -26"><span class='ocrx_word' id='word_1_31' title='bbox 85 810 90 819; x_wconf 90' lang='lat'><strong>.</strong></span> <span class='ocrx_word' id='word_1_32' title='bbox 168 781 245 827; x_wconf 82' lang='lat' dir='ltr'><strong>vero</strong></span> <span class='ocrx_word' id='word_1_33' title='bbox 268 759 475 850; x_wconf 82' lang='lat' dir='ltr'><strong>praecipuum</strong></span> <span class='ocrx_word' id='word_1_34' title='bbox 498 757 616 851; x_wconf 91' lang='lat' dir='ltr'><strong>aliquid</strong></span> <span class='ocrx_word' id='word_1_35' title='bbox 639 757 737 826; x_wconf 81' lang='lat' dir='ltr'><strong>irrisae</strong></span> <span class='ocrx_word' id='word_1_36' title='bbox 757 759 791 826; x_wconf 89' lang='lat' dir='ltr'><strong>iu</strong></span> <span class='ocrx_word' id='word_1_37' title='bbox 812 783 854 827; x_wconf 88' lang='lat' dir='ltr'><strong>eo</strong></span> <span class='ocrx_word' id='word_1_38' title='bbox 876 759 932 852; x_wconf 93' lang='lat' dir='ltr'><strong>qui</strong></span> <span class='ocrx_word' id='word_1_39' title='bbox 952 782 989 828; x_wconf 88' lang='lat' dir='ltr'><strong>se</strong></span> <span class='ocrx_word' id='word_1_40' title='bbox 1011 769 1087 827; x_wconf 84' lang='lat' dir='ltr'><strong>tam</strong></span> <span class='ocrx_word' id='word_1_41' title='bbox 1114 754 1262 827; x_wconf 81' lang='lat' dir='ltr'><strong>audaciai</strong></span> 
     </span>
     <span class='ocr_line' id='line_1_6' title="bbox 133 863 1262 934; baseline 0.001 -6"><span class='ocrx_word' id='word_1_42' title='bbox 133 872 151 928; x_wconf 78' lang='lat' dir='ltr'><strong>t</strong></span> <span class='ocrx_word' id='word_1_43' title='bbox 167 863 342 934; x_wconf 86' lang='lat' dir='ltr'><strong>mulatione</strong></span> <span class='ocrx_word' id='word_1_44' title='bbox 364 864 510 933; x_wconf 78' lang='lat' dir='ltr'><strong>hostibus</strong></span> <span class='ocrx_word' id='word_1_45' title='bbox 524 863 728 931; x_wconf 86' lang='lat' dir='ltr'><strong>inmiscuerit</strong></span> <span class='ocrx_word' id='word_1_46' title='bbox 760 887 870 933; x_wconf 90' lang='lat' dir='ltr'><strong>servus</strong></span> <span class='ocrx_word' id='word_1_47' title='bbox 887 863 917 932; x_wconf 89' lang='lat' dir='ltr'><strong>ei</strong></span> <span class='ocrx_word' id='word_1_48' title='bbox 932 863 1054 933; x_wconf 88' lang='lat' dir='ltr'><strong>dicitur</strong></span> <span class='ocrx_word' id='word_1_49' title='bbox 1069 886 1194 933; x_wconf 90' lang='lat' dir='ltr'><strong>comes</strong></span> <span class='ocrx_word' id='word_1_50' title='bbox 1207 880 1262 929; x_wconf 83' lang='lat' dir='ltr'><strong>mu</strong></span> 
     </span>
    </p>

    <p class='ocr_par' dir='ltr' id='par_1_5' title="bbox 97 967 1262 1169">
     <span class='ocr_line' id='line_1_7' title="bbox 97 967 1261 1061; baseline -0.003 -21"><span class='ocrx_word' id='word_1_51' title='bbox 97 986 109 1016; x_wconf 61' lang='lat'>¹</span> <span class='ocrx_word' id='word_1_52' title='bbox 168 968 267 1039; x_wconf 87' lang='lat' dir='ltr'><strong>luisse</strong></span> <span class='ocrx_word' id='word_1_53' title='bbox 294 971 431 1040; x_wconf 88' lang='lat' dir='ltr'><strong>nutritus</strong></span> <span class='ocrx_word' id='word_1_54' title='bbox 459 992 522 1035; x_wconf 91' lang='lat' dir='ltr'><strong>una</strong></span> <span class='ocrx_word' id='word_1_55' title='bbox 551 992 656 1059; x_wconf 87' lang='lat' dir='ltr'><strong>eoque</strong></span> <span class='ocrx_word' id='word_1_56' title='bbox 682 967 769 1036; x_wconf 91' lang='lat' dir='ltr'><strong>haud</strong></span> <span class='ocrx_word' id='word_1_57' title='bbox 799 968 926 1061; x_wconf 90' lang='lat' dir='ltr'><strong>ignarus</strong></span> <span class='ocrx_word' id='word_1_58' title='bbox 954 968 1092 1060; x_wconf 76' lang='lat' dir='ltr'><strong>linguae</strong></span> <span class='ocrx_word' id='word_1_59' title='bbox 1132 968 1261 1045; x_wconf 81' lang='lat' dir='ltr'><strong>eiusdeu</strong></span> 
     </span>
     <span class='ocr_line' id='line_1_8' title="bbox 167 1072 1262 1169; baseline -0.001 -26"><span class='ocrx_word' id='word_1_60' title='bbox 167 1096 229 1144; x_wconf 86' lang='lat' dir='ltr'><strong>nco</strong></span> <span class='ocrx_word' id='word_1_61' title='bbox 251 1074 424 1169; x_wconf 85' lang='lat' dir='ltr'><strong>quiequam</strong></span> <span class='ocrx_word' id='word_1_62' title='bbox 447 1073 531 1140; x_wconf 90' lang='lat' dir='ltr'><strong>aliud</strong></span> <span class='ocrx_word' id='word_1_63' title='bbox 564 1072 803 1165; x_wconf 85' lang='lat' dir='ltr'><strong>proficiscentes</strong></span> <span class='ocrx_word' id='word_1_64' title='bbox 832 1098 929 1165; x_wconf 90' lang='lat' dir='ltr'><strong>quam</strong></span> <span class='ocrx_word' id='word_1_65' title='bbox 957 1073 1165 1142; x_wconf 80' lang='lat' dir='ltr'><strong>summatim</strong></span> <span class='ocrx_word' id='word_1_66' title='bbox 1190 1072 1262 1166; x_wconf 75' lang='lat' dir='ltr'><strong>regis</strong></span> 
     </span>
    </p>

    <p class='ocr_par' dir='ltr' id='par_1_6' title="bbox 167 1178 1263 1377">
     <span class='ocr_line' id='line_1_9' title="bbox 167 1178 1263 1273; baseline -0.001 -26"><span class='ocrx_word' id='word_1_67' title='bbox 167 1179 217 1247; x_wconf 86' lang='lat' dir='ltr'><strong>uis</strong></span> <span class='ocrx_word' id='word_1_68' title='bbox 239 1203 322 1273; x_wconf 88' lang='lat' dir='ltr'><strong>quae</strong></span> <span class='ocrx_word' id='word_1_69' title='bbox 343 1178 486 1246; x_wconf 86' lang='lat' dir='ltr'><strong>intranda</strong></span> <span class='ocrx_word' id='word_1_70' title='bbox 509 1188 578 1245; x_wconf 88' lang='lat' dir='ltr'><strong>erat</strong></span> <span class='ocrx_word' id='word_1_71' title='bbox 598 1189 743 1246; x_wconf 89' lang='lat' dir='ltr'><strong>naturam</strong></span> <span class='ocrx_word' id='word_1_72' title='bbox 765 1203 804 1247; x_wconf 87' lang='lat' dir='ltr'><strong>ac</strong></span> <span class='ocrx_word' id='word_1_73' title='bbox 821 1179 950 1248; x_wconf 92' lang='lat' dir='ltr'><strong>nomina</strong></span> <span class='ocrx_word' id='word_1_74' title='bbox 964 1178 1166 1270; x_wconf 85' lang='lat' dir='ltr'><strong>principum</strong></span> <span class='ocrx_word' id='word_1_75' title='bbox 1188 1178 1263 1270; x_wconf 78' lang='lat' dir='ltr'><strong>inps</strong></span> 
     </span>
     <span class='ocr_line' id='line_1_10' title="bbox 168 1281 1263 1377; baseline 0.003 -26"><span class='ocrx_word' id='word_1_76' title='bbox 168 1283 254 1376; x_wconf 88' lang='lat' dir='ltr'><strong>pulis</strong></span> <span class='ocrx_word' id='word_1_77' title='bbox 276 1283 432 1375; x_wconf 83' lang='lat' dir='ltr'><strong>accipere,</strong></span> <span class='ocrx_word' id='word_1_78' title='bbox 453 1305 494 1350; x_wconf 87' lang='lat' dir='ltr'><strong>oe</strong></span> <span class='ocrx_word' id='word_1_79' title='bbox 517 1306 582 1375; x_wconf 89' lang='lat' dir='ltr'><strong>qua</strong></span> <span class='ocrx_word' id='word_1_80' title='bbox 603 1281 685 1350; x_wconf 88' lang='lat' dir='ltr'><strong>inter</strong></span> <span class='ocrx_word' id='word_1_81' title='bbox 706 1285 876 1377; x_wconf 86' lang='lat' dir='ltr'><strong>conloquia</strong></span> <span class='ocrx_word' id='word_1_82' title='bbox 897 1282 1012 1375; x_wconf 77' lang='lat' dir='ltr'><strong>insigni</strong></span> <span class='ocrx_word' id='word_1_83' title='bbox 1028 1295 1117 1352; x_wconf 87' lang='lat' dir='ltr'><strong>nota</strong></span> <span class='ocrx_word' id='word_1_84' title='bbox 1133 1284 1263 1354; x_wconf 82' lang='lat' dir='ltr'><strong>haesitas</strong></span> 
     </span>
    </p>

    <p class='ocr_par' dir='ltr' id='par_1_7' title="bbox 121 1386 1265 1585">
     <span class='ocr_line' id='line_1_11' title="bbox 121 1386 1264 1482; baseline 0.003 -31"><span class='ocrx_word' id='word_1_85' title='bbox 121 1394 158 1451; x_wconf 86' lang='lat'><strong>10</strong></span> <span class='ocrx_word' id='word_1_86' title='bbox 169 1398 219 1456; x_wconf 84' lang='lat' dir='ltr'><strong>tes</strong></span> <span class='ocrx_word' id='word_1_87' title='bbox 240 1386 392 1477; x_wconf 87' lang='lat' dir='ltr'><strong>deprendi</strong></span> <span class='ocrx_word' id='word_1_88' title='bbox 413 1398 562 1479; x_wconf 82' lang='lat' dir='ltr'><strong>possent:</strong></span> <span class='ocrx_word' id='word_1_89' title='bbox 595 1387 661 1456; x_wconf 89' lang='lat' dir='ltr'><strong>iere</strong></span> <span class='ocrx_word' id='word_1_90' title='bbox 683 1389 834 1482; x_wconf 88' lang='lat' dir='ltr'><strong>pastorali</strong></span> <span class='ocrx_word' id='word_1_91' title='bbox 856 1387 975 1471; x_wconf 86' lang='lat' dir='ltr'><strong>habitu,</strong></span> <span class='ocrx_word' id='word_1_92' title='bbox 1002 1388 1199 1480; x_wconf 79' lang='lat' dir='ltr'><strong>agrestibus</strong></span> <span class='ocrx_word' id='word_1_93' title='bbox 1218 1386 1264 1456; x_wconf 84' lang='lat' dir='ltr'><strong>teli</strong></span> 
     </span>
     <span class='ocr_line' id='line_1_12' title="bbox 167 1489 1265 1585; baseline -0.002 -24"><span class='ocrx_word' id='word_1_94' title='bbox 167 1489 302 1561; x_wconf 77' lang='lat' dir='ltr'><strong>falcibus</strong></span> <span class='ocrx_word' id='word_1_95' title='bbox 323 1489 492 1584; x_wconf 79' lang='lat' dir='ltr'><strong>gaesisque</strong></span> <span class='ocrx_word' id='word_1_96' title='bbox 514 1491 597 1561; x_wconf 90' lang='lat' dir='ltr'><strong>binis</strong></span> <span class='ocrx_word' id='word_1_97' title='bbox 619 1493 746 1564; x_wconf 75' lang='lat' dir='ltr'><strong>mmati:</strong></span> <span class='ocrx_word' id='word_1_98' title='bbox 767 1495 825 1565; x_wconf 88' lang='lat' dir='ltr'><strong>sed</strong></span> <span class='ocrx_word' id='word_1_99' title='bbox 839 1516 946 1585; x_wconf 89' lang='lat' dir='ltr'><strong>neque</strong></span> <span class='ocrx_word' id='word_1_100' title='bbox 964 1492 1214 1562; x_wconf 83' lang='lat' dir='ltr'><strong>commercium</strong></span> <span class='ocrx_word' id='word_1_101' title='bbox 1230 1491 1265 1559; x_wconf 81' lang='lat' dir='ltr'><strong>lin</strong></span> 
     </span>
    </p>
   </div>
   <div class='ocr_carea' id='block_1_3' title="bbox 235 1712 685 2142">
    <p class='ocr_par' dir='ltr' id='par_1_8' title="bbox 235 1712 685 2142">
     <span class='ocr_line' id='line_1_13' title="bbox 237 1712 685 1788; baseline 0.007 -18"><span class='ocrx_word' id='word_1_102' title='bbox 237 1712 330 1788; x_wconf 68' lang='lat' dir='ltr'><strong>apices</strong></span> <span class='ocrx_word' id='word_1_103' title='bbox 347 1714 473 1771; x_wconf 75' lang='lat' dir='ltr'><strong>etruscis</strong></span> <span class='ocrx_word' id='word_1_104' title='bbox 491 1713 561 1772; x_wconf 83' lang='lat' dir='ltr'><strong>inde</strong></span> <span class='ocrx_word' id='word_1_105' title='bbox 578 1714 685 1774; x_wconf 77' lang='lat' dir='ltr'><strong>litteris</strong></span> 
     </span>
     <span class='ocr_line' id='line_1_14' title="bbox 238 1797 684 1862; baseline 0.011 -5"><span class='ocrx_word' id='word_1_106' title='bbox 238 1799 375 1857; x_wconf 82' lang='lat' dir='ltr'><strong>eruditus</strong></span> <span class='ocrx_word' id='word_1_107' title='bbox 393 1809 475 1858; x_wconf 84' lang='lat' dir='ltr'><strong>erat.-</strong></span> <span class='ocrx_word' id='word_1_108' title='bbox 493 1798 551 1859; x_wconf 83' lang='lat' dir='ltr'><strong>Pil.</strong></span> <span class='ocrx_word' id='word_1_109' title='bbox 569 1797 684 1862; x_wconf 75' lang='lat' dir='ltr'><strong>cteta.</strong></span> 
     </span>
     <span class='ocr_line' id='line_1_15' title="bbox 237 1883 682 1953; baseline 0.007 -11"><span class='ocrx_word' id='word_1_110' title='bbox 237 1883 403 1952; x_wconf 69' lang='lat' dir='ltr'><strong>declivius,</strong></span> <span class='ocrx_word' id='word_1_111' title='bbox 420 1888 477 1942; x_wconf 73' lang='lat' dir='ltr'><strong>dd:</strong></span> <span class='ocrx_word' id='word_1_112' title='bbox 497 1885 624 1953; x_wconf 76' lang='lat' dir='ltr'><strong>„Etruria</strong></span> <span class='ocrx_word' id='word_1_113' title='bbox 636 1908 682 1945; x_wconf 87' lang='lat' dir='ltr'><strong>au·</strong></span> 
     </span>
     <span class='ocr_line' id='line_1_16' title="bbox 237 1970 682 2032; baseline 0.004 -2"><span class='ocrx_word' id='word_1_114' title='bbox 237 1981 294 2031; x_wconf 84' lang='lat' dir='ltr'><strong>tem</strong></span> <span class='ocrx_word' id='word_1_115' title='bbox 315 1972 351 2029; x_wconf 87' lang='lat' dir='ltr'><strong>de</strong></span> <span class='ocrx_word' id='word_1_116' title='bbox 373 1970 446 2029; x_wconf 86' lang='lat' dir='ltr'><strong>caelo</strong></span> <span class='ocrx_word' id='word_1_117' title='bbox 470 1981 540 2030; x_wconf 89' lang='lat' dir='ltr'><strong>tacta</strong></span> <span class='ocrx_word' id='word_1_118' title='bbox 559 1975 682 2032; x_wconf 85' lang='lat' dir='ltr'><strong>scientis·</strong></span> 
     </span>
     <span class='ocr_line' id='line_1_17' title="bbox 235 2059 683 2142; baseline 0.009 -26"><span class='ocrx_word' id='word_1_119' title='bbox 235 2061 304 2116; x_wconf 88' lang='lat' dir='ltr'><strong>sime</strong></span> <span class='ocrx_word' id='word_1_120' title='bbox 321 2059 517 2128; x_wconf 81' lang='lat' dir='ltr'><strong>animadvertit,</strong></span> <span class='ocrx_word' id='word_1_121' title='bbox 535 2061 683 2142; x_wconf 87' lang='lat' dir='ltr'><strong>eademque</strong></span> 
     </span>
    </p>
   </div>
   <div class='ocr_carea' id='block_1_4' title="bbox 824 1709 1266 1969">
    <p class='ocr_par' dir='ltr' id='par_1_9' title="bbox 824 1709 1266 1969">
     <span class='ocr_line' id='line_1_18' title="bbox 824 1709 1266 1795; baseline -0.002 -23"><span class='ocrx_word' id='word_1_122' title='bbox 824 1715 889 1795; x_wconf 84' lang='lat' dir='ltr'><strong>quie</strong></span> <span class='ocrx_word' id='word_1_123' title='bbox 903 1716 909 1785; x_wconf 93' lang='grc' dir='ltr'>Ι</span> <span class='ocrx_word' id='word_1_124' title='bbox 924 1716 976 1790; x_wconf 77' lang='lat' dir='ltr'><strong>qui</strong></span> <span class='ocrx_word' id='word_1_125' title='bbox 1002 1709 1084 1769; x_wconf 88' lang='lat' dir='ltr'><strong>aliud</strong></span> <span class='ocrx_word' id='word_1_126' title='bbox 1106 1711 1266 1793; x_wconf 72' lang='lat' dir='ltr'><strong>proficiscu-</strong></span> 
     </span>
     <span class='ocr_line' id='line_1_19' title="bbox 824 1801 1266 1879; baseline -0.005 -20"><span class='ocrx_word' id='word_1_127' title='bbox 824 1812 866 1860; x_wconf 84' lang='lat' dir='ltr'><strong>tes</strong></span> <span class='ocrx_word' id='word_1_128' title='bbox 884 1820 964 1879; x_wconf 90' lang='lat' dir='ltr'><strong>quam</strong></span> <span class='ocrx_word' id='word_1_129' title='bbox 980 1803 1151 1858; x_wconf 81' lang='lat' dir='ltr'><strong>summatim</strong></span> <span class='ocrx_word' id='word_1_130' title='bbox 1170 1801 1266 1878; x_wconf 82' lang='lat' dir='ltr'><strong>regior&#39;s</strong></span> 
     </span>
     <span class='ocr_line' id='line_1_20' title="bbox 824 1885 1266 1969; baseline -0.005 -24"><span class='ocrx_word' id='word_1_131' title='bbox 824 1907 893 1969; x_wconf 83' lang='lat' dir='ltr'><strong>quae</strong></span> <span class='ocrx_word' id='word_1_132' title='bbox 910 1885 1085 1945; x_wconf 85' lang='lat' dir='ltr'><strong>intranderat</strong></span> <span class='ocrx_word' id='word_1_133' title='bbox 1107 1897 1233 1946; x_wconf 72' lang='lat' dir='ltr'><strong>naturam</strong></span> <span class='ocrx_word' id='word_1_134' title='bbox 1247 1904 1266 1943; x_wconf 85' lang='lat' dir='ltr'><strong>ss</strong></span> 
     </span>
    </p>
   </div>
   <div class='ocr_carea' id='block_1_5' title="bbox 823 1973 1266 2124">
    <p class='ocr_par' dir='ltr' id='par_1_10' title="bbox 823 1973 1266 2124">
     <span class='ocr_line' id='line_1_21' title="bbox 824 1973 1266 2038; baseline -0.005 -4"><span class='ocrx_word' id='word_1_135' title='bbox 824 1977 933 2034; x_wconf 85' lang='lat' dir='ltr'><strong>nomina</strong></span> <span class='ocrx_word' id='word_1_136' title='bbox 951 1983 1002 2034; x_wconf 84' lang='lat' dir='ltr'><strong>cet.</strong></span> <span class='ocrx_word' id='word_1_137' title='bbox 1032 1994 1075 2035; x_wconf 89' lang='lat' dir='ltr'><strong>m.</strong></span> <span class='ocrx_word' id='word_1_138' title='bbox 1093 1977 1138 2038; x_wconf 55' lang='grc' dir='ltr'><strong>λε</strong></span> <span class='ocrx_word' id='word_1_139' title='bbox 1160 1973 1266 2034; x_wconf 84' lang='lat' dir='ltr'><strong>iutrsals</strong></span> 
     </span>
     <span class='ocr_line' id='line_1_22' title="bbox 823 2058 1266 2124; baseline -0.005 -4"><span class='ocrx_word' id='word_1_140' title='bbox 823 2071 890 2124; x_wconf 82' lang='lat' dir='ltr'><strong>erat.</strong></span> <span class='ocrx_word' id='word_1_141' title='bbox 913 2093 948 2107; x_wconf 91' lang='lat'><strong>·-</strong></span> <span class='ocrx_word' id='word_1_142' title='bbox 974 2058 997 2117; x_wconf 90' lang='lat' dir='ltr'><strong>P</strong></span> <span class='ocrx_word' id='word_1_143' title='bbox 1018 2058 1266 2122; x_wconf 76' lang='lat' dir='ltr'><strong>Leid.1.&#39;1mv.l.</strong></span> 
     </span>
    </p>
   </div>
   <div class='ocr_carea' id='block_1_6' title="bbox 219 2147 682 2922">
    <p class='ocr_par' dir='ltr' id='par_1_11' title="bbox 219 2147 682 2922">
     <span class='ocr_line' id='line_1_23' title="bbox 235 2147 682 2228; baseline 0.016 -26"><span class='ocrx_word' id='word_1_144' title='bbox 235 2147 435 2225; x_wconf 82' lang='lat' dir='ltr'><strong>iuterpretatur,</strong></span> <span class='ocrx_word' id='word_1_145' title='bbox 451 2147 519 2224; x_wconf 90' lang='lat' dir='ltr'><strong>quid</strong></span> <span class='ocrx_word' id='word_1_146' title='bbox 531 2151 682 2228; x_wconf 80' lang='lat' dir='ltr'><strong>quibusque</strong></span> 
     </span>
     <span class='ocr_line' id='line_1_24' title="bbox 236 2235 682 2315; baseline 0.013 -26"><span class='ocrx_word' id='word_1_147' title='bbox 236 2235 393 2291; x_wconf 82' lang='lat' dir='ltr'><strong>ostendatur</strong></span> <span class='ocrx_word' id='word_1_148' title='bbox 431 2238 561 2292; x_wconf 83' lang='lat' dir='ltr'><strong>monstris</strong></span> <span class='ocrx_word' id='word_1_149' title='bbox 601 2248 682 2315; x_wconf 84' lang='lat' dir='ltr'><strong>atque</strong></span> 
     </span>
     <span class='ocr_line' id='line_1_25' title="bbox 234 2323 681 2401; baseline 0.016 -26"><span class='ocrx_word' id='word_1_150' title='bbox 234 2323 377 2395; x_wconf 86' lang='lat' dir='ltr'><strong>portentis.</strong></span> <span class='ocrx_word' id='word_1_151' title='bbox 394 2324 520 2395; x_wconf 83' lang='lat' dir='ltr'><strong>quocirca</strong></span> <span class='ocrx_word' id='word_1_152' title='bbox 532 2324 600 2380; x_wconf 87' lang='lat' dir='ltr'><strong>bene</strong></span> <span class='ocrx_word' id='word_1_153' title='bbox 609 2325 681 2401; x_wconf 91' lang='lat' dir='ltr'><strong>apud</strong></span> 
     </span>
     <span class='ocr_line' id='line_1_26' title="bbox 236 2407 681 2469; baseline 0.02 -9"><span class='ocrx_word' id='word_1_154' title='bbox 236 2407 352 2462; x_wconf 85' lang='lat' dir='ltr'><strong>maiores</strong></span> <span class='ocrx_word' id='word_1_155' title='bbox 369 2417 478 2463; x_wconf 89' lang='lat' dir='ltr'><strong>nostros</strong></span> <span class='ocrx_word' id='word_1_156' title='bbox 496 2420 606 2469; x_wconf 87' lang='lat' dir='ltr'><strong>senatus</strong></span> <span class='ocrx_word' id='word_1_157' title='bbox 625 2422 681 2469; x_wconf 90' lang='lat' dir='ltr'><strong>tum</strong></span> 
     </span>
     <span class='ocr_line' id='line_1_27' title="bbox 236 2491 681 2572; baseline 0.02 -24"><span class='ocrx_word' id='word_1_158' title='bbox 236 2511 296 2549; x_wconf 82' lang='lat' dir='ltr'><strong>rum</strong></span> <span class='ocrx_word' id='word_1_159' title='bbox 305 2491 418 2548; x_wconf 84' lang='lat' dir='ltr'><strong>florebat</strong></span> <span class='ocrx_word' id='word_1_160' title='bbox 430 2495 570 2572; x_wconf 85' lang='lat' dir='ltr'><strong>imperium</strong></span> <span class='ocrx_word' id='word_1_161' title='bbox 589 2497 681 2556; x_wconf 85' lang='lat' dir='ltr'><strong>decre·</strong></span> 
     </span>
     <span class='ocr_line' id='line_1_28' title="bbox 219 2567 680 2657; baseline 0.026 -24"><span class='ocrx_word' id='word_1_162' title='bbox 219 2567 285 2646; x_wconf 55' lang='lat' dir='ltr'><strong>*vit</strong></span> <span class='ocrx_word' id='word_1_163' title='bbox 303 2589 333 2635; x_wconf 91' lang='lat' dir='ltr'><strong>ut</strong></span> <span class='ocrx_word' id='word_1_164' title='bbox 345 2578 379 2635; x_wconf 88' lang='lat' dir='ltr'><strong>de</strong></span> <span class='ocrx_word' id='word_1_165' title='bbox 391 2581 544 2657; x_wconf 82' lang='lat' dir='ltr'><strong>principum</strong></span> <span class='ocrx_word' id='word_1_166' title='bbox 555 2585 620 2643; x_wconf 87' lang='lat' dir='ltr'><strong>filiis</strong></span> <span class='ocrx_word' id='word_1_167' title='bbox 631 2607 680 2644; x_wconf 85' lang='lat' dir='ltr'><strong>sex</strong></span> 
     </span>
     <span class='ocr_line' id='line_1_29' title="bbox 233 2663 679 2752; baseline 0.031 -33"><span class='ocrx_word' id='word_1_168' title='bbox 233 2663 348 2740; x_wconf 77' lang='lat' dir='ltr'><strong>siugulis</strong></span> <span class='ocrx_word' id='word_1_169' title='bbox 368 2664 494 2751; x_wconf 82' lang='lat' dir='ltr'><strong>Etruriae</strong></span> <span class='ocrx_word' id='word_1_170' title='bbox 515 2673 624 2752; x_wconf 86' lang='lat' dir='ltr'><strong>populis</strong></span> <span class='ocrx_word' id='word_1_171' title='bbox 649 2677 679 2732; x_wconf 92' lang='lat' dir='ltr'><strong>iu</strong></span> 
     </span>
     <span class='ocr_line' id='line_1_30' title="bbox 234 2746 679 2831; baseline 0.025 -23"><span class='ocrx_word' id='word_1_172' title='bbox 234 2746 406 2831; x_wconf 67' lang='lat' dir='ltr'><strong>disciplinam</strong></span> <span class='ocrx_word' id='word_1_173' title='bbox 432 2758 615 2831; x_wconf 84' lang='lat' dir='ltr'><strong>traderentur,</strong></span> <span class='ocrx_word' id='word_1_174' title='bbox 644 2781 679 2818; x_wconf 88' lang='lat' dir='ltr'><strong>ns</strong></span> 
     </span>
     <span class='ocr_line' id='line_1_31' title="bbox 233 2849 682 2922; baseline 0.027 -27"><span class='ocrx_word' id='word_1_175' title='bbox 233 2856 278 2896; x_wconf 80' lang='lat' dir='ltr'><strong>ers</strong></span> <span class='ocrx_word' id='word_1_176' title='bbox 296 2849 369 2897; x_wconf 85' lang='lat' dir='ltr'><strong>tanta</strong></span> <span class='ocrx_word' id='word_1_177' title='bbox 391 2855 503 2922; x_wconf 88' lang='lat' dir='ltr'><strong>propter</strong></span> <span class='ocrx_word' id='word_1_178' title='bbox 525 2850 682 2907; x_wconf 87' lang='lat' dir='ltr'><strong>tenuitatem</strong></span> 
     </span>
    </p>
   </div>
   <div class='ocr_carea' id='block_1_7' title="bbox 232 2923 681 3080">
    <p class='ocr_par' dir='ltr' id='par_1_12' title="bbox 232 2923 681 3080">
     <span class='ocr_line' id='line_1_32' title="bbox 232 2923 681 3006; baseline 0.031 -25"><span class='ocrx_word' id='word_1_179' title='bbox 232 2923 371 2983; x_wconf 89' lang='lat' dir='ltr'><strong>lrominum</strong></span> <span class='ocrx_word' id='word_1_180' title='bbox 389 2950 404 2984; x_wconf 91' lang='lat' dir='ltr'><strong>a</strong></span> <span class='ocrx_word' id='word_1_181' title='bbox 416 2928 552 3006; x_wconf 87' lang='lat' dir='ltr'><strong>religionis</strong></span> <span class='ocrx_word' id='word_1_182' title='bbox 565 2940 681 2995; x_wconf 83' lang='lat' dir='ltr'><strong>auctori·</strong></span> 
     </span>
     <span class='ocr_line' id='line_1_33' title="bbox 233 3013 679 3080; baseline 0.027 -11"><span class='ocrx_word' id='word_1_183' title='bbox 233 3022 289 3070; x_wconf 85' lang='lat' dir='ltr'><strong>tate</strong></span> <span class='ocrx_word' id='word_1_184' title='bbox 313 3013 491 3074; x_wconf 88' lang='lat' dir='ltr'><strong>abduceretur</strong></span> <span class='ocrx_word' id='word_1_185' title='bbox 518 3020 551 3075; x_wconf 87' lang='lat' dir='ltr'><strong>ad</strong></span> <span class='ocrx_word' id='word_1_186' title='bbox 578 3043 679 3080; x_wconf 88' lang='lat' dir='ltr'><strong>merce·</strong></span> 
     </span>
    </p>
   </div>
   <div class='ocr_carea' id='block_1_8' title="bbox 176 3098 678 4128">
    <p class='ocr_par' dir='ltr' id='par_1_13' title="bbox 234 3098 582 3179">
     <span class='ocr_line' id='line_1_34' title="bbox 234 3098 582 3179; baseline 0.029 -23"><span class='ocrx_word' id='word_1_187' title='bbox 234 3098 392 3179; x_wconf 88' lang='lat' dir='ltr'><strong>dematque</strong></span> <span class='ocrx_word' id='word_1_188' title='bbox 411 3113 582 3179; x_wconf 86' lang='lat' dir='ltr'><strong>quaestum“.</strong></span> 
     </span>
    </p>

    <p class='ocr_par' dir='ltr' id='par_1_14' title="bbox 179 3184 678 3790">
     <span class='ocr_line' id='line_1_35' title="bbox 179 3184 678 3275; baseline 0.022 -31"><span class='ocrx_word' id='word_1_189' title='bbox 179 3185 206 3245; x_wconf 68' lang='lat' dir='ltr'><strong>ss.</strong></span> <span class='ocrx_word' id='word_1_190' title='bbox 232 3184 327 3246; x_wconf 73' lang='lat' dir='ltr'><strong>tates</strong></span> <span class='ocrx_word' id='word_1_191' title='bbox 345 3199 482 3251; x_wconf 83' lang='lat' dir='ltr'><strong>auctores</strong></span> <span class='ocrx_word' id='word_1_192' title='bbox 505 3195 597 3275; x_wconf 85' lang='lat' dir='ltr'><strong>uulgo</strong></span> <span class='ocrx_word' id='word_1_193' title='bbox 615 3207 678 3255; x_wconf 81' lang='lat' dir='ltr'><strong>tum</strong></span> 
     </span>
     <span class='ocr_line' id='line_1_36' title="bbox 233 3273 677 3355; baseline 0.029 -26"><span class='ocrx_word' id='word_1_194' title='bbox 233 3273 386 3335; x_wconf 80' lang='lat' dir='ltr'><strong>Romanos</strong></span> <span class='ocrx_word' id='word_1_195' title='bbox 419 3299 530 3355; x_wconf 83' lang='lat' dir='ltr'><strong>pueros</strong></span> <span class='ocrx_word' id='word_1_196' title='bbox 566 3285 610 3339; x_wconf 85' lang='lat' dir='ltr'><strong>sic</strong></span> <span class='ocrx_word' id='word_1_197' title='bbox 644 3295 677 3342; x_wconf 77' lang='lat' dir='ltr'><strong>ut</strong></span> 
     </span>
     <span class='ocr_line' id='line_1_37' title="bbox 232 3367 676 3443; baseline 0.029 -26"><span class='ocrx_word' id='word_1_198' title='bbox 232 3380 311 3418; x_wconf 84' lang='lat' dir='ltr'><strong>nunc</strong></span> <span class='ocrx_word' id='word_1_199' title='bbox 334 3367 454 3443; x_wconf 82' lang='lat' dir='ltr'><strong>graecis</strong></span> <span class='ocrx_word' id='word_1_200' title='bbox 481 3369 524 3423; x_wconf 85' lang='lat' dir='ltr'><strong>ito</strong></span> <span class='ocrx_word' id='word_1_201' title='bbox 550 3374 676 3430; x_wconf 78' lang='lat' dir='ltr'><strong>etruscis</strong></span> 
     </span>
     <span class='ocr_line' id='line_1_38' title="bbox 231 3448 675 3519; baseline 0.036 -16"><span class='ocrx_word' id='word_1_202' title='bbox 231 3448 338 3507; x_wconf 79' lang='lat' dir='ltr'><strong>litteris</strong></span> <span class='ocrx_word' id='word_1_203' title='bbox 356 3453 472 3509; x_wconf 82' lang='lat' dir='ltr'><strong>erudiri</strong></span> <span class='ocrx_word' id='word_1_204' title='bbox 480 3456 604 3516; x_wconf 78' lang='lat' dir='ltr'><strong>solitos.-</strong></span> <span class='ocrx_word' id='word_1_205' title='bbox 618 3459 675 3519; x_wconf 82' lang='grc' dir='ltr'><strong>ΡΜ.</strong></span> 
     </span>
     <span class='ocr_line' id='line_1_39' title="bbox 233 3535 675 3603; baseline 0.029 -13"><span class='ocrx_word' id='word_1_206' title='bbox 233 3562 268 3575; x_wconf 92' lang='grc'><strong>-</strong></span> <span class='ocrx_word' id='word_1_207' title='bbox 297 3535 427 3599; x_wconf 71' lang='lat' dir='ltr'><strong>laeid.1.a</strong></span> <span class='ocrx_word' id='word_1_208' title='bbox 457 3543 524 3600; x_wconf 82' lang='lat' dir='ltr'><strong>abeo</strong></span> <span class='ocrx_word' id='word_1_209' title='bbox 552 3555 675 3603; x_wconf 87' lang='lat' dir='ltr'><strong>auctores</strong></span> 
     </span>
     <span class='ocr_line' id='line_1_40' title="bbox 231 3618 675 3697; baseline 0.034 -22"><span class='ocrx_word' id='word_1_210' title='bbox 231 3618 365 3697; x_wconf 85' lang='lat' dir='ltr'><strong>uulgatum</strong></span> <span class='ocrx_word' id='word_1_211' title='bbox 385 3646 511 3685; x_wconf 85' lang='lat' dir='ltr'><strong>romanos</strong></span> <span class='ocrx_word' id='word_1_212' title='bbox 528 3642 579 3692; x_wconf 89' lang='lat' dir='ltr'><strong>cet.</strong></span> <span class='ocrx_word' id='word_1_213' title='bbox 597 3664 631 3677; x_wconf 91' lang='lat'>-</span> <span class='ocrx_word' id='word_1_214' title='bbox 653 3632 675 3690; x_wconf 90' lang='lat' dir='ltr'><strong>P</strong></span> 
     </span>
     <span class='ocr_line' id='line_1_41' title="bbox 231 3708 446 3790; baseline 0.028 -25"><span class='ocrx_word' id='word_1_215' title='bbox 231 3726 267 3768; x_wconf 86' lang='lat' dir='ltr'><strong>m.</strong></span> <span class='ocrx_word' id='word_1_216' title='bbox 286 3712 325 3765; x_wconf 85' lang='lat'><strong>1.:</strong></span> <span class='ocrx_word' id='word_1_217' title='bbox 343 3708 446 3790; x_wconf 86' lang='lat' dir='ltr'><strong>aliquit.</strong></span> 
     </span>
    </p>

    <p class='ocr_par' dir='ltr' id='par_1_15' title="bbox 176 3792 676 4128">
     <span class='ocr_line' id='line_1_42' title="bbox 176 3792 676 3882; baseline 0.032 -34"><span class='ocrx_word' id='word_1_218' title='bbox 176 3792 205 3851; x_wconf 77' lang='lat' dir='ltr'><strong>d.</strong></span> <span class='ocrx_word' id='word_1_219' title='bbox 229 3798 359 3855; x_wconf 75' lang='lat' dir='ltr'><strong>rradritua</strong></span> <span class='ocrx_word' id='word_1_220' title='bbox 384 3820 446 3858; x_wconf 83' lang='lat' dir='ltr'><strong>unu</strong></span> <span class='ocrx_word' id='word_1_221' title='bbox 471 3802 565 3882; x_wconf 84' lang='lat' dir='ltr'><strong>¹eoque</strong></span> <span class='ocrx_word' id='word_1_222' title='bbox 590 3805 676 3864; x_wconf 80' lang='lat' dir='ltr'><strong>haud</strong></span> 
     </span>
     <span class='ocr_line' id='line_1_43' title="bbox 182 3881 673 3968; baseline 0.029 -32"><span class='ocrx_word' id='word_1_223' title='bbox 182 3958 184 3963; x_wconf 69' lang='lat'><em>,</em></span> <span class='ocrx_word' id='word_1_224' title='bbox 228 3881 354 3961; x_wconf 73' lang='lat' dir='ltr'><strong>ignorum</strong></span> <span class='ocrx_word' id='word_1_225' title='bbox 376 3887 500 3968; x_wconf 81' lang='lat' dir='ltr'><strong>linguae</strong></span> <span class='ocrx_word' id='word_1_226' title='bbox 526 3893 673 3951; x_wconf 84' lang='lat' dir='ltr'><strong>eiusdem:</strong></span> 
     </span>
     <span class='ocr_line' id='line_1_44' title="bbox 228 3964 672 4038; baseline 0.029 -14"><span class='ocrx_word' id='word_1_227' title='bbox 228 3964 672 4038; x_wconf 76' lang='lat' dir='ltr'><strong>Pm.u.-Pm.1.tt=md</strong></span> 
     </span>
     <span class='ocr_line' id='line_1_45' title="bbox 228 4053 670 4128; baseline 0.034 -19"><span class='ocrx_word' id='word_1_228' title='bbox 228 4053 346 4128; x_wconf 69' lang='lat' dir='ltr'><strong>ignarus.</strong></span> <span class='ocrx_word' id='word_1_229' title='bbox 358 4089 393 4102; x_wconf 91' lang='lat'><strong>·-</strong></span> <span class='ocrx_word' id='word_1_230' title='bbox 410 4059 450 4119; x_wconf 79' lang='lat' dir='ltr'><strong>tt:</strong></span> <span class='ocrx_word' id='word_1_231' title='bbox 468 4063 569 4124; x_wconf 69' lang='lat' dir='ltr'><strong>eiusdi.</strong></span> <span class='ocrx_word' id='word_1_232' title='bbox 587 4080 608 4123; x_wconf 72' lang='lat' dir='ltr'><strong>t</strong></span> <span class='ocrx_word' id='word_1_233' title='bbox 628 4088 670 4124; x_wconf 89' lang='lat' dir='ltr'><strong>ee·</strong></span> 
     </span>
    </p>
   </div>
   <div class='ocr_carea' id='block_1_9' title="bbox 822 2150 1196 2225">
    <p class='ocr_par' dir='ltr' id='par_1_16' title="bbox 822 2150 1196 2225">
     <span class='ocr_line' id='line_1_46' title="bbox 822 2150 1196 2225; baseline 0.008 -18"><span class='ocrx_word' id='word_1_234' title='bbox 822 2150 872 2209; x_wconf 81' lang='lat' dir='ltr'><strong>al:</strong></span> <span class='ocrx_word' id='word_1_235' title='bbox 891 2159 1012 2207; x_wconf 88' lang='lat' dir='ltr'><strong>naturam</strong></span> <span class='ocrx_word' id='word_1_236' title='bbox 1031 2151 1196 2225; x_wconf 87' lang='lat' dir='ltr'><strong>agnomina.</strong></span> 
     </span>
    </p>
   </div>
   <div class='ocr_carea' id='block_1_10' title="bbox 769 2233 1264 2317">
    <p class='ocr_par' dir='ltr' id='par_1_17' title="bbox 769 2233 1264 2317">
     <span class='ocr_line' id='line_1_47' title="bbox 769 2233 1264 2317; baseline 0.004 -23"><span class='ocrx_word' id='word_1_237' title='bbox 769 2237 797 2317; x_wconf 76' lang='lat'><strong>9.</strong></span> <span class='ocrx_word' id='word_1_238' title='bbox 822 2239 971 2314; x_wconf 84' lang='lat' dir='ltr'><strong>occipere.-</strong></span> <span class='ocrx_word' id='word_1_239' title='bbox 1000 2234 1051 2292; x_wconf 84' lang='lat' dir='ltr'><strong>Pili</strong></span> <span class='ocrx_word' id='word_1_240' title='bbox 1077 2235 1162 2299; x_wconf 87' lang='lat' dir='ltr'><strong>Leid.</strong></span> <span class='ocrx_word' id='word_1_241' title='bbox 1183 2258 1204 2298; x_wconf 84' lang='lat' dir='ltr'><strong>r.</strong></span> <span class='ocrx_word' id='word_1_242' title='bbox 1227 2233 1264 2308; x_wconf 71' lang='lat' dir='ltr'><strong>rt]</strong></span> 
     </span>
    </p>
   </div>
   <div class='ocr_carea' id='block_1_11' title="bbox 816 2323 1265 3276">
    <p class='ocr_par' dir='ltr' id='par_1_18' title="bbox 816 2323 1265 3276">
     <span class='ocr_line' id='line_1_48' title="bbox 821 2323 1265 2405; baseline 0.011 -23"><span class='ocrx_word' id='word_1_243' title='bbox 821 2344 957 2403; x_wconf 85' lang='lat' dir='ltr'><strong>accepere.</strong></span> <span class='ocrx_word' id='word_1_244' title='bbox 980 2353 1015 2366; x_wconf 90' lang='lat'><em>—</em></span> <span class='ocrx_word' id='word_1_245' title='bbox 1043 2323 1089 2382; x_wconf 77' lang='lat' dir='ltr'><strong>Ma</strong></span> <span class='ocrx_word' id='word_1_246' title='bbox 1117 2346 1185 2405; x_wconf 83' lang='lat' dir='ltr'><strong>neq.</strong></span> <span class='ocrx_word' id='word_1_247' title='bbox 1209 2324 1265 2387; x_wconf 74' lang='lat' dir='ltr'><strong>lnltt</strong></span> 
     </span>
     <span class='ocr_line' id='line_1_49' title="bbox 823 2411 1264 2491; baseline 0.002 -21"><span class='ocrx_word' id='word_1_248' title='bbox 823 2411 964 2491; x_wconf 85' lang='lat' dir='ltr'><strong>conloquia</strong></span> <span class='ocrx_word' id='word_1_249' title='bbox 982 2412 1088 2489; x_wconf 86' lang='lat' dir='ltr'><strong>insigni</strong></span> <span class='ocrx_word' id='word_1_250' title='bbox 1107 2422 1178 2471; x_wconf 83' lang='lat' dir='ltr'><strong>nota</strong></span> <span class='ocrx_word' id='word_1_251' title='bbox 1194 2412 1264 2471; x_wconf 77' lang='lat' dir='ltr'><strong>haesi</strong></span> 
     </span>
     <span class='ocr_line' id='line_1_50' title="bbox 823 2499 1264 2580; baseline -0.005 -22"><span class='ocrx_word' id='word_1_252' title='bbox 823 2508 912 2558; x_wconf 84' lang='lat' dir='ltr'><strong>tantes</strong></span> <span class='ocrx_word' id='word_1_253' title='bbox 927 2499 1060 2579; x_wconf 85' lang='lat' dir='ltr'><strong>deprendi</strong></span> <span class='ocrx_word' id='word_1_254' title='bbox 1078 2509 1207 2580; x_wconf 80' lang='lat' dir='ltr'><strong>possent.</strong></span> <span class='ocrx_word' id='word_1_255' title='bbox 1220 2502 1264 2557; x_wconf 85' lang='lat' dir='ltr'><strong>lere</strong></span> 
     </span>
     <span class='ocr_line' id='line_1_51' title="bbox 820 2586 1263 2666; baseline 0.005 -22"><span class='ocrx_word' id='word_1_256' title='bbox 820 2588 961 2666; x_wconf 89' lang='lat' dir='ltr'><strong>pastoralii</strong></span> <span class='ocrx_word' id='word_1_257' title='bbox 978 2588 1084 2648; x_wconf 87' lang='lat' dir='ltr'><strong>habitu.</strong></span> <span class='ocrx_word' id='word_1_258' title='bbox 1098 2617 1135 2631; x_wconf 89' lang='lat'><strong>·-</strong></span> <span class='ocrx_word' id='word_1_259' title='bbox 1154 2586 1192 2646; x_wconf 81' lang='lat' dir='ltr'><strong>Pe</strong></span> <span class='ocrx_word' id='word_1_260' title='bbox 1204 2607 1263 2664; x_wconf 78' lang='lat' dir='ltr'><strong>agre·</strong></span> 
     </span>
     <span class='ocr_line' id='line_1_52' title="bbox 819 2673 1262 2747; baseline -0.002 -14"><span class='ocrx_word' id='word_1_261' title='bbox 819 2678 908 2734; x_wconf 86' lang='lat' dir='ltr'><strong>stibus</strong></span> <span class='ocrx_word' id='word_1_262' title='bbox 924 2674 1005 2733; x_wconf 80' lang='lat' dir='ltr'><strong>toliis.</strong></span> <span class='ocrx_word' id='word_1_263' title='bbox 1024 2706 1059 2719; x_wconf 87' lang='lat'><strong>·-</strong></span> <span class='ocrx_word' id='word_1_264' title='bbox 1085 2673 1152 2734; x_wconf 65' lang='lat' dir='ltr'><strong>Piis</strong></span> <span class='ocrx_word' id='word_1_265' title='bbox 1179 2676 1262 2747; x_wconf 82' lang='lat' dir='ltr'><strong>„isiri-</strong></span> 
     </span>
     <span class='ocr_line' id='line_1_53' title="bbox 820 2764 1260 2840; baseline 0 -18"><span class='ocrx_word' id='word_1_266' title='bbox 820 2764 873 2822; x_wconf 84' lang='lat' dir='ltr'><strong>lrus</strong></span> <span class='ocrx_word' id='word_1_267' title='bbox 899 2766 1011 2840; x_wconf 87' lang='lat' dir='ltr'><strong>caesisq.</strong></span> <span class='ocrx_word' id='word_1_268' title='bbox 1039 2764 1118 2820; x_wconf 85' lang='lat' dir='ltr'><strong>binis</strong></span> <span class='ocrx_word' id='word_1_269' title='bbox 1145 2766 1260 2822; x_wconf 69' lang='lat' dir='ltr'><strong>armatii</strong></span> 
     </span>
     <span class='ocr_line' id='line_1_54' title="bbox 822 2851 1261 2932; baseline -0.002 -21"><span class='ocrx_word' id='word_1_270' title='bbox 822 2851 867 2911; x_wconf 81' lang='lat' dir='ltr'><strong>cf.</strong></span> <span class='ocrx_word' id='word_1_271' title='bbox 885 2853 930 2922; x_wconf 75' lang='lat'><strong>26,</strong></span> <span class='ocrx_word' id='word_1_272' title='bbox 941 2852 979 2909; x_wconf 84' lang='lat'><strong>6.:</strong></span> <span class='ocrx_word' id='word_1_273' title='bbox 996 2869 1161 2918; x_wconf 87' lang='lat' dir='ltr'><strong>„summum</strong></span> <span class='ocrx_word' id='word_1_274' title='bbox 1178 2861 1261 2932; x_wconf 83' lang='lat' dir='ltr'><strong>pectus</strong></span> 
     </span>
     <span class='ocr_line' id='line_1_55' title="bbox 822 2936 1260 3008; baseline -0.002 -12"><span class='ocrx_word' id='word_1_275' title='bbox 822 2959 900 2996; x_wconf 87' lang='lat' dir='ltr'><strong>caeso</strong></span> <span class='ocrx_word' id='word_1_276' title='bbox 919 2936 1013 3008; x_wconf 87' lang='lat' dir='ltr'><strong>(Put.)</strong></span> <span class='ocrx_word' id='word_1_277' title='bbox 1030 2940 1120 2996; x_wconf 85' lang='lat' dir='ltr'><strong>ictum</strong></span> <span class='ocrx_word' id='word_1_278' title='bbox 1132 2946 1206 3001; x_wconf 87' lang='lat' dir='ltr'><strong>cst“.</strong></span> <span class='ocrx_word' id='word_1_279' title='bbox 1221 2936 1260 2996; x_wconf 86' lang='lat' dir='ltr'><strong>aad</strong></span> 
     </span>
     <span class='ocr_line' id='line_1_56' title="bbox 820 3014 1260 3104; baseline -0.002 -21"><span class='ocrx_word' id='word_1_280' title='bbox 820 3027 853 3095; x_wconf 81' lang='lat'><strong>8,</strong></span> <span class='ocrx_word' id='word_1_281' title='bbox 879 3027 905 3085; x_wconf 84' lang='lat'><strong>8.</strong></span> <span class='ocrx_word' id='word_1_282' title='bbox 933 3027 962 3081; x_wconf 92' lang='lat' dir='ltr'><strong>in</strong></span> <span class='ocrx_word' id='word_1_283' title='bbox 988 3023 1038 3081; x_wconf 80' lang='grc' dir='ltr'><strong>ΡΜ</strong></span> <span class='ocrx_word' id='word_1_284' title='bbox 1064 3014 1260 3104; x_wconf 81' lang='lat' dir='ltr'><strong>scriptumest</strong></span> 
     </span>
     <span class='ocr_line' id='line_1_57' title="bbox 819 3111 1260 3193; baseline 0.007 -25"><span class='ocrx_word' id='word_1_285' title='bbox 819 3114 890 3189; x_wconf 86' lang='lat' dir='ltr'><strong>„qui</strong></span> <span class='ocrx_word' id='word_1_286' title='bbox 902 3111 1007 3170; x_wconf 82' lang='lat' dir='ltr'><strong>hastam</strong></span> <span class='ocrx_word' id='word_1_287' title='bbox 1017 3121 1127 3171; x_wconf 83' lang='lat' dir='ltr'><strong>tautum</strong></span> <span class='ocrx_word' id='word_1_288' title='bbox 1138 3133 1260 3193; x_wconf 81' lang='lat' dir='ltr'><strong>gaesaque</strong></span> 
     </span>
     <span class='ocr_line' id='line_1_58' title="bbox 816 3205 970 3276; baseline 0.013 -20"><span class='ocrx_word' id='word_1_289' title='bbox 816 3205 970 3276; x_wconf 82' lang='lat' dir='ltr'><strong>gererent“.</strong></span> 
     </span>
    </p>
   </div>
   <div class='ocr_carea' id='block_1_12' title="bbox 747 3286 1259 3366">
    <p class='ocr_par' dir='ltr' id='par_1_19' title="bbox 747 3286 1259 3366">
     <span class='ocr_line' id='line_1_59' title="bbox 747 3286 1259 3366; baseline 0.006 -22"><span class='ocrx_word' id='word_1_290' title='bbox 747 3286 791 3346; x_wconf 89' lang='lat'><strong>11.</strong></span> <span class='ocrx_word' id='word_1_291' title='bbox 816 3287 875 3345; x_wconf 82' lang='lat' dir='ltr'><strong>sed</strong></span> <span class='ocrx_word' id='word_1_292' title='bbox 885 3308 982 3366; x_wconf 84' lang='lat' dir='ltr'><strong>neque</strong></span> <span class='ocrx_word' id='word_1_293' title='bbox 993 3290 1204 3349; x_wconf 81' lang='lat' dir='ltr'><strong>commercium</strong></span> <span class='ocrx_word' id='word_1_294' title='bbox 1213 3291 1259 3347; x_wconf 76' lang='lat' dir='ltr'><strong>ltu</strong></span> 
     </span>
    </p>
   </div>
   <div class='ocr_carea' id='block_1_13' title="bbox 813 3374 1257 3453">
    <p class='ocr_par' dir='ltr' id='par_1_20' title="bbox 813 3374 1257 3453">
     <span class='ocr_line' id='line_1_60' title="bbox 813 3374 1257 3453; baseline -0.027 -17"><span class='ocrx_word' id='word_1_295' title='bbox 813 3393 895 3453; x_wconf 76' lang='lat' dir='ltr'><strong>guae</strong></span> <span class='ocrx_word' id='word_1_296' title='bbox 903 3374 981 3444; x_wconf 87' lang='lat' dir='ltr'><strong>(‚‚das</strong></span> <span class='ocrx_word' id='word_1_297' title='bbox 991 3375 1257 3435; x_wconf 68' lang='lat' dir='ltr'><strong>vermittelndeBmd</strong></span> 
     </span>
    </p>
   </div>
   <div class='ocr_carea' id='block_1_14' title="bbox 816 3459 1259 3541">
    <p class='ocr_par' dir='ltr' id='par_1_21' title="bbox 816 3459 1259 3541">
     <span class='ocr_line' id='line_1_61' title="bbox 816 3459 1259 3541; baseline 0.007 -24"><span class='ocrx_word' id='word_1_298' title='bbox 816 3459 867 3519; x_wconf 83' lang='lat' dir='ltr'><strong>der</strong></span> <span class='ocrx_word' id='word_1_299' title='bbox 896 3462 1058 3541; x_wconf 83' lang='lat' dir='ltr'><strong>Spraolre“)</strong></span> <span class='ocrx_word' id='word_1_300' title='bbox 1086 3483 1145 3522; x_wconf 82' lang='lat' dir='ltr'><strong>nee</strong></span> <span class='ocrx_word' id='word_1_301' title='bbox 1174 3466 1259 3523; x_wconf 81' lang='lat' dir='ltr'><strong>uestis</strong></span> 
     </span>
    </p>
   </div>
   <div class='ocr_carea' id='block_1_15' title="bbox 771 3549 1258 3613">
    <p class='ocr_par' dir='ltr' id='par_1_22' title="bbox 771 3549 1258 3613">
     <span class='ocr_line' id='line_1_62' title="bbox 771 3549 1258 3613; baseline 0.002 -8"><span class='ocrx_word' id='word_1_302' title='bbox 771 3604 776 3613; x_wconf 81' lang='grc'><strong>,</strong></span> <span class='ocrx_word' id='word_1_303' title='bbox 815 3568 1006 3608; x_wconf 82' lang='lat' dir='ltr'><strong>armorumue</strong></span> <span class='ocrx_word' id='word_1_304' title='bbox 1017 3549 1197 3610; x_wconf 76' lang='lat' dir='ltr'><strong>hubituasic</strong></span> <span class='ocrx_word' id='word_1_305' title='bbox 1212 3570 1258 3608; x_wconf 82' lang='lat' dir='ltr'><strong>eas</strong></span> 
     </span>
    </p>
   </div>
   <div class='ocr_carea' id='block_1_16' title="bbox 812 3635 1257 4152">
    <p class='ocr_par' dir='ltr' id='par_1_23' title="bbox 812 3635 1257 4152">
     <span class='ocr_line' id='line_1_63' title="bbox 815 3635 1257 3715; baseline -0.002 -22"><span class='ocrx_word' id='word_1_306' title='bbox 815 3639 908 3694; x_wconf 65' lang='lat' dir='ltr'><strong>iered:</strong></span> <span class='ocrx_word' id='word_1_307' title='bbox 930 3636 992 3694; x_wconf 81' lang='lat' dir='ltr'><strong>Pit:</strong></span> <span class='ocrx_word' id='word_1_308' title='bbox 1013 3639 1068 3694; x_wconf 91' lang='lat' dir='ltr'><strong>nisi</strong></span> <span class='ocrx_word' id='word_1_309' title='bbox 1091 3636 1169 3715; x_wconf 87' lang='lat' dir='ltr'><strong>quod</strong></span> <span class='ocrx_word' id='word_1_310' title='bbox 1191 3635 1257 3695; x_wconf 85' lang='lat' dir='ltr'><strong>lull</strong></span> 
     </span>
     <span class='ocr_line' id='line_1_64' title="bbox 815 3726 1256 3802; baseline 0.005 -23"><span class='ocrx_word' id='word_1_311' title='bbox 815 3726 948 3802; x_wconf 84' lang='lat' dir='ltr'><strong>scripturn</strong></span> <span class='ocrx_word' id='word_1_312' title='bbox 974 3735 1017 3781; x_wconf 88' lang='lat' dir='ltr'><strong>est</strong></span> <span class='ocrx_word' id='word_1_313' title='bbox 1045 3728 1256 3793; x_wconf 75' lang='lat' dir='ltr'><strong>„c5mertium“.</strong></span> 
     </span>
     <span class='ocr_line' id='line_1_65' title="bbox 815 3807 1255 3891; baseline 0.005 -24"><span class='ocrx_word' id='word_1_314' title='bbox 815 3807 860 3870; x_wconf 81' lang='lat' dir='ltr'><strong>Cl.</strong></span> <span class='ocrx_word' id='word_1_315' title='bbox 884 3815 990 3880; x_wconf 85' lang='lat'><strong>1,18.:</strong></span> <span class='ocrx_word' id='word_1_316' title='bbox 1014 3832 1048 3869; x_wconf 85' lang='lat' dir='ltr'><strong>ex</strong></span> <span class='ocrx_word' id='word_1_317' title='bbox 1070 3814 1173 3891; x_wconf 83' lang='lat' dir='ltr'><strong>quibus</strong></span> <span class='ocrx_word' id='word_1_318' title='bbox 1195 3810 1255 3870; x_wconf 86' lang='lat' dir='ltr'><strong>locis</strong></span> 
     </span>
     <span class='ocr_line' id='line_1_66' title="bbox 814 3899 1257 3977; baseline 0 -23"><span class='ocrx_word' id='word_1_319' title='bbox 814 3927 849 3941; x_wconf 89' lang='lat'>-</span> <span class='ocrx_word' id='word_1_320' title='bbox 867 3919 936 3977; x_wconf 85' lang='lat' dir='ltr'><strong>quae</strong></span> <span class='ocrx_word' id='word_1_321' title='bbox 953 3900 1022 3956; x_wconf 84' lang='lat' dir='ltr'><strong>lama</strong></span> <span class='ocrx_word' id='word_1_322' title='bbox 1038 3901 1067 3956; x_wconf 86' lang='lat' dir='ltr'><strong>in</strong></span> <span class='ocrx_word' id='word_1_323' title='bbox 1080 3899 1200 3958; x_wconf 87' lang='lat' dir='ltr'><strong>Sabinos</strong></span> <span class='ocrx_word' id='word_1_324' title='bbox 1217 3907 1257 3956; x_wconf 86' lang='lat' dir='ltr'><strong>aul</strong></span> 
     </span>
     <span class='ocr_line' id='line_1_67' title="bbox 814 3985 1255 4068; baseline 0.011 -27"><span class='ocrx_word' id='word_1_325' title='bbox 814 4003 868 4062; x_wconf 92' lang='lat' dir='ltr'><strong>quo</strong></span> <span class='ocrx_word' id='word_1_326' title='bbox 881 3985 985 4060; x_wconf 87' lang='lat' dir='ltr'><strong>linguae</strong></span> <span class='ocrx_word' id='word_1_327' title='bbox 997 3991 1162 4046; x_wconf 85' lang='lat' dir='ltr'><strong>commercio</strong></span> <span class='ocrx_word' id='word_1_328' title='bbox 1171 4007 1255 4068; x_wconf 83' lang='lat' dir='ltr'><strong>queru-</strong></span> 
     </span>
     <span class='ocr_line' id='line_1_68' title="bbox 812 4070 1255 4152; baseline 0 -21"><span class='ocrx_word' id='word_1_329' title='bbox 812 4092 893 4149; x_wconf 81' lang='lat' dir='ltr'><strong>qustu</strong></span> <span class='ocrx_word' id='word_1_330' title='bbox 932 4070 972 4138; x_wconf 69' lang='lat' dir='ltr'><strong>ad,</strong></span> <span class='ocrx_word' id='word_1_331' title='bbox 1007 4074 1184 4152; x_wconf 82' lang='lat' dir='ltr'><strong>cupiditatem</strong></span> <span class='ocrx_word' id='word_1_332' title='bbox 1221 4073 1255 4131; x_wconf 92' lang='lat' dir='ltr'><strong>di·</strong></span> 
     </span>
    </p>
   </div>
   <div class='ocr_carea' id='block_1_17' title="bbox 0 0 1314 4590">
    <p class='ocr_par' dir='ltr' id='par_1_24' title="bbox 0 0 1314 4590">
     <span class='ocr_line' id='line_1_69' title="bbox 0 0 1314 4590; baseline 0 3"><span class='ocrx_word' id='word_1_333' title='bbox 0 0 1314 4590; x_wconf 95' lang='lat' dir='ltr'><strong> </strong></span> 
     </span>
    </p>
   </div>
  </div>
 </body>
</html>
