2618 4590
172 254 237 323 ΡιΡ

628 268 736 330 amsa
753 270 811 329 Vll.

173 433 313 515 consulis
339 445 513 502 cernentes.
552 433 667 501 cohors
696 454 862 499 unacum
889 431 975 519 houd
1003 431 1116 522 procul
1142 428 1270 524 Annyre

174 551 267 629 esset,
289 537 329 605 ad
350 538 502 605 Lautulas
526 539 609 605 saltu
629 549 763 628 angrrsto
785 537 867 604 inter
887 560 976 603 mare
1000 561 1037 603 ae
1059 537 1180 603 montis
1202 561 1272 605 eon·

175 644 258 711 sedit
287 644 327 709 ad
357 643 564 733 excipiendos
593 666 675 733 quos
698 641 811 709 consul
833 641 901 707 aliis
924 653 1020 732 atque
1044 641 1113 707 aliis
1135 651 1174 707 ut
1202 652 1271 708 ente

174 748 293 815 dietum
324 759 373 815 est
401 748 504 814 causis
526 747 681 815 mittebat.
718 748 783 813 iam
804 744 907 814 valida
937 747 1111 813 admodum
1139 770 1270 814 numero

143 860 286 918 amanus
310 864 377 919 erat
400 876 460 919 nee
484 853 657 943 quiequam
679 851 749 916 ud
740 851 812 917 rusti
841 851 999 918 exercitus
1027 850 1166 916 formam
1187 852 1271 942 prae

170 967 220 1023 ter
243 956 358 1024 ducem
382 957 506 1023 deerat.
544 955 733 1045 inconpositi
755 956 863 1046 itaque
890 955 1116 1046 praedantes
1107 979 1140 1021 ιιι
1164 980 1271 1047 agrurn

167 1060 329 1127 Albanum
350 1061 541 1150 perveniunt
563 1072 596 1127 et
617 1060 708 1126 sub'
700 1085 774 1150 rugo
796 1060 898 1127 Albae
920 1061 1034 1150 longae
1062 1072 1166 1128 eastra
1189 1062 1271 1130 vallo

168 1165 306 1254 eingrmt.
341 1165 485 1255 perlecto
509 1165 587 1234 inde
616 1188 713 1254 opere
742 1165 902 1256 reliquum
923 1156 985 1232 diei
1013 1166 1053 1230 de
1081 1165 1272 1256 imperatore

172 1271 329 1337 sumendo
345 1269 509 1337 sententiis
524 1269 632 1336 deeert
619 1280 686 1335 tant
700 1269 780 1335 nulli
797 1292 838 1337 ex
851 1269 1072 1360 praesentibus
1087 1271 1163 1336 satis
1179 1271 1274 1338 liden-

126 1382 161 1436 10
171 1385 238 1440 tes
271 1399 369 1466 quem
391 1399 431 1440 au
432 1387 499 1441 tem
520 1374 560 1439 ab
582 1374 685 1441 Roma
708 1397 803 1463 posse
826 1374 932 1458 exciri
955 1399 1052 1466 quem
1070 1383 1201 1473 patrum
1223 1387 1275 1444 aut

146 1477 285 1598 plebis·
299 1502 369 1546 esse
393 1479 448 1568 qui
469 1489 524 1544 aut
546 1501 581 1545 se
604 1480 693 1545 tanto
717 1477 861 1569 periculo
884 1480 987 1547 sciens
1010 1468 1124 1546 offerat
1145 1491 1203 1547 aut
1225 1479 1275 1546 eui

95 1586 98 1598 '
172 1605 215 1649 ex
242 1580 354 1649 ιιιιιιιιι
389 1582 572 1651 insanientis
600 1584 758 1653 exercitus
792 1607 887 1652 causa
919 1594 1007 1650 reete
1040 1585 1277 1653 committatur?

188 1758 214 1817 1.
241 1778 308 1815 eum
330 1757 416 1815 haud
433 1759 541 1835 procul
561 1748 688 1835 Anxyre

242 1855 336 1904 esset.-
362 1843 435 1903 Harl
455 1865 535 1904 ι.-
565 1845 598 1901 Ρι
627 1865 687 1902 curn

240 1928 314 1988 haud
337 1931 432 2010 procul
451 1952 535 2006 anxyr
556 1942 634 1991 esset.
660 1932 688 1989 ιιι

159 2008 163 2019 “
239 2039 275 2078 m.
295 2022 335 2078 1.·
354 2041 414 2076 cum
433 2018 505 2075 haud
523 2010 618 2095 procul
636 2040 688 2076 aux

240 2107 358 2177 †esset.
386 2127 422 2166 m.
446 2109 484 2165 3.:
509 2106 585 2167 anxir
608 2117 686 2165 esset.

239 2191 320 2252 Reec.
340 2190 433 2252 codd:
453 2214 538 2251 anxur
555 2201 636 2251 esset.

186 2280 213 2340 Ρ.
241 2282 363 2337 montis:
383 2281 409 2337 ll
427 2299 463 2337 m.
482 2281 506 2338 1.
523 2279 562 2353 Ρ]
581 2289 687 2336 montes

239 2368 281 2439 (tl
290 2388 326 2426 m.
339 2369 390 2438 Ρ).
400 2362 685 2426 -Leid.1.Voss.rr.:

241 2454 275 2509 ad
293 2454 431 2513 Lautulas.

187 2540 214 2600 ι.
242 2542 302 2597 iem
320 2540 425 2598 ualida
450 2542 613 2611 admodum
633 2561 685 2597 rtu-

212 2623 214 2628 ’
241 2648 322 2686 mero
340 2649 446 2685 manus
467 2638 546 2685 erat:
570 2627 627 2686 Plll.
651 2656 685 2669 --

177 2712 180 2719 '
239 2706 297 2775 Pal.
313 2719 353 2776 1.:
372 2718 425 2773 iam
438 2712 527 2774 ualido
541 2711 686 2776 admodum
764 2714 767 2721 ’

239 2823 353 2860 numero
372 2794 501 2861 romanus
520 2813 585 2861 erat.

186 2888 213 2948 8.
240 2891 388 2968 reliquum
404 2892 479 2948 diei:
497 2888 527 2948 P.
541 2922 575 2930 -
586 2889 626 2945 ll:
643 2909 685 2944 re·

193 3008 197 3017 =
237 2977 323 3054 liqum
341 2978 403 3035 diei.
422 3008 458 3019 —
485 2976 524 3031 lll:
545 2975 634 3044 „nulli
653 2996 687 3033 ex

175 3064 178 3071 '
238 3066 382 3140 presentiis
405 3065 409 3132 Ι
429 3062 543 3116 fidentes
553 3067 579 3120 “.
622 3063 685 3118 dein

238 3151 406 3225 „presentia
422 3150 426 3217 Ι
442 3147 587 3205 fidentes“.

168 3234 223 3299 11.·
239 3234 349 3311 quinat
358 3238 480 3292 retento
487 3234 619 3308 periculo
630 3236 684 3290 sci·

176 3312 178 3317 ’
237 3318 685 3396 ensofferatauteuiexiniuria

129 3434 139 3443 ·
238 3410 414 3468 insanientis
431 3411 579 3466 exercitus
592 3428 685 3465 causa

236 3493 596 3555 recteeommirtatarffllt.
607 3496 684 3552 Duae

237 3594 313 3639 erant
342 3605 387 3641 res
422 3604 534 3662 quarum
562 3594 686 3642 neutram

236 3669 290 3725 sibi
303 3691 432 3749 prospere
452 3682 604 3728 eventuram
623 3692 685 3750 spe-

234 3776 295 3814 rare
324 3777 405 3836 posse
428 3759 527 3816 milites
556 3759 683 3816 videban·

234 3851 294 3901 tur:
319 3847 453 3901 neminem
471 3846 541 3903 enim
559 3845 618 3903 lore
636 3847 683 3922 qui

235 3950 266 3988 se
284 3934 343 4008 ipse
361 3934 449 3989 sciens
468 3943 542 3991 tanto
561 3933 682 4011 periculo

233 4019 332 4077 offerre
344 4019 424 4077 vellet
440 4042 491 4079 nee
500 4022 544 4077 eui
555 4023 609 4097 ipsi
621 4040 681 4076 eum

232 4102 288 4162 lide
305 4106 458 4184 fiduciaque
478 4128 555 4166 snam
573 4127 680 4166 eausam

829 1760 995 1816 committere
1007 1766 1128 1837 possent.
1148 1750 1210 1815 eum
1228 1760 1277 1834 igi·

765 1838 768 1843 ⁵
830 1857 875 1904 tur
901 1846 928 1905 ιι.
946 1845 964 1904 l.
993 1847 1027 1903 de
1049 1867 1079 1903 se
1099 1846 1156 1921 ipsi
1177 1845 1278 1902 milites

829 1955 930 2013 suaque
956 1934 1117 1990 condicione
1146 1933 1278 2001 indicent,

830 2032 902 2079 reete
926 2021 981 2077 diei
1004 2030 1094 2099 potest
1118 2023 1279 2088 „uomitus

830 2129 864 2165 ex
882 2110 979 2164 iniuria
992 2109 1151 2164 insanientis
1164 2113 1278 2167 eausa“.

829 2215 923 2275 magna
947 2197 1018 2251 enim
1040 2194 1139 2275 iniuria
1159 2194 1216 2252 sibi
1239 2198 1279 2252 vi·

831 2274 962 2339 debentur
973 2283 1064 2339 offecti
1076 2302 1126 2338 nee
1142 2284 1203 2339 sine
1221 2303 1279 2359 gra·

828 2371 904 2427 tiore
927 2390 1006 2426 eausa
1030 2391 1044 2424 a
1069 2361 1209 2447 republlot
1236 2392 1278 2428 se·

784 2446 795 2535 ¹¹
827 2460 952 2525 cessisse,
971 2479 1018 2536 qni
1008 2455 1081 2514 alii
1095 2478 1129 2515 ex
1141 2457 1205 2529 aliis
1217 2480 1278 2516 eau-

793 2608 796 2614 ,
829 2547 868 2600 ιιι
886 2555 1021 2623 tamquam
1044 2548 1123 2625 impii
1146 2548 1222 2603 cives
1244 2548 1278 2603 ab

789 3382 836 3430 Ι.

820 2634 929 2697 'exercit
918 2643 949 2697 tu
975 2632 1077 2691 exclusi
1104 2629 1279 2711 quaestiones

828 2719 1013 2797 suppliciaque
1034 2724 1142 2797 passuri
1161 2720 1279 2779 Romam

778 2790 783 2807 ¹
802 2880 806 2885 Ι
828 2809 1003 2866 mitterentur.
1035 2828 1088 2884 quo
1106 2810 1189 2885 igitur
1207 2810 1278 2866 iudi·

829 2890 871 2949 oio
890 2893 936 2950 ille
954 2894 1055 2953 Sannio
1075 2896 1146 2973 apud
1163 2894 1275 2956 Terent.

829 2982 858 3036 in
876 2980 919 3037 ad.
938 2983 963 3049 Ρ,
977 2984 1002 3039 1.
1021 2985 1064 3041 43.
1084 2981 1216 3055 „Minime
1227 2986 1278 3041 mi·

829 3087 883 3134 ror,
902 3089 950 3144 qur
960 3073 1079 3127 lnsumre
1091 3072 1232 3148 occipiunt
1244 3091 1278 3129 ex

828 3151 939 3210 iniuria:
967 3154 1058 3214 llomo
1089 3177 1133 3215 me
1166 3161 1277 3243 eripuit,

827 3241 1001 3299 verberavit“
1021 3253 1079 3315 eet,
1098 3245 1243 3306 eodemlr.
1258 3248 1276 3307 l.

825 3323 924 3385 milites
943 3330 1059 3406 apudL.
1077 3351 1107 3389 se
1126 3354 1160 3391 ex
1178 3333 1277 3391 iniuria

826 3415 946 3472 insanire
959 3416 1059 3480 dieunt.
1085 3420 1164 3490 „Wo
1184 3422 1277 3479 werde

828 3503 888 3558 sich
899 3513 977 3561 autor
989 3507 1041 3562 den
1050 3506 1201 3569 Patrieiern
1211 3510 1277 3567 oder

827 3588 968 3666 Plebejern
995 3578 1070 3652 einer
1093 3595 1201 3665 finden,
1229 3597 1278 3653 der

828 3675 887 3733 sich
896 3681 1064 3739 wissantlieh
1076 3685 1151 3741 einer
1163 3682 1276 3741 solehen

828 3764 1278 3841 Gelahranssetzenmttelrte,oder

792 3930 795 3935 Ι
826 3851 887 3910 dem
914 3858 954 3912 sie
981 3858 1029 3914 dns
1055 3856 1143 3914 Wohl
1171 3859 1222 3917 des
1249 3862 1277 3916 ιιι

823 3938 907 4015 Folge
921 3940 969 3999 der
983 3945 1038 4001 ihm
1051 3948 1212 4023 zugeliigten
1220 3947 1278 4005 Un-

823 4025 905 4085 billen
929 4051 983 4088 von
1001 4033 1074 4090 Zorn
1096 4034 1280 4099 euthrannten

824 4110 927 4173 lleenes
937 4128 1111 4198 anvertrauen
1122 4118 1280 4183 ldnnten“.
