2618 4590
527 179 636 240 ldbllll
654 181 711 241 Vll.
1106 165 1171 234 247

71 341 134 408 boc
156 339 217 408 dici
244 353 382 431 poterat,
409 341 560 430 patricius
582 341 667 411 enim
690 367 758 410 eras
780 355 814 412 et
836 369 854 410 a
876 341 1097 410 liberatoribus
1118 364 1172 432 pa-

71 446 147 535 triae
169 457 257 514 ortus
281 458 314 513 et
336 446 452 513 eodem
474 469 559 514 anuo
581 445 699 514 lamilia
713 449 779 517 ista
796 449 997 517 consulatum
1013 470 1079 538 quo
1094 445 1171 513 urbs

70 551 150 620 lraec
174 550 342 620 consulem
363 550 475 618 habuit
496 577 554 618 -ε
581 554 753 621 nunciam
780 553 874 633 nobis
903 552 1043 644 patribus
1067 551 1171 620 vobis·
1210 587 1217 609 ·

71 681 133 747 que
156 655 265 747 plebei
286 656 487 746 promiscuus
510 657 694 727 consulatus
716 671 806 750 patet
827 681 888 731 nee
902 657 1025 748 generis
1048 668 1084 723 ut
1098 667 1171 724 ante
1253 734 1257 753 ι

70 764 127 829 sed
149 761 273 829 virtutis
297 773 345 828 cst
366 763 559 853 praemium:
588 764 724 854 proinde
739 780 906 833 ‘summum
929 759 1081 852 quodque
1104 773 1207 850 spe-t

72 877 156 933 ctate
179 866 294 939 milites
316 866 425 935 decus.
447 891 514 935 non
535 868 563 935 si
584 868 663 935 mibi
685 894 806 939 novum
828 870 891 937 boc
907 865 1036 945 Corvini
1059 887 1173 955 cogno-

68 995 144 1038 men
174 972 231 1037 diis
261 972 442 1041 auctoribus
468 972 616 1041 homines
643 974 790 1059 dedistis,
823 973 1063 1042 Publicolarum
1088 981 1174 1038 vetu-

66 1086 154 1142 stum
175 1075 313 1145 familiae
335 1088 463 1145 nostrae
485 1103 666 1170 cognomen
689 1079 844 1148 memoria
867 1077 1020 1146 excessit:
1046 1097 1174 1164 semper

137 1313 205 1354 rom.
218 1293 337 1355 deberet
355 1296 405 1354 sod
423 1317 484 1357 eum
496 1300 533 1356 ita
543 1301 585 1356 ni·

137 1381 177 1437 hil
195 1381 268 1438 aliud
281 1381 403 1442 Valerius
416 1405 495 1464 quam
510 1386 584 1465 qnod

135 1470 258 1527 adunam
271 1469 440 1550 familiaeque
452 1495 516 1532 suae
528 1473 583 1548 glo·

727 1299 791 1360 elin.
813 1309 863 1358 est.
894 1330 928 1340 -
959 1295 1084 1371 Plerique
1104 1254 1173 1350 rece.

727 1386 821 1445 codd:
840 1406 889 1443 nec
898 1388 999 1466 gentis
1011 1392 1041 1441 nt
1054 1379 1175 1438 anteced

726 1477 843 1533 uirtutis.

135 1558 204 1613 riam
226 1567 373 1636 spectaret,
402 1561 491 1621 dicere
509 1561 583 1617 vide·
673 1566 699 1622 5.
723 1563 851 1638 proinde
869 1579 1015 1618 summum
1033 1556 1175 1635 quodque
1220 1557 1223 1561 ’

124 1655 223 1714 retur,
252 1657 325 1722 grata
345 1638 460 1726 qnadmr
477 1658 582 1705 senten·

134 1735 186 1789 tias
200 1736 378 1792 connectendi
390 1739 494 1793 ratione
507 1736 541 1793 ad
554 1735 583 1793 id

135 1823 250 1878 transire
271 1825 373 1900 pergit,
399 1842 454 1900 quo
475 1843 583 1898 magno·

135 1929 201 1988 pare
223 1909 339 1967 militum
357 1912 461 1967 animos
483 1910 517 1966 ad
535 1930 583 1988 pu·

133 1997 233 2072 gnaodl
269 1998 443 2075 cupiditatem
479 1997 584 2053 inllam·

133 2085 202 2142 mari
224 2104 335 2141 neeesse
359 2095 444 2153 esset,
473 2105 532 2142 cum
552 2105 584 2140 se

134 2193 184 2229 sua
203 2192 336 2250 quemque
352 2176 451 2230 virtute
471 2164 584 2230 simmia

134 2259 583 2340 bonoribusdignosreddercpos-

135 2366 166 2403 se
176 2366 206 2402 se
215 2347 346 2406 viderent.
357 2379 391 2392 ·-
405 2347 449 2407 cf.
460 2352 486 2416 d,
499 2352 546 2422 ⁴⁸,
557 2357 584 2402 at

135 2435 296 2492 enimvero
321 2456 400 2492 nemo
423 2445 487 2515 post
508 2455 584 2508 reges

133 2531 243 2578 exactos
254 2522 289 2578 de
300 2521 380 2599 plebe
390 2522 486 2579 consul
498 2523 582 2581 luit“.

135 2612 185 2677 23,
212 2613 268 2668 sta
295 2613 397 2677 „enim
424 2612 513 2667 minor
540 2629 584 2664 res

134 2703 207 2757 est“.
226 2700 270 2764 92,
288 2701 346 2755 59.:
365 2717 460 2766 „nam
478 2700 501 2753 si
520 2716 585 2752 eon·

135 2783 219 2842 ieram
236 2804 362 2843 nuscum
377 2784 441 2852 illis,
459 2786 584 2841 iniuriam

135 2874 239 2928 nomini
252 2893 320 2932 rom.
333 2873 463 2931 laciam“.
482 2873 526 2939 21,
539 2873 582 2926 lo,

134 2957 169 3019 al.
197 2959 229 3015 ln
247 2960 290 3017 bis
309 2960 497 3036 similibusque
515 2957 582 3015 locis

133 3048 240 3111 videtur
263 3047 365 3126 ellipsis
390 3046 520 3125 quaedam
542 3048 582 3100 in-

133 3135 361 3196 esse-Laida:
374 3138 504 3214 patricius
512 3136 582 3190 enim

133 3232 191 3279 erat
208 3233 236 3279 et
254 3246 269 3279 a
293 3224 483 3281 liberatoribus
507 3231 582 3278 ortus

132 3313 245 3388 patriae.

75 3398 105 3456 3.
133 3399 279 3475 uobisque
289 3400 401 3473 plebei.-
421 3397 469 3455 ΡΜ
481 3396 554 3454 Harl.
565 3418 582 3455 ι.

132 3482 210 3544 Leid.
236 3506 252 3541 r.
285 3486 337 3557 al]
366 3487 499 3563 vobisque
526 3484 582 3560 ple-

131 3573 204 3630 beiis
241 3576 327 3640 (rece.
365 3574 440 3649 quid.
478 3573 583 3640 codd).

133 3659 222 3730 „Und
254 3660 336 3728 cuch,
367 3661 429 3718 dem
459 3658 583 3716 Volle“:

132 3766 188 3803 non
218 3748 309 3804 minus
340 3751 411 3804 enim
440 3748 492 3803 lroe
522 3746 581 3802 loeo

132 3854 213 3910 quarn
238 3839 270 3903 3,
290 3836 334 3894 ol.
360 3837 484 3912 „pariter
501 3834 582 3910 patri-

98 3928 108 3945 *
134 3920 185 3979 bus
207 3922 350 4000 plebeique
377 3926 524 4000 acceptus“
548 3919 582 3979 al.

132 4012 230 4086 plebei
259 4011 366 4070 dativus
398 4013 507 4088 quintae
537 4008 583 4064 de-

728 1659 859 1725 spectate
870 1650 979 1704 milites
992 1647 1098 1701 decue:
1117 1640 1174 1700 ΡΜ.

727 1769 762 1781 -
789 1735 870 1794 llecc.
898 1734 977 1793 codd.
1000 1731 1046 1788 alii
1071 1750 1174 1804 exspe-

727 1833 814 1893 ctate,
834 1823 879 1879 alii
892 1829 1074 1897 exspectare.
1093 1815 1136 1874 cf.
1150 1819 1175 1882 ’2,

727 1915 787 1971 aa:
807 1913 871 1981 „ire
884 1910 966 1966 sortes
979 1910 1017 1963 ire
1030 1905 1122 1961 lelices
1135 1905 1174 1957 iu-

727 2000 805 2067 bent,
832 1998 949 2075 inceptis
968 2003 1079 2053 eventus
1096 2007 1175 2066 pares

681 2150 689 2163 ,Ι
728 2086 855 2144 reddere:
884 2081 1039 2142 consulatus
1062 2079 1126 2136 inde
1144 2097 1176 2132 ae

727 2172 888 2250 triumphos,
907 2173 996 2227 omnia
1010 2169 1126 2246 praemia
1141 2163 1174 2218 ab

698 2258 702 2266 ’
727 2281 758 2318 se
775 2280 870 2317 omnes
888 2258 1007 2315 honores
1020 2256 1173 2332 spectaro“.

724 2335 760 2393 ’-
795 2347 929 2406 Leid.1.:
966 2342 1052 2401 milite
1082 2341 1173 2398 decus.

726 2434 807 2496 Voss.
825 2455 854 2495 rr.
873 2434 920 2493 al:
939 2431 1051 2490 militiae
1069 2428 1160 2490 decus.

672 2527 699 2580 6.
726 2543 836 2580 nouum
854 2521 911 2579 hoc
930 2520 1055 2578 Coruini
1068 2536 1175 2595 cogno·

726 2632 809 2668 men.-
827 2609 877 2666 PM
895 2606 995 2666 Harlr.
1009 2605 1085 2663 Leid.
1100 2623 1118 2661 1.
1129 2601 1175 2672 al}

726 2717 827 2755 novum
848 2696 903 2751 lroc
920 2694 1006 2751 Corvi
1028 2708 1176 2766 cognomen

728 2789 812 2852 (rece.
832 2783 885 2838 duo
898 2781 1003 2849 codd).
1022 2778 1066 2839 Cf.
1078 2780 1104 2844 7,
1117 2779 1174 2831 lb:

726 2870 761 2927 lll.
782 2868 917 2925 Valerium
936 2867 1065 2927 Corvum.
1083 2893 1118 2904 -
1140 2860 1175 2917 P:

727 2967 805 3014 uetus
823 2961 856 3012 tri
875 2955 992 3013 familiae
1004 2960 1113 3009 nostrae
1131 2967 1174 3004 eo·

725 3064 849 3122 gnomen.

671 3139 697 3195 8.
726 3153 842 3209 semper
864 3152 921 3211 ego
946 3129 1062 3206 plebem
1078 3143 1174 3181 roma-

726 3243 796 3279 nam
814 3252 848 3261 -
874 3220 940 3277 colo
964 3214 1054 3292 utque
1080 3212 1173 3268 colui:

725 3309 774 3365 ΡΜ
802 3307 859 3365 rell.
900 3306 931 3360 In
958 3305 1001 3359 his
1029 3299 1173 3377 postremis

726 3395 816 3453 verbis
834 3393 902 3450 illud
914 3381 1032 3464 ὕστερον
1043 3386 1173 3460 πρότερον

726 3485 816 3538 inesse
852 3479 972 3544 videtur,
1011 3496 1066 3531 non
1099 3471 1172 3549 qnod

725 3590 842 3644 semper
859 3565 991 3622 colodici
1009 3583 1064 3620 non
1076 3561 1173 3638 possit,

726 3658 776 3714 sed
799 3666 911 3734 propter
934 3676 964 3708 ea
992 3672 1061 3729 quae
1081 3644 1171 3705 medio

724 3745 785 3800 loco
808 3744 946 3817 leguntur,
972 3740 1007 3796 ad
1031 3756 1098 3813 quac
1116 3753 1172 3797 non

725 3834 791 3888 colo
809 3831 858 3886 sed
876 3831 957 3886 colui
972 3826 1112 3902 pertineat.
1136 3821 1170 3878 cl.

724 3922 769 3985 26,
788 3919 844 3976 ln:
871 3919 921 3984 „in
940 3912 1049 3969 vulnera
1068 3929 1099 3964 ao
1116 3906 1169 3963 tela

726 4012 838 4063 ruunt“.
868 4002 917 4060 sed
944 4000 1004 4056 fieri
1029 3998 1118 4073 potuit
1140 4003 1170 4051 ut
1229 4059 1246 4084 l
