2618 4590
526 294 636 356 LIBER
652 294 698 359 Vl.
1095 281 1159 353 127

17 504 20 515 .
62 456 219 525 tribunos:
241 496 286 508 -
313 457 391 547 quid
418 468 469 525 est
496 457 581 525 aliud
614 457 733 542 dicere,
756 459 855 551 ⁸quod
882 470 994 550 petunt
1020 462 1072 530 alii
1097 483 1159 530 nos

60 561 143 628 adeo
175 562 354 629 fastidimus
381 573 418 631 ut
445 561 514 630 sine
540 564 689 632 mercede
720 580 836 656 nragna
864 587 931 631 non
957 568 1158 658 accipiamus.

58 666 117 732 sed
140 691 223 758 quae
246 668 375 735 tandem
395 666 454 736 ista
475 691 600 735 merces
623 680 673 737 est
694 694 765 760 qua
781 690 840 737 vos
868 691 996 760 semper
1015 672 1158 739 tribunos

55 770 163 861 plebis
184 771 379 840 habeamus?
403 783 441 841 ut
460 772 642 864 rogationes
662 772 766 865 inquit
785 785 925 858 nostras,
952 798 1011 844 seu
1031 776 1160 865 placent

58 898 120 941 seu
142 876 309 967 displicent
328 898 386 944 seu
406 878 502 945 utiles
529 882 588 945 s'eu
613 877 740 946 inutiles
767 882 856 962 sunt,
890 904 1004 948 omnes
1032 880 1188 951 coniurat

59 980 138 1046 cam
160 982 328 1072 accipian.
368 966 586 1051 abactam
600 982 765 1073 sarpam
782 982 902 1051 assunt
916 984 1029 1075 plenis,
1049 994 1160 1075 putata

54 1107 112 1150 me
135 1108 176 1152 ex
198 1087 303 1154 media
325 1087 475 1156 contione
497 1110 599 1154 unum
621 1088 725 1156 civem
751 1088 949 1157 succlamare
976 1089 1087 1174 „bona
1107 1112 1161 1157 ve·

54 1189 109 1256 nia
136 1203 241 1258 vestra
267 1192 364 1260 liceat
390 1216 434 1260 ex
461 1192 511 1260 bis
538 1193 754 1284 rogationibus
785 1193 894 1284 legere
915 1217 996 1285 quas
1017 1192 1161 1261 salubres

17 1348 21 1353 .
52 1295 148 1363 nobis
170 1320 337 1365 censemus
358 1321 441 1383 esse,
463 1297 627 1389 antiquare
641 1298 752 1368 alias“.
774 1322 841 1367 non
856 1299 959 1392 inquit
972 1299 1097 1368 licebit:
1112 1336 1159 1349 -

70 1517 98 1576 l.
125 1517 356 1593 quidestoliud
366 1518 409 1592 (P
413 1518 514 1590 .aliut)
527 1519 572 1576 di·
713 1521 803 1576 minus
823 1518 950 1577 ferociter
966 1518 1001 1578 ll.
1020 1517 1161 1576 Horatium

100 1624 206 1663 carc:
199 1605 272 1663 ·Pll
288 1606 347 1667 rell.
364 1607 392 1667 b.
409 1628 434 1667 e.
452 1606 574 1685 quidest

124 1691 209 1750 aliud
219 1715 310 1772 quum
327 1694 426 1754 dicere.
451 1695 484 1753 cf.
503 1697 529 1760 6,
545 1696 572 1755 7.

124 1778 235 1850 „bostis
254 1792 296 1839 est
313 1782 380 1860 qnid
397 1781 471 1839 aliud
491 1801 572 1859 quam

121 1879 252 1947 perpetua
262 1873 371 1927 materia
381 1870 512 1927 virtutis“
520 1879 572 1931 eet.

123 1956 159 2013 Et
171 1956 224 2012 boc
236 1978 327 2049 quom
339 1961 368 2015 in
377 1978 431 2014 uno
441 1955 534 2016 Lovel.
545 1958 572 2015 2.

122 2028 259 2105 servaturi:
271 2045 388 2115 videtur,
407 2066 467 2102 cnm
480 2044 539 2102 ibi
531 2064 571 2101 m·

122 2144 233 2190 ventum
254 2135 292 2189 sit
317 2133 408 2211 q„uid
431 2143 473 2191 est
497 2131 571 2190 aliud

126 2216 217 2277 dicere
248 2241 338 2297 quam
367 2220 441 2298 qnod
475 2228 572 2300 petunt

125 2298 192 2356 tltl
206 2318 277 2376 cet,
279 2330 350 2377 was
362 2309 447 2367 bersst
459 2309 506 2365 das
514 2309 571 2366 An

125 2384 205 2443 detes
228 2407 275 2443 sar
259 2410 309 2464 nen
332 2397 401 2457 a.ls“
437 2397 487 2453 sed
509 2415 571 2454 cunr
593 2444 596 2449 .

124 2477 154 2533 in
178 2475 311 2533 similibus
334 2479 442 2537 dicendi
468 2486 571 2558 generi·

122 2562 175 2619 bus
203 2583 293 2640 quom
323 2567 458 2624 interdum
487 2571 569 2627 omis-

123 2669 184 2707 sum
203 2652 247 2719 sit,
265 2672 300 2708 ne
317 2653 369 2709 boc
381 2655 490 2732 quidem
507 2656 570 2714 loco

58 2736 65 2745 '
124 2738 219 2794 invitis
233 2738 311 2795 libris
323 2745 458 2821 mseriptis
471 2743 571 2801 addere

123 2844 219 2886 ausim.

66 2913 96 2970 b.
125 2930 179 2969 seu
191 2915 279 2970 utiles
289 2935 343 2971 seu
353 2916 473 2973 inutiles
485 2927 571 2974 sunt:

122 2997 154 3055 P.
172 3028 207 3039 —
224 2998 267 3055 lll:
289 3021 360 3067 „seu
377 3002 457 3059 utiles
475 3010 572 3074 sunt“,

122 3104 184 3141 cum
194 3089 412 3161 praetermissum
422 3100 493 3147 esset
504 3111 571 3160 ,sen

122 3171 264 3232 inutiles“.
294 3173 396 3232 Contra
414 3180 444 3234 in
462 3177 535 3237 llarl.
552 3198 570 3238 1.

122 3268 152 3315 et
177 3262 206 3316 iu
233 3259 309 3321 Leid.
328 3283 346 3325 1.
373 3267 501 3323 omissum
529 3277 571 3322 est

123 3367 194 3417 „seu
222 3350 332 3411 utiles“.
375 3353 420 3413 Cl.
446 3352 478 3410 T.
507 3353 570 3411 Livi

122 3435 223 3497 lxxx.
241 3459 268 3517 p.
287 3459 377 3498 xxxru.
396 3444 422 3500 5,
441 3472 476 3484 -
494 3440 516 3496 Ρ
534 3461 570 3501 nr.

35 3590 38 3599 Ι
125 3526 166 3582 1.·.
183 3526 289 3601 inquid.
307 3559 338 3568 -
360 3527 433 3588 llarl.
450 3549 479 3584 n:
499 3549 570 3598 „seu

120 3608 299 3687 placerent“.
351 3612 426 3670 ldem
460 3625 569 3690 postea:

122 3718 214 3774 „quae
237 3703 407 3776 magistratus
429 3701 475 3758 ille
499 3702 570 3759 dice·

124 3791 200 3845 rst“,

64 3870 96 3930 6.
124 3869 245 3925 obsecro
268 3895 324 3931 uos
352 3877 509 3953 Tarquinii
533 3883 570 3934 tr.

121 3956 165 4032 pt.
186 3965 287 4030 putate
311 3972 375 4014 cate
394 3960 452 4020 ΡΜ.
478 3993 512 4002 -
538 3959 570 4017 ln

126 4041 205 4102 Voss.
223 4062 250 4098 rr.
275 4041 390 4119 aliisque
410 4063 479 4102 rece.
498 4050 569 4101 exci-

123 4130 166 4187 dit
180 4131 342 4206 Tarquinii.
359 4129 393 4188 cl.
405 4133 432 4201 3,
444 4133 501 4191 39.;
520 4153 570 4190 nec

712 1609 769 1664 issa
786 1610 815 1664 in
831 1617 972 1674 certamen,
990 1606 1083 1664 decem
1094 1605 1159 1663 Tar·

713 1697 822 1772 quinios
835 1695 1027 1773 appellantem:
1044 1692 1103 1752 scil.
1113 1692 1160 1749 de·

713 1801 855 1842 cemvrros.

660 1872 687 1928 9.
715 1889 776 1926 non
793 1870 891 1946 inquit
901 1868 1013 1925 licebit:
1030 1865 1067 1926 ll.
1078 1898 1112 1909 -
1123 1864 1160 1923 P:

713 1955 818 2033 inquid
830 1989 865 2000 -
877 1956 940 2013 Pll:
953 1955 987 2012 da
997 1954 1115 2013 foenore.
1124 1983 1160 1994 -

712 2042 753 2102 lll:
772 2053 800 2099 et
817 2044 870 2101 boc
887 2044 1037 2122 poltenti.
1060 2073 1094 2084 -
1120 2039 1160 2098 P:
1196 2110 1202 2127 Ι

712 2142 744 2189 ut
770 2134 799 2190 ii.
826 2130 845 2188 l.
872 2130 1008 2188 sextilium
1037 2133 1092 2202 (nr.
1106 2129 1159 2186 ·2.ι

711 2220 845 2291 sextium)
872 2228 953 2297 atque
976 2217 1048 2283 hunc
1071 2217 1161 2292 gaium
1273 2270 1276 2274 ,

712 2304 835 2364 licinium
853 2313 928 2367 cons.
947 2305 1021 2384 quod
1038 2304 1161 2380 indigna·
1232 2341 1235 2350 ·

711 2398 751 2452 ris
770 2395 844 2472 qnod
858 2394 1040 2452 abhominaris
1058 2392 1160 2449 uideas.

712 2485 723 2551 l
731 2481 774 2542 Cf.
789 2486 814 2550 1,
827 2485 884 2542 26.ι
903 2485 921 2552 ἰ,
935 2491 1015 2560 caput
1023 2478 1160 2548 obnube.)

711 2570 752 2628 tl:
770 2580 850 2647 atque
862 2570 925 2627 bine
937 2572 1027 2645 gaium
1038 2565 1173 2623 licinium.

712 2664 788 2717 cons.
807 2650 881 2734 quod
898 2658 998 2731 ignaris
1011 2653 1085 2731 quod
1097 2651 1162 2708 abo·

712 2747 823 2802 minaris
840 2744 945 2805 u'uleas.
964 2773 999 2786 -·
1017 2741 1116 2796 Omnia
1129 2758 1161 2794 ea

714 2850 783 2906 qnae
801 2831 834 2885 ab
853 2850 931 2898 „non
946 2829 1034 2904 inquit
1045 2824 1159 2881 licebit“

714 2935 801 2993 usque
827 2916 863 2971 ad
881 2925 952 2984 „aut
979 2912 1048 2970 nihil
1077 2911 1161 2967 lero“

713 3005 813 3079 scripta
831 3011 904 3074 sunt,
922 3002 1027 3079 Appius
1046 2998 1162 3055 orationi
1189 3075 1190 3079 ἵ

713 3109 778 3149 suae
794 3100 929 3168 umquam
948 3110 963 3146 a
986 3087 1102 3151 tribunis¹
1121 3085 1161 3142 di·

694 3188 757 3234 »ιιι
776 3181 878 3248 inserit,
896 3177 945 3234 sed
963 3179 1000 3233 ita
1018 3185 1049 3232 nt
1066 3174 1100 3231 de
1111 3193 1161 3231 suo
1265 3218 1269 3227 .

713 3266 850 3322 addiderit
876 3275 903 3321 et
930 3262 1028 3339 „qnod
1049 3260 1087 3317 ad
1110 3280 1161 3319 vos

713 3373 807 3410 omnes
820 3353 960 3428 pertinet“
973 3359 1000 3404 et
1012 3347 1088 3418 „boc
1098 3366 1161 3424 por·

713 3442 807 3496 tenti“
837 3447 865 3493 et
889 3436 987 3512 „quod
1013 3435 1161 3509 indignaris

714 3525 988 3603 qnodabominaris“.
1007 3522 1081 3591 „Das
1091 3522 1161 3581 kann

713 3613 790 3670 nicht
808 3611 912 3668 erlaubt
923 3613 990 3679 sein,
1008 3610 1112 3688 spriebt
1123 3629 1161 3668 er.

714 3700 783 3757 Wrs
801 3698 860 3756 sich
880 3697 937 3754 also
961 3698 1010 3755 aul
1023 3696 1162 3754 Scbulden

714 3789 771 3846 und
783 3787 951 3844 Lttndereien
963 3816 999 3828 -
1015 3787 1106 3843 wobei
1116 3784 1160 3837 ibr

712 3874 774 3932 Allo
804 3875 943 3950 batheiligt
971 3873 1029 3930 aeid
1056 3898 1091 3912 -
1113 3867 1158 3924 be·

712 3963 798 4031 zicht,
826 3963 875 4019 das
895 3960 970 4012 wollt
988 3954 1032 4010 lbr
1048 3953 1157 4011 bestllti-

711 4065 774 4120 gen:
793 4076 827 4086 -
850 4043 939 4100 dieser
965 4040 1065 4099 Grtuel
1093 4041 1158 4099 aber

710 4127 762 4190 sall
774 4131 850 4190 nicbt
861 4150 894 4189 ru
903 4131 1005 4189 Stande
1022 4128 1156 4200 konnen,
