2618 4590
180 262 225 360 tio
645 295 753 356 nmen
771 295 818 356 n.

180 460 296 551 esseut,
316 460 375 557 pro
399 463 521 555 lastigie
544 450 649 528 rerum
665 462 807 529 oratione
830 459 925 528 etiam
940 457 1104 549 magnifica
1127 458 1214 525 lacta
1233 457 1276 524 di-

133 562 138 579 ’
167 566 240 641 'tris
259 565 428 663 'aequando
450 577 667 649 memorasset,
694 567 831 632 nudasse
851 576 964 655 pectus
987 565 1106 655 insigne
1130 564 1278 630 cicatrici-

181 669 242 743 lius
265 676 348 742 bello
372 676 519 767 acceptis,
542 684 575 741 ct
595 670 768 741 identidem
782 670 976 759 Capitolium
998 680 1145 759 spectans
1167 671 1278 735 lovem

181 781 321 870 deosque
355 780 434 846 alios
467 782 640 846 devocasse
669 777 710 842 ad
740 776 891 842 auxilium
919 775 1116 842 fortunarum
1149 798 1278 840 suarum

150 894 484 976 5precatusque·esse
506 894 554 966 ut,¹
574 905 672 971 quarn
693 891 834 947 mentem
856 880 914 945 sibi
937 880 1150 970 Capitolinam
1173 904 1277 946 arcem

179 991 356 1080 protegenti
380 990 420 1055 ad
443 987 580 1053 salutem
596 985 706 1077 populi
721 985 856 1053 Romani
872 985 1039 1067 dedissent,
1063 1009 1133 1050 eam
1156 986 1277 1076 poprdo

179 1093 326 1160 Romano
349 1093 382 1159 in
404 1116 463 1158 suo
487 1090 664 1157 discrimine
680 1092 798 1174 darent
821 1103 854 1158 et
871 1115 977 1158 orasse
993 1091 1133 1180 singulos
1156 1090 1278 1155 univer·-

179 1216 298 1287 sosque
321 1209 358 1264 ut
373 1196 566 1286 Capitolium
588 1207 683 1284 atque
705 1220 812 1262 arcem
830 1197 998 1277 intuentes
1019 1206 1056 1261 ut
1078 1195 1118 1261 ad
1141 1194 1220 1260 deos
1236 1194 1278 1258 in·

179 1302 331 1367 mortales
350 1303 434 1368 versi
458 1303 497 1367 de
519 1325 555 1366 se
576 1301 760 1368 iudicarent.
799 1303 831 1367 in
847 1299 970 1391 Campo
986 1300 1102 1367 Martio
1118 1324 1193 1364 eum
1209 1323 1278 1365 cen-

134 1406 323 1473 10turiatim
345 1406 484 1496 populus
507 1405 655 1471 citaretur
677 1418 709 1472 ct
724 1431 796 1472 reus
812 1408 852 1472 ad
871 1406 1063 1496 Capitolium
1077 1429 1192 1470 marrus
1216 1416 1280 1470 ten·

179 1511 257 1583 dens
280 1511 320 1576 ab
342 1511 523 1577 horninibus
547 1511 587 1576 ad
610 1511 687 1576 deos
710 1536 821 1600 preces
850 1513 1028 1593 avertisset,
1054 1511 1203 1603 ‚apparuit
1230 1509 1278 1574 tri-

146 1598 150 1611 *
177 1603 359 1699 bunisjnisi
382 1615 494 1683 oculos
517 1640 647 1706 quoque
663 1615 829 1683 lrorninum
850 1617 1038 1683 liberassent
1059 1616 1137 1680 tanti
1158 1638 1278 1680 memo-

177 1719 221 1785 ria
250 1720 388 1803 decoris,
421 1745 599 1810 numquam
621 1720 688 1786 fore
712 1720 743 1785 in
772 1722 1012 1811 praeoccupatis
1039 1718 1195 1786 beneficio
1219 1719 1280 1784 ani·

179 1824 240 1890 mis
262 1849 341 1892 vero
363 1823 488 1893 crimini
510 1826 629 1892 locum.
667 1826 709 1892 ita
735 1827 878 1916 prodicta
907 1826 957 1892 die
980 1825 1012 1889 iu
1033 1823 1213 1891 Petelinum
1236 1824 1279 1888 lu-

130 1936 164 1992 15
178 1952 254 1996 cum
281 1940 371 1996 extra
399 1942 526 2020 portam
548 1931 803 2014 Nmnenunam,
832 1932 917 1997 uude
946 1939 1137 2018 conspectus
1166 1929 1197 1992 in
1223 1928 1279 1993 Ca-

192 2130 219 2189 3.
246 2128 694 2204 etidentidemeopr'toliumspe-

246 2224 346 2270 ctans:
364 2214 387 2270 P
405 2237 440 2273 m.
459 2219 485 2272 2.
504 2216 531 2272 lli
548 2216 606 2275 rell.
620 2249 653 2258 —-
672 2216 694 2272 P

247 2320 283 2357 m.
299 2302 337 2358 1.:
356 2301 498 2379 capitolius
516 2313 648 2378 spectans.
660 2335 694 2344 -

199 2448 202 2453 ,
246 2385 695 2465 PM:‚‚praecatumqueesse“.Et

248 2473 694 2536 similimodoDrakcodd.eteod.

211 2553 220 2577 ³
248 2559 336 2620 Rhen.
356 2561 534 2630 Cf.l,32.-
548 2563 587 2619 lll:
601 2565 635 2619 ad
653 2585 695 2621 ea-

217 2658 221 2669 ·
248 2647 393 2728 lutem‘pi.
416 2650 555 2706 dedissent
577 2672 635 2707 eam
658 2673 695 2730 po

248 2741 271 2794 i.
281 2737 311 2791 in
323 2756 373 2792 suo
384 2736 539 2794 discrimine
549 2737 650 2798 darent.
661 2770 694 2780 —

248 2816 285 2879 P:
304 2830 345 2902 pi.
366 2821 505 2882 dedissent
519 2844 578 2882 eam
595 2846 640 2904 po.
654 2835 695 2906 pr.

229 2904 234 2917 ¹
248 2911 278 2966 irr
290 2931 340 2966 suo
354 2921 405 2970 cet.
422 2931 458 2971 m.
472 2915 497 2968 ὓ.
507 2916 637 2990 expunxit
645 2937 694 2991 po.

195 2997 223 3053 9.
253 2998 283 3050 in
301 3014 403 3071 compo
422 3002 528 3055 martio
548 3021 613 3057 cum
631 3023 696 3058 cen·

228 3145 231 3149 ,
249 3080 383 3137 turiatim
397 3086 528 3158 populus
540 3087 696 3143 citaretur:

838 2127 911 2182 dicto
931 2126 983 2185 die.
1001 2147 1036 2185 m.
1054 2129 1080 2187 3.
1098 2127 1282 2202 scriptumest

837 2235 854 2271 e
871 2234 951 2290 supra
963 2235 1032 2287 pro.

766 2303 808 2358 15.
836 2301 1281 2376 extraportemll'nmentanam:

835 2388 895 2446 eod.
919 2387 1014 2448 Kloclr.
1043 2399 1069 2445 et
1096 2408 1128 2444 ex
1156 2391 1226 2446 coni.
1251 2388 1280 2445 F.

835 2475 958 2534 Nardini.
973 2507 1006 2517 -
1019 2477 1050 2533 ln
1062 2475 1111 2554 ΡΜ
1120 2475 1181 2534 cod.
1195 2476 1280 2534 Rhen.

837 2561 912 2621 Harl.
923 2583 940 2621 r.
955 2562 1031 2623 Voss.
1045 2584 1071 2622 u.
1084 2566 1215 2639 scripturn
1229 2573 1280 2618 est:

836 2658 934 2717 „extra
942 2661 1048 2727 portam
1060 2650 1280 2709 flaminiam&

837 2739 866 2792 in
884 2734 959 2792 Leid.
978 2758 1009 2798 1.:
1033 2739 1280 2807 ‚,frumentanam“.

837 2825 866 2879 iu
893 2845 961 2882 rece.
993 2825 1085 2883 codd:
1115 2824 1280 2894 „frumenta-

837 2914 936 2973 riam“.
973 2911 1043 2968 Cum
1064 2921 1141 2990 porta
1159 2911 1281 2968 Flumen·

837 3009 898 3054 tana
917 3021 1003 3078 prope
1015 2999 1134 3056 Tiberim
1153 3000 1203 3056 sub
1222 3002 1280 3076 ipso

839 3083 983 3159 Capitolio,
1002 3091 1105 3151 acuius
1119 3097 1229 3165 aspectu
1248 3090 1282 3143 ci-

838 3193 886 3229 ves
899 3164 1035 3230 avertendi
1047 3175 1215 3243 videbantur,
1234 3179 1283 3231 sita

795 3318 799 3323 ,
838 3254 942 3330 luisset,
960 3262 1058 3318 nornen
1076 3262 1128 3318 hoc
1140 3284 1155 3318 a
1167 3261 1283 3319 librariis

840 3359 993 3426 corruptum
1017 3369 1076 3406 esse
1098 3349 1129 3407 F.
1148 3350 1283 3407 Nardinus

178 3168 182 3173 ’
210 3176 219 3247 ,'
250 3165 282 3226 Ρ.
302 3199 335 3211 -
358 3168 400 3225 lll:
422 3169 608 3240 iudilcarent
629 3193 696 3228 mar·

201 3260 204 3265 '
249 3252 289 3325 tio
308 3277 369 3325 eum
390 3260 557 3314 centuriatim
575 3269 626 3319 cet.

180 3339 224 3401 12.
251 3338 312 3402 nisi
331 3342 435 3401 oeulos
461 3366 580 3421 quoque
605 3346 697 3403 homi·-

252 3450 322 3487 nnm
345 3432 524 3490 liberassent
544 3437 621 3489 tanti
640 3455 697 3491 me·

237 3519 348 3573 'moria
364 3513 494 3577 decoris:
510 3518 572 3592 PM]
591 3523 644 3578 nisi
661 3552 698 3564 -·

176 3604 186 3613 ’“
252 3603 286 3658 ab
322 3609 388 3661 tanti
424 3609 552 3663 memoria
592 3607 697 3666 decoris

254 3686 345 3758 (Harl.
362 3693 427 3762 1.?).·
444 3693 521 3753 [reid.
540 3712 572 3754 t:
591 3717 612 3751 a
629 3699 697 3753 tanti

253 3779 379 3832 memoria
393 3779 506 3840 decoris.
527 3780 571 3841 Cf.
585 3786 628 3852 ot,
641 3789 699 3842 37.:

179 3866 183 3873 '
253 3856 378 3919 liberates
389 3865 517 3941 religione
528 3880 631 3926 mentes
643 3880 698 3926 tur-

253 3947 329 4008 bavit
339 3968 431 4008 rursus
444 3959 593 4014 nuntiatum
603 3958 696 4016 cetat

185 4033 227 4093 14.
255 4037 298 4091 itu
313 4040 451 4112 prodictu
468 4043 531 4100 die:
550 4042 572 4099 P
588 4043 661 4102 Harl.
680 4066 696 4101 r.

254 4119 331 4184 laeid.
345 4145 362 4185 r.
376 4160 409 4170 -—
424 4128 451 4185 M
468 4148 503 4188 m.
523 4134 561 4188 1.:
579 4133 615 4189 ita
633 4154 694 4210 pro·

839 3434 971 3491 intellexit
988 3436 1212 3514 scribendumque
1222 3439 1283 3496 ttu-

839 3532 1007 3578 mentonem
1026 3527 1155 3593 conieeit,
1181 3524 1283 3581 litteras

831 3614 867 3685 fl
887 3621 914 3666 et
934 3633 954 3668 n
977 3612 1055 3669 facile
1078 3611 1208 3668 confundi
1236 3633 1283 3687 po·

836 3700 923 3755 tuisne
940 3710 1021 3758 ratus.
1046 3721 1114 3775 quac
1131 3709 1211 3778 porta
1228 3699 1283 3756 Nu·

839 3797 961 3843 montana
991 3791 1020 3842 in
1051 3786 1119 3843 colle
1149 3785 1284 3860 Quirinali

782 3944 784 3949 ⁴
838 3878 890 3931 sita
909 3896 969 3931 curn
987 3874 1151 3952 aCapitolio
1171 3877 1284 3932 aversis-

776 3990 780 3996 ·
837 3965 905 4019 eima
924 3952 1003 4028 esset,
1029 3961 1080 4017 hac
1098 3961 1285 4017 emendatione

838 4070 931 4107 verum
954 4069 1053 4104 nomen
1072 4052 1226 4110 restitutum
1245 4053 1284 4106 vi·

838 4136 897 4191 deri
920 4143 1034 4212 poterat.
1064 4151 1157 4195 verum
1185 4158 1220 4193 ne
1247 4140 1284 4192 ita
