2618 4590
158 257 230 329 ’238
623 269 808 333 ttunnvu.

165 427 317 527 coniuges
339 435 521 528 liberosque
543 445 672 525 nostroe
698 434 790 502 esse?
823 444 910 503 stare
938 458 1069 503 omnem
1096 433 1270 501 multitudi-

166 566 242 609 nem
270 542 310 608 ad
339 553 447 632 portas
475 541 561 610 viam
588 539 663 610 hinc
690 539 846 608 ferentem
874 551 1115 632 prospectantes
1145 551 1271 608 certum

167 647 288 730 habeo,
317 647 393 737 quid
415 647 476 714 illis
498 669 561 714 nos
580 657 687 736 patres
710 646 881 737 conscripti
902 645 1044 713 sollicitis
1073 669 1111 712 ec
1132 646 1273 736 penden-

166 751 251 819 tibus
275 751 385 831 animis
414 753 593 820 renuntiare
621 750 771 818 iubeatisz
808 752 943 817 alterum
970 773 1162 840 responsum
1190 752 1272 818 salu·

136 867 232 923 utem
255 857 419 925 victoriam
440 857 549 925 lucem
571 880 609 923 ac
625 856 815 939 libertatem,
838 856 973 922 alterurn
992 855 1036 903 -'-
1052 855 1185 922 ominari
1199 856 1272 923 hor·

41 948 44 952 A
165 985 222 1028 reo
241 986 324 1053 quae
346 963 443 1029 ferat:
477 960 609 1053 proinde
631 971 668 1026 ut
690 971 745 1027 aut
767 961 807 1027 de
829 959 942 1027 vestris
971 960 1085 1027 futuris
1111 959 1207 1027 sociis
1231 971 1273 1026 at-

166 1090 230 1156 que
253 1067 362 1134 enticis
384 1078 441 1134 out
461 1091 621 1158 nusquam
643 1065 715 1132 ullis
738 1064 851 1133 futuris
872 1064 965 1133 nobis
988 1064 1145 1132 consulite
1154 1067 1183 1131 “.

187 1288 212 1345 1.
240 1296 324 1344 stare
342 1306 456 1344 omnem
468 1286 687 1344 multitudinem
829 1282 973 1341 missen
997 1282 1071 1357 reli]
1094 1282 1218 1341 sollicitis
1245 1305 1275 1342 ec

241 1376 286 1430 ad
293 1385 398 1450 portae
412 1376 491 1430 uiam
503 1374 572 1431 binc
581 1374 687 1447 feren·

239 1471 299 1518 tem
313 1469 553 1538 prospectantes.-
576 1460 633 1519 ΡΜ.
652 1491 687 1503 -

239 1547 271 1604 ln
291 1547 368 1606 Leid.
387 1568 406 1607 1.
430 1551 560 1626 scriptum
583 1557 624 1605 est
634 1548 686 1623 sc·

183 1669 189 1679 ι
239 1645 352 1703 reniet,
380 1636 457 1712 quoni
476 1635 505 1691 id
522 1637 633 1693 verbum
652 1636 687 1691 ed

134 1772 142 1796 x
235 1733 342 1799 portos
354 1724 509 1800 pertineret.
526 1744 618 1780 verum
628 1724 655 1783 h.
668 1722 687 1782 l.

207 1808 215 1823 ‘
238 1829 274 1865 ne
288 1820 514 1896 proppectantee
530 1812 639 1888 quidem
651 1811 686 1867 od

136 1948 138 1953 ,
235 1906 341 1971 portae
374 1897 454 1966 (Tac.
482 1898 553 1957 Ann.
585 1901 632 1965 tt,
660 1903 688 1960 9.

238 1981 310 2042 flisr.
329 1987 355 2052 5,
374 1987 418 2055 6.)
436 1985 486 2044 ned
504 1986 538 2042 od
556 1988 686 2043 multitu-

200 2065 204 2070 ’
240 2069 340 2126 dinem
358 2071 528 2130 referendum
540 2093 601 2130 esse
618 2073 687 2130 orbi-

178 2197 183 2212 .
236 2165 305 2216 tror.
334 2155 378 2217 cf.
397 2162 423 2227 6,
444 2163 502 2220 19..
520 2155 601 2218 sinin}
618 2160 687 2218 mol·

238 2244 379 2299 titudo-
400 2246 518 2303 viderint
539 2259 567 2303 et
589 2281 624 2292 -
649 2249 687 2304 ia·

240 2330 277 2386 eti
297 2343 375 2387 erunt
393 2341 442 2390 cet
460 2335 505 2401 tt,
523 2336 579 2391 21.=
598 2335 687 2392 multi·

237 2417 305 2472 tudo
329 2439 391 2492 pers
414 2424 549 2496 procurrit
570 2424 600 2478 in
619 2425 687 2492 rien,

237 2525 302 2580 porc
323 2509 352 2563 in
371 2507 511 2564 vestibulis
533 2518 599 2577 stat,
623 2530 686 2587 pern

140 2651 153 2673 x
240 2612 275 2648 cx
287 2595 365 2650 tectis
378 2594 555 2673 fenestrisque
564 2616 686 2672 prospe-

237 2689 299 2735 ctat
316 2690 343 2736 et
361 2681 426 2757 quid
444 2685 484 2738 rei
501 2685 538 2740 sit
560 2685 685 2759 rogitent.

238 2769 285 2834 ΞΜ,
305 2770 348 2827 1t.
379 2771 427 2837 tt,
445 2772 489 2826 ⁴26.
508 2770 541 2829 ui.
572 2773 604 2841 5,
626 2775 684 2831 48..

236 2853 407 2933 Capitolinus
420 2861 552 2916 exercitus
565 2889 598 2900 —
612 2859 684 2917 diem

827 1370 1107 1447 pendentibusunimi.
1126 1370 1275 1440 cf.7‚10.:

828 1459 924 1514 animis
941 1479 990 1537 epe
1013 1469 1137 1536 metuque
1157 1458 1277 1534 penden-

769 1614 773 1621 .
828 1545 910 1603 tibus.
929 1579 963 1588 -
989 1546 1070 1606 Recc.
1089 1546 1165 1623 quid.
1182 1546 1277 1603 codd:

828 1632 895 1709 quid
912 1632 966 1690 iltis
985 1655 1040 1691 uos
1060 1643 1110 1694 cet.

775 1765 801 1824 4.
828 1765 957 1821 alterum
987 1784 1163 1840 responsum
1195 1765 1277 1821 solu·

829 1860 888 1908 tem
906 1854 1063 1908 uictoriam
1075 1853 1172 1910 lucem
1189 1872 1225 1908 oe
1243 1854 1278 1907 li·

830 1940 972 1997 bcrtutem
999 1941 1128 1997 alterum
1150 1941 1280 1997 optineri

828 2012 938 2084 horreo
972 2047 1049 2103 quac
1073 2027 1178 2099 serat:
1215 2026 1276 2084 ΡΜ.

829 2115 883 2170 nisi
910 2115 984 2190 quod
1011 2113 1088 2171 inti
1117 2116 1277 2184 ‚,omineri“

828 2202 960 2278 scriptum
987 2210 1036 2260 est.
1071 2201 1113 2258 Ex
1128 2202 1220 2274 ferat
1243 2203 1278 2258 ad

828 2289 904 2364 prius
935 2290 1062 2345 alterum
1096 2289 1277 2367 supplendum

829 2393 889 2429 esse
908 2374 994 2446 feret
1013 2396 1092 2432 nemo
1114 2397 1170 2432 non
1194 2376 1277 2436 videt.

828 2460 863 2520 cf.
882 2461 915 2517 de
934 2461 986 2518 hoc
1003 2463 1128 2521 breviore
1146 2465 1276 2520 orationis

827 2568 924 2624 genere
943 2571 1011 2627 quae
1030 2553 1056 2618 4,
1074 2553 1101 2611 9.
1119 2571 1222 2626 „quem
1242 2550 1276 2605 ad

829 2636 940 2694 modum
968 2635 1069 2716 piebs“
1101 2636 1171 2693 dictu
1202 2647 1276 2696 suut.

826 2729 860 2791 7,
879 2727 938 2784 40..
961 2728 991 2781 in
1008 2744 1058 2782 vos
1070 2755 1105 2768 —
1116 2723 1225 2781 horreo
1235 2724 1276 2780 di·

825 2832 887 2868 cere
898 2842 933 2852 -
945 2812 1041 2870 hostie.

237 2942 271 2998 de
295 2942 339 2999 die
361 2955 552 3023 prospectans,
579 2947 685 3024 ecquod
771 2944 797 3004 6.
820 2945 949 3019 proinde
973 2948 1079 2999 utoni
1099 2941 1137 2999 de
1161 2943 1275 2998 uestris

236 3030 365 3086 auxilium
388 3032 421 3086 ab
448 3032 580 3087 dictatore
603 3055 684 3110 uppa-

236 3124 316 3172 rerct.
344 3147 377 3156 —
409 3117 430 3171 P
449 3138 484 3175 m.
505 3121 531 3176 2.
548 3117 575 3172 Μ
590 3139 625 3176 m.
643 3123 683 3179 3..

236 3209 339 3257 certum
358 3202 451 3263 habeo.
469 3203 496 3259 M
515 3208 604 3262 m.1.:
623 3225 681 3262 cen·

235 3296 301 3363 tuni.
320 3288 342 3345 P
360 3292 450 3351 m.1.:
469 3291 544 3348 ab‘eo.
560 3321 594 3332 -
613 3293 682 3359 „leh

235 3376 284 3435 bin
297 3377 449 3451 iiberzcugt,
463 3377 525 3433 dass
537 3377 585 3434 dos
600 3399 682 3454 ganzo

233 3460 306 3521 Vott
333 3486 367 3520 an
395 3463 447 3520 den
474 3464 582 3522 Thoren
609 3452 682 3524 nteit

234 3546 408 3626 nehnniichtig
436 3551 489 3608 den
517 3551 600 3629 Weg,
633 3554 682 3611 der

234 3655 287 3693 von
306 3637 365 3714 hier
383 3660 415 3695 zu
428 3641 508 3696 ihnen
521 3640 604 3708 tohu,
621 3641 680 3697 hin-

233 3722 392 3780 abblictend
407 3728 436 3781 in
448 3727 496 3783 der
507 3727 679 3804 Erwartung,

233 3828 291 3867 was
305 3810 348 3867 ttir
360 3813 419 3867 eine
430 3813 558 3871 Antwort
569 3815 613 3872 itu
625 3816 679 3873 den

232 3898 432 3956 betummerten
449 3900 554 3960 Herzen
571 3905 679 3962 wiirdet

232 3985 346 4062 bringen
362 3986 483 4048 lassent

180 4073 206 4132 3.
234 4074 676 4151 eollz'cr‘tr‘cacpendeutibueam‘-

819 3032 939 3104 futuris
966 3032 1057 3086 sociis
1081 3036 1171 3104 atque
1198 3031 1274 3084 ami·

825 3120 884 3175 cic:
904 3116 933 3176 P.
951 3148 984 3158 —
1002 3116 1044 3172 Μ.
1057 3115 1171 3192 proinde
1183 3125 1214 3172 ut
1227 3126 1280 3174 aut

826 3203 1272 3282 deuestrisfuturissociisq.1omi·

826 3295 914 3350 cis.-
925 3291 955 3346 ln
965 3290 1056 3347 multis
1063 3312 1132 3349 rece.
1140 3291 1221 3351 codd.
1228 3313 1272 3349 ex-

825 3378 891 3435 cidit
901 3388 939 3437 ut.
958 3378 1080 3435 Aliorum
1093 3378 1172 3438 codd.
1188 3377 1271 3435 libra·

823 3469 859 3523 rii
870 3476 902 3523 ut
910 3476 963 3522 aut
972 3498 1005 3507 —
1017 3477 1070 3522 out
1086 3476 1118 3523 ut
1128 3467 1183 3523 sibi
1196 3466 1271 3524 vide-

772 3624 775 3629 <
822 3553 1269 3614 banturvidere:Leingosnu.

821 3639 868 3700 aL:
887 3643 969 3698 sociis
989 3652 1034 3698 aut
1053 3645 1146 3699 amicis
1163 3651 1195 3698 ut
1207 3662 1270 3698 nun-

820 3750 900 3806 quam
919 3738 968 3789 cet.
983 3761 1017 3772 —-
1036 3728 1097 3786 ΡΜ.
1116 3738 1187 3798 „out
1205 3749 1269 3786 nus·

819 3836 899 3892 quam
917 3815 979 3872 ullis
999 3812 1096 3873 futuris
1111 3817 1191 3898 nobis
1204 3836 1269 3873 eon·

817 3902 928 3963 sulite“.
947 3901 990 3963 Cf.
1009 3906 1035 3972 6,
1055 3907 1110 3962 18..
1129 3907 1190 3982 ipse
1209 3906 1268 3961 rin-

818 3989 871 4061 dex
882 4001 979 4061 vester,
992 3993 1038 4048 ubi
1048 3994 1136 4049 visum
1147 3994 1269 4050 inimicis

816 4086 866 4147 est,
883 4080 985 4149 nullus
997 4089 1117 4157 repente
1124 4078 1182 4152 frti
1195 4087 1247 4139 cet.
