<?xml version="1.0" encoding="UTF-8"?>
<!DOCTYPE html PUBLIC "-//W3C//DTD XHTML 1.0 Transitional//EN"
    "http://www.w3.org/TR/xhtml1/DTD/xhtml1-transitional.dtd">
<html xmlns="http://www.w3.org/1999/xhtml" xml:lang="en" lang="en">
 <head>
  <title>
</title>
<meta http-equiv="Content-Type" content="text/html;charset=utf-8" />
  <meta name='ocr-system' content='tesseract 3.04.00' />
  <meta name='ocr-capabilities' content='ocr_page ocr_carea ocr_par ocr_line ocrx_word'/>
</head>
<body>
  <div class='ocr_page' id='page_1' title='image "./titilivirerumro01alscgoog_0349.png"; bbox 0 0 2618 4590; ppageno 0'>
   <div class='ocr_carea' id='block_1_1' title="bbox 178 206 825 284">
    <p class='ocr_par' dir='ltr' id='par_1_1' title="bbox 178 206 825 284">
     <span class='ocr_line' id='line_1_1' title="bbox 178 206 825 284; baseline 0.003 -2"><span class='ocrx_word' id='word_1_1' title='bbox 178 213 247 282; x_wconf 80' lang='lat'>330</span> <span class='ocrx_word' id='word_1_2' title='bbox 631 206 825 284; x_wconf 78' lang='lat' dir='ltr'>nnsnvln</span> 
     </span>
    </p>
   </div>
   <div class='ocr_carea' id='block_1_2' title="bbox 72 362 1278 689">
    <p class='ocr_par' dir='ltr' id='par_1_2' title="bbox 72 362 1278 689">
     <span class='ocr_line' id='line_1_2' title="bbox 74 362 1278 489; baseline -0.002 -30"><span class='ocrx_word' id='word_1_3' title='bbox 74 406 77 413; x_wconf 84' lang='grc'><em>“</em></span> <span class='ocrx_word' id='word_1_4' title='bbox 178 391 292 458; x_wconf 76' lang='lat' dir='ltr'>virtute</span> <span class='ocrx_word' id='word_1_5' title='bbox 314 390 450 489; x_wconf 79' lang='lat' dir='ltr'>militum</span> <span class='ocrx_word' id='word_1_6' title='bbox 473 391 513 456; x_wconf 87' lang='lat' dir='ltr'>ad</span> <span class='ocrx_word' id='word_1_7' title='bbox 541 389 639 456; x_wconf 84' lang='lat' dir='ltr'>linem</span> <span class='ocrx_word' id='word_1_8' title='bbox 660 387 764 455; x_wconf 85' lang='lat' dir='ltr'>venit:</span> <span class='ocrx_word' id='word_1_9' title='bbox 794 388 877 454; x_wconf 82' lang='lat' dir='ltr'>caesi</span> <span class='ocrx_word' id='word_1_10' title='bbox 908 388 948 453; x_wconf 89' lang='lat' dir='ltr'>ad</span> <span class='ocrx_word' id='word_1_11' title='bbox 970 387 1099 454; x_wconf 84' lang='lat' dir='ltr'>Pedum·</span> <span class='ocrx_word' id='word_1_12' title='bbox 1118 362 1278 456; x_wconf 76' lang='lat' dir='ltr'>Asturam-</span> 
     </span>
     <span class='ocr_line' id='line_1_3' title="bbox 72 491 1278 586; baseline -0.001 -25"><span class='ocrx_word' id='word_1_13' title='bbox 72 507 76 518; x_wconf 90' lang='lat'><em>&#39;</em></span> <span class='ocrx_word' id='word_1_14' title='bbox 178 518 242 586; x_wconf 88' lang='lat' dir='ltr'>que</span> <span class='ocrx_word' id='word_1_15' title='bbox 264 507 339 563; x_wconf 85' lang='lat' dir='ltr'>sunt</span> <span class='ocrx_word' id='word_1_16' title='bbox 360 494 518 562; x_wconf 84' lang='lat' dir='ltr'>exercitus</span> <span class='ocrx_word' id='word_1_17' title='bbox 540 493 690 576; x_wconf 86' lang='lat' dir='ltr'>hostiurn,</span> <span class='ocrx_word' id='word_1_18' title='bbox 712 491 830 583; x_wconf 87' lang='lat' dir='ltr'>oppida</span> <span class='ocrx_word' id='word_1_19' title='bbox 845 491 956 560; x_wconf 85' lang='lat' dir='ltr'>Latine</span> <span class='ocrx_word' id='word_1_20' title='bbox 972 491 1079 558; x_wconf 86' lang='lat' dir='ltr'>omnia</span> <span class='ocrx_word' id='word_1_21' title='bbox 1102 503 1135 557; x_wconf 87' lang='lat' dir='ltr'>et</span> <span class='ocrx_word' id='word_1_22' title='bbox 1150 493 1278 560; x_wconf 86' lang='lat' dir='ltr'>Antium</span> 
     </span>
     <span class='ocr_line' id='line_1_4' title="bbox 106 597 1278 689; baseline 0 -23"><span class='ocrx_word' id='word_1_23' title='bbox 106 675 116 689; x_wconf 28' lang='grc' dir='ltr'>ι</span> <span class='ocrx_word' id='word_1_24' title='bbox 179 622 220 666; x_wconf 88' lang='lat' dir='ltr'>ex</span> <span class='ocrx_word' id='word_1_25' title='bbox 242 599 371 668; x_wconf 87' lang='lat' dir='ltr'>Vulscis</span> <span class='ocrx_word' id='word_1_26' title='bbox 394 610 449 687; x_wconf 79' lang='lat' dir='ltr'>ant</span> <span class='ocrx_word' id='word_1_27' title='bbox 470 598 501 666; x_wconf 87' lang='lat' dir='ltr'>vi</span> <span class='ocrx_word' id='word_1_28' title='bbox 531 609 622 689; x_wconf 87' lang='lat' dir='ltr'>capta</span> <span class='ocrx_word' id='word_1_29' title='bbox 645 609 701 665; x_wconf 90' lang='lat' dir='ltr'>aut</span> <span class='ocrx_word' id='word_1_30' title='bbox 728 609 858 689; x_wconf 85' lang='lat' dir='ltr'>recepta</span> <span class='ocrx_word' id='word_1_31' title='bbox 885 597 918 662; x_wconf 92' lang='lat' dir='ltr'>in</span> <span class='ocrx_word' id='word_1_32' title='bbox 947 597 1142 664; x_wconf 85' lang='lat' dir='ltr'>deditionem</span> <span class='ocrx_word' id='word_1_33' title='bbox 1165 599 1278 687; x_wconf 86' lang='lat' dir='ltr'>praesi-</span> 
     </span>
    </p>
   </div>
   <div class='ocr_carea' id='block_1_3' title="bbox 177 701 1276 793">
    <p class='ocr_par' dir='ltr' id='par_1_3' title="bbox 177 701 1276 793">
     <span class='ocr_line' id='line_1_5' title="bbox 177 701 1276 793; baseline 0.002 -25"><span class='ocrx_word' id='word_1_34' title='bbox 177 701 235 770; x_wconf 86' lang='lat' dir='ltr'><strong>diis</strong></span> <span class='ocrx_word' id='word_1_35' title='bbox 256 713 405 770; x_wconf 89' lang='lat' dir='ltr'>tencntur</span> <span class='ocrx_word' id='word_1_36' title='bbox 426 703 547 771; x_wconf 87' lang='lat' dir='ltr'>vestris.</span> <span class='ocrx_word' id='word_1_37' title='bbox 587 701 708 791; x_wconf 81' lang='lat' dir='ltr'>reliqua</span> <span class='ocrx_word' id='word_1_38' title='bbox 737 701 929 769; x_wconf 81' lang='lat' dir='ltr'><strong>consultatio</strong></span> <span class='ocrx_word' id='word_1_39' title='bbox 958 712 1021 784; x_wconf 87' lang='lat' dir='ltr'>est,</span> <span class='ocrx_word' id='word_1_40' title='bbox 1052 702 1207 793; x_wconf 83' lang='lat' dir='ltr'>quoniam</span> <span class='ocrx_word' id='word_1_41' title='bbox 1235 726 1276 770; x_wconf 90' lang='lat' dir='ltr'>re·</span> 
     </span>
    </p>
   </div>
   <div class='ocr_carea' id='block_1_4' title="bbox 26 806 1276 902">
    <p class='ocr_par' dir='ltr' id='par_1_4' title="bbox 26 806 1276 902">
     <span class='ocr_line' id='line_1_6' title="bbox 26 806 1276 902; baseline -0.002 -26"><span class='ocrx_word' id='word_1_42' title='bbox 26 818 36 831; x_wconf 65' lang='lat'><strong>⁹</strong></span> <span class='ocrx_word' id='word_1_43' title='bbox 97 893 100 902; x_wconf 19' lang='grc' dir='ltr'>ἱ</span> <span class='ocrx_word' id='word_1_44' title='bbox 145 807 323 876; x_wconf 77' lang='lat' dir='ltr'>snellardo</span> <span class='ocrx_word' id='word_1_45' title='bbox 351 807 478 898; x_wconf 91' lang='lat' dir='ltr'>saepius</span> <span class='ocrx_word' id='word_1_46' title='bbox 505 831 566 875; x_wconf 92' lang='lat' dir='ltr'>nos</span> <span class='ocrx_word' id='word_1_47' title='bbox 594 807 783 888; x_wconf 80' lang='lat' dir='ltr'>sollicitant,</span> <span class='ocrx_word' id='word_1_48' title='bbox 817 830 957 897; x_wconf 88' lang='lat' dir='ltr'>quonam</span> <span class='ocrx_word' id='word_1_49' title='bbox 991 806 1089 873; x_wconf 91' lang='lat' dir='ltr'>modo</span> <span class='ocrx_word' id='word_1_50' title='bbox 1124 818 1276 897; x_wconf 84' lang='lat' dir='ltr'>perpetua</span> 
     </span>
    </p>
   </div>
   <div class='ocr_carea' id='block_1_5' title="bbox 68 910 1276 1942">
    <p class='ocr_par' dir='ltr' id='par_1_5' title="bbox 68 910 1276 1942">
     <span class='ocr_line' id='line_1_7' title="bbox 174 910 1276 1002; baseline 0 -24"><span class='ocrx_word' id='word_1_51' title='bbox 174 935 257 1002; x_wconf 85' lang='lat' dir='ltr'>pace</span> <span class='ocrx_word' id='word_1_52' title='bbox 283 910 408 1002; x_wconf 90' lang='lat' dir='ltr'>quietos</span> <span class='ocrx_word' id='word_1_53' title='bbox 442 912 651 980; x_wconf 87' lang='lat' dir='ltr'>obtineamus.</span> <span class='ocrx_word' id='word_1_54' title='bbox 687 911 717 978; x_wconf 92' lang='lat' dir='ltr'>di</span> <span class='ocrx_word' id='word_1_55' title='bbox 745 910 929 977; x_wconf 85' lang='lat' dir='ltr'>inmortales</span> <span class='ocrx_word' id='word_1_56' title='bbox 957 910 1000 977; x_wconf 86' lang='lat' dir='ltr'>ita</span> <span class='ocrx_word' id='word_1_57' title='bbox 1037 934 1096 978; x_wconf 85' lang='lat' dir='ltr'>vos</span> <span class='ocrx_word' id='word_1_58' title='bbox 1129 922 1276 1002; x_wconf 86' lang='lat' dir='ltr'>potentes</span> 
     </span>
     <span class='ocr_line' id='line_1_8' title="bbox 173 1013 1276 1098; baseline 0.001 -16"><span class='ocrx_word' id='word_1_59' title='bbox 173 1015 267 1083; x_wconf 82' lang='lat' dir='ltr'>huius</span> <span class='ocrx_word' id='word_1_60' title='bbox 290 1016 413 1083; x_wconf 87' lang='lat' dir='ltr'>consilii</span> <span class='ocrx_word' id='word_1_61' title='bbox 435 1016 579 1084; x_wconf 82' lang='lat' dir='ltr'>lecerunt</span> <span class='ocrx_word' id='word_1_62' title='bbox 600 1027 645 1098; x_wconf 89' lang='lat' dir='ltr'>ut,</span> <span class='ocrx_word' id='word_1_63' title='bbox 668 1015 708 1083; x_wconf 91' lang='lat' dir='ltr'>sit</span> <span class='ocrx_word' id='word_1_64' title='bbox 729 1014 855 1082; x_wconf 86' lang='lat' dir='ltr'>Latium</span> <span class='ocrx_word' id='word_1_65' title='bbox 878 1013 990 1081; x_wconf 90' lang='lat' dir='ltr'>deinde</span> <span class='ocrx_word' id='word_1_66' title='bbox 1014 1038 1054 1080; x_wconf 88' lang='lat' dir='ltr'>an</span> <span class='ocrx_word' id='word_1_67' title='bbox 1076 1039 1143 1082; x_wconf 93' lang='lat' dir='ltr'>non</span> <span class='ocrx_word' id='word_1_68' title='bbox 1166 1016 1276 1098; x_wconf 76' lang='lat' dir='ltr'>sit‚in</span> 
     </span>
     <span class='ocr_line' id='line_1_9' title="bbox 173 1107 1276 1211; baseline -0.002 -23"><span class='ocrx_word' id='word_1_69' title='bbox 173 1131 278 1211; x_wconf 75' lang='lat' dir='ltr'>vestra</span> <span class='ocrx_word' id='word_1_70' title='bbox 299 1144 398 1186; x_wconf 90' lang='lat' dir='ltr'>manu</span> <span class='ocrx_word' id='word_1_71' title='bbox 420 1120 599 1211; x_wconf 83' lang='lat' dir='ltr'>posuerint:</span> <span class='ocrx_word' id='word_1_72' title='bbox 633 1118 747 1209; x_wconf 79' lang='lat' dir='ltr'>itaque</span> <span class='ocrx_word' id='word_1_73' title='bbox 763 1142 878 1210; x_wconf 83' lang='lat' dir='ltr'>pacem</span> <span class='ocrx_word' id='word_1_74' title='bbox 900 1119 992 1186; x_wconf 87' lang='lat' dir='ltr'>vobis</span> <span class='ocrx_word' id='word_1_75' title='bbox 1016 1119 1104 1208; x_wconf 91' lang='lat' dir='ltr'>quod</span> <span class='ocrx_word' id='word_1_76' title='bbox 1133 1121 1175 1186; x_wconf 89' lang='lat' dir='ltr'>ad</span> <span class='ocrx_word' id='word_1_77' title='bbox 1197 1107 1276 1186; x_wconf 84' lang='lat' dir='ltr'>Lati·</span> 
     </span>
     <span class='ocr_line' id='line_1_10' title="bbox 172 1214 1274 1316; baseline 0 -25"><span class='ocrx_word' id='word_1_78' title='bbox 172 1214 232 1291; x_wconf 86' lang='lat' dir='ltr'>nos</span> <span class='ocrx_word' id='word_1_79' title='bbox 255 1224 367 1291; x_wconf 78' lang='lat' dir='ltr'>attinet</span> <span class='ocrx_word' id='word_1_80' title='bbox 380 1248 491 1313; x_wconf 86' lang='lat' dir='ltr'>parare</span> <span class='ocrx_word' id='word_1_81' title='bbox 506 1225 538 1290; x_wconf 95' lang='lat' dir='ltr'>in</span> <span class='ocrx_word' id='word_1_82' title='bbox 554 1235 745 1316; x_wconf 85' lang='lat' dir='ltr'>perpetuum</span> <span class='ocrx_word' id='word_1_83' title='bbox 755 1223 807 1290; x_wconf 89' lang='lat' dir='ltr'>vel</span> <span class='ocrx_word' id='word_1_84' title='bbox 824 1222 996 1290; x_wconf 89' lang='lat' dir='ltr'>saeviendo</span> <span class='ocrx_word' id='word_1_85' title='bbox 1012 1222 1064 1290; x_wconf 88' lang='lat' dir='ltr'>vel</span> <span class='ocrx_word' id='word_1_86' title='bbox 1079 1223 1274 1314; x_wconf 85' lang='lat' dir='ltr'>ignoscendo</span> 
     </span>
     <span class='ocr_line' id='line_1_11' title="bbox 127 1327 1274 1420; baseline -0.003 -23"><span class='ocrx_word' id='word_1_87' title='bbox 127 1343 161 1397; x_wconf 87' lang='lat'>1⁰</span> <span class='ocrx_word' id='word_1_88' title='bbox 171 1327 315 1418; x_wconf 87' lang='lat' dir='ltr'>potestis.</span> <span class='ocrx_word' id='word_1_89' title='bbox 349 1327 444 1395; x_wconf 87' lang='lat' dir='ltr'>vultis</span> <span class='ocrx_word' id='word_1_90' title='bbox 470 1330 639 1396; x_wconf 87' lang='lat' dir='ltr'>crudeliter</span> <span class='ocrx_word' id='word_1_91' title='bbox 654 1327 820 1395; x_wconf 87' lang='lat' dir='ltr'>consulere</span> <span class='ocrx_word' id='word_1_92' title='bbox 835 1328 868 1394; x_wconf 92' lang='lat' dir='ltr'>in</span> <span class='ocrx_word' id='word_1_93' title='bbox 890 1327 1014 1396; x_wconf 87' lang='lat' dir='ltr'>deditos</span> <span class='ocrx_word' id='word_1_94' title='bbox 1035 1329 1203 1420; x_wconf 86' lang='lat' dir='ltr'>victosque</span> <span class='ocrx_word' id='word_1_95' title='bbox 1218 1355 1274 1394; x_wconf 81' lang='lat' dir='ltr'>—z</span> 
     </span>
     <span class='ocr_line' id='line_1_12' title="bbox 68 1431 1274 1515; baseline 0.001 -16"><span class='ocrx_word' id='word_1_96' title='bbox 68 1433 71 1446; x_wconf 87' lang='lat'>&#39;</span> <span class='ocrx_word' id='word_1_97' title='bbox 174 1433 250 1500; x_wconf 87' lang='lat' dir='ltr'>licet</span> <span class='ocrx_word' id='word_1_98' title='bbox 279 1431 386 1499; x_wconf 87' lang='lat' dir='ltr'>delere</span> <span class='ocrx_word' id='word_1_99' title='bbox 416 1459 511 1502; x_wconf 89' lang='lat' dir='ltr'>omne</span> <span class='ocrx_word' id='word_1_100' title='bbox 539 1433 679 1515; x_wconf 85' lang='lat' dir='ltr'>Latium,</span> <span class='ocrx_word' id='word_1_101' title='bbox 716 1444 821 1499; x_wconf 83' lang='lat' dir='ltr'>vastas</span> <span class='ocrx_word' id='word_1_102' title='bbox 853 1432 926 1499; x_wconf 89' lang='lat' dir='ltr'>inde</span> <span class='ocrx_word' id='word_1_103' title='bbox 956 1433 1141 1500; x_wconf 84' lang='lat' dir='ltr'>solitudines</span> <span class='ocrx_word' id='word_1_104' title='bbox 1172 1433 1274 1501; x_wconf 87' lang='lat' dir='ltr'>lacere</span> 
     </span>
     <span class='ocr_line' id='line_1_13' title="bbox 85 1534 1274 1631; baseline 0.001 -29"><span class='ocrx_word' id='word_1_105' title='bbox 85 1606 89 1617; x_wconf 50' lang='grc'>,</span> <span class='ocrx_word' id='word_1_106' title='bbox 172 1536 257 1603; x_wconf 89' lang='lat' dir='ltr'>unde</span> <span class='ocrx_word' id='word_1_107' title='bbox 287 1536 402 1612; x_wconf 86' lang='lat' dir='ltr'>sociali</span> <span class='ocrx_word' id='word_1_108' title='bbox 430 1538 555 1631; x_wconf 81' lang='lat' dir='ltr'>egregio</span> <span class='ocrx_word' id='word_1_109' title='bbox 590 1536 730 1605; x_wconf 83' lang='lat' dir='ltr'>exercitu</span> <span class='ocrx_word' id='word_1_110' title='bbox 759 1560 817 1627; x_wconf 90' lang='lat' dir='ltr'>per</span> <span class='ocrx_word' id='word_1_111' title='bbox 844 1534 944 1603; x_wconf 82' lang='lat' dir='ltr'>inulta</span> <span class='ocrx_word' id='word_1_112' title='bbox 980 1537 1061 1604; x_wconf 87' lang='lat' dir='ltr'>bella</span> <span class='ocrx_word' id='word_1_113' title='bbox 1095 1561 1274 1627; x_wconf 80' lang='lat' dir='ltr'>magnaque</span> 
     </span>
     <span class='ocr_line' id='line_1_14' title="bbox 140 1641 1272 1732; baseline -0.003 -21"><span class='ocrx_word' id='word_1_114' title='bbox 140 1704 142 1711; x_wconf 82' lang='grc'>,</span> <span class='ocrx_word' id='word_1_115' title='bbox 171 1663 268 1730; x_wconf 85' lang='lat' dir='ltr'>saepe</span> <span class='ocrx_word' id='word_1_116' title='bbox 290 1641 341 1707; x_wconf 89' lang='lat' dir='ltr'>usi</span> <span class='ocrx_word' id='word_1_117' title='bbox 364 1641 449 1710; x_wconf 80' lang='lat' dir='ltr'>estis,</span> <span class='ocrx_word' id='word_1_118' title='bbox 487 1642 583 1710; x_wconf 88' lang='lat' dir='ltr'>vultis</span> <span class='ocrx_word' id='word_1_119' title='bbox 610 1642 760 1732; x_wconf 88' lang='lat' dir='ltr'>exemplo</span> <span class='ocrx_word' id='word_1_120' title='bbox 787 1641 945 1708; x_wconf 80' lang='lat' dir='ltr'>maiorum</span> <span class='ocrx_word' id='word_1_121' title='bbox 977 1665 1092 1731; x_wconf 83' lang='lat' dir='ltr'>augere</span> <span class='ocrx_word' id='word_1_122' title='bbox 1121 1666 1192 1709; x_wconf 89' lang='lat' dir='ltr'>rem</span> <span class='ocrx_word' id='word_1_123' title='bbox 1212 1641 1272 1708; x_wconf 87' lang='lat' dir='ltr'>Ro·</span> 
     </span>
     <span class='ocr_line' id='line_1_15' title="bbox 69 1735 1271 1835; baseline 0.005 -25"><span class='ocrx_word' id='word_1_124' title='bbox 69 1780 71 1795; x_wconf 81' lang='lat'><em>=</em></span> <span class='ocrx_word' id='word_1_125' title='bbox 169 1735 298 1812; x_wconf 80' lang='lat' dir='ltr'>manem</span> <span class='ocrx_word' id='word_1_126' title='bbox 318 1746 419 1814; x_wconf 87' lang='lat' dir='ltr'>victos</span> <span class='ocrx_word' id='word_1_127' title='bbox 441 1746 473 1812; x_wconf 92' lang='lat' dir='ltr'>in</span> <span class='ocrx_word' id='word_1_128' title='bbox 488 1747 647 1814; x_wconf 89' lang='lat' dir='ltr'>civitatem</span> <span class='ocrx_word' id='word_1_129' title='bbox 669 1746 853 1835; x_wconf 79' lang='lat' dir='ltr'>accipiendo</span> <span class='ocrx_word' id='word_1_130' title='bbox 871 1772 929 1811; x_wconf 75' lang='grc' dir='ltr'>-ε</span> <span class='ocrx_word' id='word_1_131' title='bbox 952 1747 1083 1812; x_wconf 86' lang='lat' dir='ltr'>materia</span> <span class='ocrx_word' id='word_1_132' title='bbox 1108 1746 1271 1817; x_wconf 88' lang='lat' dir='ltr'>crescendi</span> 
     </span>
     <span class='ocr_line' id='line_1_16' title="bbox 123 1848 1271 1942; baseline -0.002 -22"><span class='ocrx_word' id='word_1_133' title='bbox 123 1865 157 1920; x_wconf 74' lang='lat'>15</span> <span class='ocrx_word' id='word_1_134' title='bbox 170 1873 228 1939; x_wconf 90' lang='lat' dir='ltr'>per</span> <span class='ocrx_word' id='word_1_135' title='bbox 250 1873 409 1917; x_wconf 88' lang='lat' dir='ltr'>summam</span> <span class='ocrx_word' id='word_1_136' title='bbox 432 1852 566 1942; x_wconf 80' lang='lat' dir='ltr'>gloriam</span> <span class='ocrx_word' id='word_1_137' title='bbox 580 1851 777 1940; x_wconf 85' lang='lat' dir='ltr'>suppeditat:</span> <span class='ocrx_word' id='word_1_138' title='bbox 800 1861 885 1918; x_wconf 87' lang='lat' dir='ltr'>certe</span> <span class='ocrx_word' id='word_1_139' title='bbox 901 1848 933 1916; x_wconf 90' lang='lat' dir='ltr'>id</span> <span class='ocrx_word' id='word_1_140' title='bbox 948 1850 1163 1918; x_wconf 88' lang='lat' dir='ltr'>finnissimnm</span> <span class='ocrx_word' id='word_1_141' title='bbox 1178 1851 1271 1942; x_wconf 80' lang='lat' dir='ltr'>longe</span> 
     </span>
    </p>
   </div>
   <div class='ocr_carea' id='block_1_6' title="bbox 70 2056 682 3094">
    <p class='ocr_par' dir='ltr' id='par_1_6' title="bbox 105 2056 682 2911">
     <span class='ocr_line' id='line_1_17' title="bbox 186 2056 682 2135; baseline 0.006 -20"><span class='ocrx_word' id='word_1_142' title='bbox 186 2061 210 2117; x_wconf 84' lang='lat'>1.</span> <span class='ocrx_word' id='word_1_143' title='bbox 238 2066 321 2118; x_wconf 80' lang='lat' dir='ltr'>caesi</span> <span class='ocrx_word' id='word_1_144' title='bbox 342 2056 514 2135; x_wconf 77' lang='lat' dir='ltr'>ad&#39;pedum</span> <span class='ocrx_word' id='word_1_145' title='bbox 536 2071 682 2135; x_wconf 61' lang='lat' dir='ltr'>aeteram·</span> 
     </span>
     <span class='ocr_line' id='line_1_18' title="bbox 239 2149 682 2224; baseline 0.005 -21"><span class='ocrx_word' id='word_1_146' title='bbox 239 2149 682 2224; x_wconf 75' lang='lat' dir='ltr'>quecuntexercitnshostinm:</span> 
     </span>
     <span class='ocr_line' id='line_1_19' title="bbox 238 2232 681 2293; baseline 0.002 -5"><span class='ocrx_word' id='word_1_147' title='bbox 238 2232 287 2289; x_wconf 90' lang='grc' dir='ltr'>ΡΜ</span> <span class='ocrx_word' id='word_1_148' title='bbox 309 2233 382 2293; x_wconf 77' lang='lat' dir='ltr'>Harl.</span> <span class='ocrx_word' id='word_1_149' title='bbox 405 2253 422 2291; x_wconf 87' lang='lat'>1.</span> <span class='ocrx_word' id='word_1_150' title='bbox 447 2235 522 2292; x_wconf 82' lang='lat' dir='ltr'>Leid.</span> <span class='ocrx_word' id='word_1_151' title='bbox 544 2254 562 2293; x_wconf 88' lang='lat'>1.</span> <span class='ocrx_word' id='word_1_152' title='bbox 589 2235 621 2292; x_wconf 85' lang='lat' dir='ltr'>al.</span> <span class='ocrx_word' id='word_1_153' title='bbox 647 2266 681 2275; x_wconf 97' lang='lat'>—</span> 
     </span>
     <span class='ocr_line' id='line_1_20' title="bbox 235 2319 680 2396; baseline 0.002 -21"><span class='ocrx_word' id='word_1_154' title='bbox 235 2319 302 2376; x_wconf 70' lang='grc' dir='ltr'><strong>[ιον.</strong></span> <span class='ocrx_word' id='word_1_155' title='bbox 321 2322 360 2378; x_wconf 71' lang='grc'>4.;</span> <span class='ocrx_word' id='word_1_156' title='bbox 384 2320 417 2374; x_wconf 87' lang='lat' dir='ltr'>ad</span> <span class='ocrx_word' id='word_1_157' title='bbox 436 2321 534 2396; x_wconf 87' lang='lat' dir='ltr'>pedum</span> <span class='ocrx_word' id='word_1_158' title='bbox 552 2330 680 2376; x_wconf 81' lang='lat' dir='ltr'>saturam·</span> 
     </span>
     <span class='ocr_line' id='line_1_21' title="bbox 237 2405 679 2482; baseline 0 -20"><span class='ocrx_word' id='word_1_159' title='bbox 237 2427 297 2482; x_wconf 89' lang='lat' dir='ltr'>qne.</span> <span class='ocrx_word' id='word_1_160' title='bbox 331 2405 407 2464; x_wconf 84' lang='lat' dir='ltr'>Voss.</span> <span class='ocrx_word' id='word_1_161' title='bbox 426 2426 451 2463; x_wconf 83' lang='lat' dir='ltr'>n.</span> <span class='ocrx_word' id='word_1_162' title='bbox 478 2407 523 2466; x_wconf 79' lang='lat' dir='ltr'>al:</span> <span class='ocrx_word' id='word_1_163' title='bbox 551 2417 679 2462; x_wconf 78' lang='lat' dir='ltr'>saturem-</span> 
     </span>
     <span class='ocr_line' id='line_1_22' title="bbox 234 2493 678 2572; baseline 0.002 -24"><span class='ocrx_word' id='word_1_164' title='bbox 234 2513 295 2569; x_wconf 88' lang='lat' dir='ltr'>qne.</span> <span class='ocrx_word' id='word_1_165' title='bbox 330 2524 360 2534; x_wconf 91' lang='lat'>-</span> <span class='ocrx_word' id='word_1_166' title='bbox 389 2493 452 2550; x_wconf 62' lang='grc' dir='ltr'>ΡΜ.</span> <span class='ocrx_word' id='word_1_167' title='bbox 477 2494 574 2572; x_wconf 80' lang='lat' dir='ltr'>oppida</span> <span class='ocrx_word' id='word_1_168' title='bbox 596 2493 678 2549; x_wconf 81' lang='lat' dir='ltr'>letina</span> 
     </span>
     <span class='ocr_line' id='line_1_23' title="bbox 232 2581 677 2642; baseline 0.016 -7"><span class='ocrx_word' id='word_1_169' title='bbox 232 2583 320 2636; x_wconf 87' lang='lat' dir='ltr'>omnia</span> <span class='ocrx_word' id='word_1_170' title='bbox 345 2590 372 2637; x_wconf 82' lang='lat' dir='ltr'>ct</span> <span class='ocrx_word' id='word_1_171' title='bbox 395 2584 495 2638; x_wconf 82' lang='lat' dir='ltr'>antium</span> <span class='ocrx_word' id='word_1_172' title='bbox 519 2602 551 2638; x_wconf 83' lang='lat' dir='ltr'>ex</span> <span class='ocrx_word' id='word_1_173' title='bbox 569 2581 677 2642; x_wconf 88' lang='lat' dir='ltr'>nolscis.</span> 
     </span>
     <span class='ocr_line' id='line_1_24' title="bbox 231 2666 677 2747; baseline 0.007 -25"><span class='ocrx_word' id='word_1_174' title='bbox 231 2666 305 2727; x_wconf 88' lang='lat' dir='ltr'>llarl.</span> <span class='ocrx_word' id='word_1_175' title='bbox 324 2688 343 2727; x_wconf 86' lang='grc' dir='ltr'>ι.</span> <span class='ocrx_word' id='word_1_176' title='bbox 359 2667 481 2728; x_wconf 77' lang='lat' dir='ltr'>Leid.1.:</span> <span class='ocrx_word' id='word_1_177' title='bbox 502 2669 599 2747; x_wconf 86' lang='lat' dir='ltr'>oppida</span> <span class='ocrx_word' id='word_1_178' title='bbox 618 2670 677 2726; x_wconf 85' lang='lat' dir='ltr'>lati·</span> 
     </span>
     <span class='ocr_line' id='line_1_25' title="bbox 230 2757 676 2817; baseline 0.002 -7"><span class='ocrx_word' id='word_1_179' title='bbox 230 2757 317 2812; x_wconf 79' lang='lat' dir='ltr'>nenio</span> <span class='ocrx_word' id='word_1_180' title='bbox 353 2765 380 2813; x_wconf 85' lang='lat' dir='ltr'>et</span> <span class='ocrx_word' id='word_1_181' title='bbox 415 2760 516 2814; x_wconf 86' lang='lat' dir='ltr'>entium</span> <span class='ocrx_word' id='word_1_182' title='bbox 552 2766 601 2817; x_wconf 86' lang='lat' dir='ltr'>cet.</span> <span class='ocrx_word' id='word_1_183' title='bbox 642 2789 676 2800; x_wconf 86' lang='lat'>-</span> 
     </span>
     <span class='ocr_line' id='line_1_26' title="bbox 105 2841 675 2911; baseline 0.005 -14"><span class='ocrx_word' id='word_1_184' title='bbox 105 2893 112 2909; x_wconf 65' lang='grc'>.,</span> <span class='ocrx_word' id='word_1_185' title='bbox 228 2841 296 2903; x_wconf 83' lang='lat' dir='ltr'>Lov.</span> <span class='ocrx_word' id='word_1_186' title='bbox 315 2845 354 2904; x_wconf 68' lang='lat' dir='ltr'>t:</span> <span class='ocrx_word' id='word_1_187' title='bbox 373 2846 401 2900; x_wconf 92' lang='lat' dir='ltr'>in</span> <span class='ocrx_word' id='word_1_188' title='bbox 420 2843 567 2908; x_wconf 84' lang='lat' dir='ltr'>deditione.</span> <span class='ocrx_word' id='word_1_189' title='bbox 596 2843 630 2903; x_wconf 85' lang='lat' dir='ltr'>cl.</span> <span class='ocrx_word' id='word_1_190' title='bbox 648 2846 675 2911; x_wconf 84' lang='grc'>8,</span> 
     </span>
    </p>

    <p class='ocr_par' dir='ltr' id='par_1_7' title="bbox 70 2916 674 3009">
     <span class='ocr_line' id='line_1_27' title="bbox 70 2916 674 3009; baseline -0.002 -22"><span class='ocrx_word' id='word_1_191' title='bbox 70 2916 73 2929; x_wconf 53' lang='lat'><strong>¹</strong></span> <span class='ocrx_word' id='word_1_192' title='bbox 230 2933 285 2989; x_wconf 67' lang='lat'>12:</span> <span class='ocrx_word' id='word_1_193' title='bbox 305 2932 333 2990; x_wconf 92' lang='lat' dir='ltr'>in</span> <span class='ocrx_word' id='word_1_194' title='bbox 346 2931 511 2988; x_wconf 85' lang='lat' dir='ltr'>deditionem</span> <span class='ocrx_word' id='word_1_195' title='bbox 527 2933 674 3009; x_wconf 82' lang='lat' dir='ltr'>accipiente</span> 
     </span>
    </p>

    <p class='ocr_par' dir='ltr' id='par_1_8' title="bbox 227 3017 468 3094">
     <span class='ocr_line' id='line_1_28' title="bbox 227 3017 468 3094; baseline 0.021 -22"><span class='ocrx_word' id='word_1_196' title='bbox 227 3017 326 3074; x_wconf 87' lang='lat' dir='ltr'>latinos</span> <span class='ocrx_word' id='word_1_197' title='bbox 344 3020 468 3094; x_wconf 85' lang='lat' dir='ltr'>populos.</span> 
     </span>
    </p>
   </div>
   <div class='ocr_carea' id='block_1_7' title="bbox 17 3105 674 3178">
    <p class='ocr_par' dir='ltr' id='par_1_9' title="bbox 17 3105 674 3178">
     <span class='ocr_line' id='line_1_29' title="bbox 17 3105 674 3178; baseline -0.002 -19"><span class='ocrx_word' id='word_1_198' title='bbox 17 3124 21 3137; x_wconf 76' lang='lat'><strong><em>⁴</em></strong></span> <span class='ocrx_word' id='word_1_199' title='bbox 99 3108 102 3113; x_wconf 85' lang='lat'>&#39;</span> <span class='ocrx_word' id='word_1_200' title='bbox 174 3105 201 3163; x_wconf 70' lang='lat' dir='ltr'>¹l.</span> <span class='ocrx_word' id='word_1_201' title='bbox 228 3105 347 3178; x_wconf 78' lang='lat' dir='ltr'>reliqua</span> <span class='ocrx_word' id='word_1_202' title='bbox 372 3105 537 3158; x_wconf 75' lang='lat' dir='ltr'>consultatio</span> <span class='ocrx_word' id='word_1_203' title='bbox 561 3112 606 3157; x_wconf 79' lang='lat' dir='ltr'>est</span> <span class='ocrx_word' id='word_1_204' title='bbox 625 3110 674 3176; x_wconf 79' lang='lat' dir='ltr'>qni</span> 
     </span>
    </p>
   </div>
   <div class='ocr_carea' id='block_1_8' title="bbox 69 3186 672 4134">
    <p class='ocr_par' dir='ltr' id='par_1_10' title="bbox 226 3186 672 3248">
     <span class='ocr_line' id='line_1_30' title="bbox 226 3186 672 3248; baseline -0.004 -4"><span class='ocrx_word' id='word_1_205' title='bbox 226 3189 400 3245; x_wconf 80' lang='lat' dir='ltr'>rebellando</span> <span class='ocrx_word' id='word_1_206' title='bbox 427 3197 490 3248; x_wconf 78' lang='lat' dir='ltr'>cet:</span> <span class='ocrx_word' id='word_1_207' title='bbox 516 3186 547 3244; x_wconf 90' lang='lat' dir='ltr'>P.</span> <span class='ocrx_word' id='word_1_208' title='bbox 570 3217 605 3229; x_wconf 92' lang='lat'>—</span> <span class='ocrx_word' id='word_1_209' title='bbox 632 3188 672 3242; x_wconf 89' lang='lat' dir='ltr'>lll:</span> 
     </span>
    </p>

    <p class='ocr_par' dir='ltr' id='par_1_11' title="bbox 224 3272 670 3446">
     <span class='ocr_line' id='line_1_31' title="bbox 224 3272 670 3353; baseline -0.009 -21"><span class='ocrx_word' id='word_1_210' title='bbox 224 3275 327 3353; x_wconf 84' lang='lat' dir='ltr'>reliqua</span> <span class='ocrx_word' id='word_1_211' title='bbox 346 3274 458 3333; x_wconf 71' lang='lat' dir='ltr'>tsolatio</span> <span class='ocrx_word' id='word_1_212' title='bbox 477 3279 493 3331; x_wconf 76' lang='grc' dir='ltr'>ἒ</span> <span class='ocrx_word' id='word_1_213' title='bbox 508 3276 512 3346; x_wconf 93' lang='grc' dir='ltr'>Ι</span> <span class='ocrx_word' id='word_1_214' title='bbox 530 3280 575 3352; x_wconf 74' lang='lat' dir='ltr'>cpit</span> <span class='ocrx_word' id='word_1_215' title='bbox 585 3272 670 3330; x_wconf 88' lang='lat' dir='ltr'>rebel-</span> 
     </span>
     <span class='ocr_line' id='line_1_32' title="bbox 224 3362 527 3446; baseline 0 -27"><span class='ocrx_word' id='word_1_216' title='bbox 224 3362 305 3420; x_wconf 86' lang='lat' dir='ltr'>lando</span> <span class='ocrx_word' id='word_1_217' title='bbox 323 3365 415 3440; x_wconf 84' lang='lat' dir='ltr'>sepina</span> <span class='ocrx_word' id='word_1_218' title='bbox 434 3371 484 3422; x_wconf 88' lang='lat' dir='ltr'>cet.</span> <span class='ocrx_word' id='word_1_219' title='bbox 520 3434 527 3446; x_wconf 84' lang='lat'><em>.</em></span> 
     </span>
    </p>

    <p class='ocr_par' dir='ltr' id='par_1_12' title="bbox 69 3448 669 3612">
     <span class='ocr_line' id='line_1_33' title="bbox 69 3448 669 3528; baseline 0 -22"><span class='ocrx_word' id='word_1_220' title='bbox 69 3522 72 3527; x_wconf 25' lang='grc' dir='ltr'>Ι</span> <span class='ocrx_word' id='word_1_221' title='bbox 170 3451 197 3509; x_wconf 85' lang='grc'>6.</span> <span class='ocrx_word' id='word_1_222' title='bbox 224 3452 428 3512; x_wconf 76' lang='lat' dir='ltr'>obtineamus.-</span> <span class='ocrx_word' id='word_1_223' title='bbox 445 3449 481 3510; x_wconf 92' lang='grc' dir='ltr'>Μ.</span> <span class='ocrx_word' id='word_1_224' title='bbox 495 3483 528 3493; x_wconf 93' lang='grc'>-</span> <span class='ocrx_word' id='word_1_225' title='bbox 547 3448 582 3507; x_wconf 85' lang='lat' dir='ltr'>P:</span> <span class='ocrx_word' id='word_1_226' title='bbox 600 3452 669 3528; x_wconf 80' lang='lat' dir='ltr'>opti-</span> 
     </span>
     <span class='ocr_line' id='line_1_34' title="bbox 224 3557 531 3612; baseline 0.013 -20"><span class='ocrx_word' id='word_1_227' title='bbox 224 3557 343 3597; x_wconf 83' lang='lat' dir='ltr'>neamus.</span> <span class='ocrx_word' id='word_1_228' title='bbox 529 3609 531 3612; x_wconf 10' lang='lat' dir='ltr'>y</span> 
     </span>
    </p>

    <p class='ocr_par' dir='ltr' id='par_1_13' title="bbox 170 3622 668 3698">
     <span class='ocr_line' id='line_1_35' title="bbox 170 3622 668 3698; baseline 0.012 -22"><span class='ocrx_word' id='word_1_229' title='bbox 170 3652 204 3665; x_wconf 90' lang='lat'>-</span> <span class='ocrx_word' id='word_1_230' title='bbox 223 3622 257 3677; x_wconf 79' lang='lat' dir='ltr'>di</span> <span class='ocrx_word' id='word_1_231' title='bbox 278 3626 466 3682; x_wconf 80' lang='lat' dir='ltr'>inmortales.-</span> <span class='ocrx_word' id='word_1_232' title='bbox 493 3625 537 3698; x_wconf 91' lang='grc' dir='ltr'>Μ]</span> <span class='ocrx_word' id='word_1_233' title='bbox 562 3626 600 3684; x_wconf 85' lang='lat' dir='ltr'>dii</span> <span class='ocrx_word' id='word_1_234' title='bbox 628 3628 668 3682; x_wconf 90' lang='lat' dir='ltr'>in-</span> 
     </span>
    </p>

    <p class='ocr_par' dir='ltr' id='par_1_14' title="bbox 221 3708 668 3782">
     <span class='ocr_line' id='line_1_36' title="bbox 221 3708 668 3782; baseline 0.007 -15"><span class='ocrx_word' id='word_1_235' title='bbox 221 3708 347 3767; x_wconf 81' lang='lat' dir='ltr'>mortales</span> <span class='ocrx_word' id='word_1_236' title='bbox 366 3711 429 3780; x_wconf 79' lang='lat' dir='ltr'><strong>(P).</strong></span> <span class='ocrx_word' id='word_1_237' title='bbox 442 3744 475 3754; x_wconf 92' lang='lat'><em>-</em></span> <span class='ocrx_word' id='word_1_238' title='bbox 491 3711 533 3769; x_wconf 89' lang='lat' dir='ltr'>lll:</span> <span class='ocrx_word' id='word_1_239' title='bbox 546 3717 605 3782; x_wconf 85' lang='lat' dir='ltr'>„ita</span> <span class='ocrx_word' id='word_1_240' title='bbox 619 3734 668 3770; x_wconf 86' lang='lat' dir='ltr'>nos</span> 
     </span>
    </p>

    <p class='ocr_par' dir='ltr' id='par_1_15' title="bbox 198 3798 667 3875">
     <span class='ocr_line' id='line_1_37' title="bbox 198 3798 667 3875; baseline 0.015 -24"><span class='ocrx_word' id='word_1_241' title='bbox 198 3805 345 3875; x_wconf 61' lang='lat' dir='ltr'>¹potentes</span> <span class='ocrx_word' id='word_1_242' title='bbox 370 3798 450 3855; x_wconf 89' lang='lat' dir='ltr'>huius</span> <span class='ocrx_word' id='word_1_243' title='bbox 469 3799 576 3858; x_wconf 88' lang='lat' dir='ltr'>consilii</span> <span class='ocrx_word' id='word_1_244' title='bbox 599 3799 667 3858; x_wconf 85' lang='lat' dir='ltr'>sece-</span> 
     </span>
    </p>

    <p class='ocr_par' dir='ltr' id='par_1_16' title="bbox 136 3873 667 3951">
     <span class='ocr_line' id='line_1_38' title="bbox 136 3873 667 3951; baseline 0.006 -11"><span class='ocrx_word' id='word_1_245' title='bbox 136 3936 140 3951; x_wconf 70' lang='lat'>,</span> <span class='ocrx_word' id='word_1_246' title='bbox 221 3893 281 3943; x_wconf 78' lang='lat' dir='ltr'>rent</span> <span class='ocrx_word' id='word_1_247' title='bbox 299 3895 329 3942; x_wconf 88' lang='lat' dir='ltr'>nt</span> <span class='ocrx_word' id='word_1_248' title='bbox 346 3873 389 3943; x_wconf 50' lang='lat' dir='ltr'>sit·</span> <span class='ocrx_word' id='word_1_249' title='bbox 399 3887 465 3946; x_wconf 73' lang='lat' dir='ltr'>latiis</span> <span class='ocrx_word' id='word_1_250' title='bbox 483 3909 517 3944; x_wconf 84' lang='lat' dir='ltr'>an</span> <span class='ocrx_word' id='word_1_251' title='bbox 529 3893 589 3944; x_wconf 67' lang='lat' dir='ltr'>‘non</span> <span class='ocrx_word' id='word_1_252' title='bbox 601 3889 625 3943; x_wconf 90' lang='lat' dir='ltr'>si</span> <span class='ocrx_word' id='word_1_253' title='bbox 637 3889 667 3944; x_wconf 91' lang='lat' dir='ltr'>in</span> 
     </span>
    </p>

    <p class='ocr_par' dir='ltr' id='par_1_17' title="bbox 218 3973 668 4053">
     <span class='ocr_line' id='line_1_39' title="bbox 218 3973 668 4053; baseline -0.002 -23"><span class='ocrx_word' id='word_1_254' title='bbox 218 3973 268 4031; x_wconf 76' lang='lat' dir='ltr'>n&#39;ie</span> <span class='ocrx_word' id='word_1_255' title='bbox 285 3994 366 4032; x_wconf 83' lang='lat' dir='ltr'>mann</span> <span class='ocrx_word' id='word_1_256' title='bbox 384 3977 538 4053; x_wconf 85' lang='lat' dir='ltr'>posuerit“.</span> <span class='ocrx_word' id='word_1_257' title='bbox 576 3974 620 4031; x_wconf 89' lang='lat' dir='ltr'>De</span> <span class='ocrx_word' id='word_1_258' title='bbox 638 3974 668 4030; x_wconf 76' lang='lat' dir='ltr'>ai</span> 
     </span>
    </p>

    <p class='ocr_par' dir='ltr' id='par_1_18' title="bbox 216 4060 665 4134">
     <span class='ocr_line' id='line_1_40' title="bbox 216 4060 665 4134; baseline 0.004 -17"><span class='ocrx_word' id='word_1_259' title='bbox 216 4060 665 4134; x_wconf 55' lang='lat' dir='ltr'>mmfflffiffilffl</span> 
     </span>
    </p>
   </div>
   <div class='ocr_carea' id='block_1_9' title="bbox 746 2060 1294 4127">
    <p class='ocr_par' dir='ltr' id='par_1_19' title="bbox 824 2060 1269 2397">
     <span class='ocr_line' id='line_1_41' title="bbox 825 2060 1269 2136; baseline 0.005 -21"><span class='ocrx_word' id='word_1_260' title='bbox 825 2081 853 2136; x_wconf 92' lang='lat' dir='ltr'>p.</span> <span class='ocrx_word' id='word_1_261' title='bbox 871 2080 924 2120; x_wconf 77' lang='lat' dir='ltr'>xxi.</span> <span class='ocrx_word' id='word_1_262' title='bbox 945 2064 969 2119; x_wconf 87' lang='lat'>1.</span> <span class='ocrx_word' id='word_1_263' title='bbox 993 2060 1035 2116; x_wconf 79' lang='lat' dir='ltr'>An</span> <span class='ocrx_word' id='word_1_264' title='bbox 1054 2081 1119 2118; x_wconf 81' lang='lat' dir='ltr'>vero</span> <span class='ocrx_word' id='word_1_265' title='bbox 1138 2062 1269 2130; x_wconf 79' lang='lat' dir='ltr'>librarius,</span> 
     </span>
     <span class='ocr_line' id='line_1_42' title="bbox 825 2137 1268 2229; baseline 0 -24"><span class='ocrx_word' id='word_1_266' title='bbox 825 2167 886 2229; x_wconf 79' lang='lat' dir='ltr'>cnm</span> <span class='ocrx_word' id='word_1_267' title='bbox 913 2149 1053 2222; x_wconf 81' lang='lat' dir='ltr'>scripserit</span> <span class='ocrx_word' id='word_1_268' title='bbox 1080 2137 1124 2205; x_wconf 74' lang='grc' dir='ltr'>εἰῖ</span> <span class='ocrx_word' id='word_1_269' title='bbox 1146 2170 1196 2224; x_wconf 89' lang='lat' dir='ltr'>pro</span> <span class='ocrx_word' id='word_1_270' title='bbox 1223 2153 1268 2216; x_wconf 77' lang='lat' dir='ltr'>sit,</span> 
     </span>
     <span class='ocr_line' id='line_1_43' title="bbox 824 2233 1267 2308; baseline 0.007 -20"><span class='ocrx_word' id='word_1_271' title='bbox 824 2237 974 2308; x_wconf 75' lang='lat' dir='ltr'>exprimere</span> <span class='ocrx_word' id='word_1_272' title='bbox 988 2233 1103 2292; x_wconf 83' lang='lat' dir='ltr'>voluerit</span> <span class='ocrx_word' id='word_1_273' title='bbox 1121 2239 1198 2294; x_wconf 81' lang='lat' dir='ltr'>sitne</span> <span class='ocrx_word' id='word_1_274' title='bbox 1215 2257 1267 2292; x_wconf 87' lang='lat' dir='ltr'>ma-</span> 
     </span>
     <span class='ocr_line' id='line_1_44' title="bbox 824 2320 1065 2397; baseline 0.017 -22"><span class='ocrx_word' id='word_1_275' title='bbox 824 2340 941 2397; x_wconf 81' lang='lat' dir='ltr'>gnopere</span> <span class='ocrx_word' id='word_1_276' title='bbox 961 2320 1065 2381; x_wconf 88' lang='lat' dir='ltr'>dubito.</span> 
     </span>
    </p>

    <p class='ocr_par' dir='ltr' id='par_1_20' title="bbox 753 2408 1265 2659">
     <span class='ocr_line' id='line_1_45' title="bbox 753 2408 1265 2488; baseline 0.02 -27"><span class='ocrx_word' id='word_1_277' title='bbox 753 2408 795 2465; x_wconf 87' lang='lat'>1⁰.</span> <span class='ocrx_word' id='word_1_278' title='bbox 822 2410 853 2463; x_wconf 83' lang='lat' dir='ltr'>in</span> <span class='ocrx_word' id='word_1_279' title='bbox 875 2409 993 2466; x_wconf 79' lang='lat' dir='ltr'>deditos</span> <span class='ocrx_word' id='word_1_280' title='bbox 1017 2412 1186 2488; x_wconf 75' lang='lat' dir='ltr'>uictosque:</span> <span class='ocrx_word' id='word_1_281' title='bbox 1211 2410 1265 2471; x_wconf 89' lang='grc' dir='ltr'>ΡΜ.</span> 
     </span>
     <span class='ocr_line' id='line_1_46' title="bbox 820 2495 1264 2555; baseline 0.007 -3"><span class='ocrx_word' id='word_1_282' title='bbox 820 2527 854 2538; x_wconf 90' lang='lat'>-</span> <span class='ocrx_word' id='word_1_283' title='bbox 872 2495 946 2555; x_wconf 87' lang='lat' dir='ltr'>Harl.</span> <span class='ocrx_word' id='word_1_284' title='bbox 958 2515 989 2555; x_wconf 77' lang='lat' dir='ltr'>n:</span> <span class='ocrx_word' id='word_1_285' title='bbox 1001 2499 1035 2552; x_wconf 91' lang='lat' dir='ltr'>-in</span> <span class='ocrx_word' id='word_1_286' title='bbox 1048 2497 1264 2555; x_wconf 79' lang='lat' dir='ltr'>debitosnictos·</span> 
     </span>
     <span class='ocr_line' id='line_1_47' title="bbox 819 2603 879 2659; baseline 0.05 -21"><span class='ocrx_word' id='word_1_287' title='bbox 819 2603 879 2659; x_wconf 88' lang='lat' dir='ltr'>que.</span> 
     </span>
    </p>

    <p class='ocr_par' dir='ltr' id='par_1_21' title="bbox 750 2671 1264 3010">
     <span class='ocr_line' id='line_1_48' title="bbox 750 2671 1264 2753; baseline 0.006 -27"><span class='ocrx_word' id='word_1_288' title='bbox 750 2671 792 2743; x_wconf 49' lang='lat'>1⁹2</span> <span class='ocrx_word' id='word_1_289' title='bbox 816 2691 871 2745; x_wconf 83' lang='lat' dir='ltr'>per</span> <span class='ocrx_word' id='word_1_290' title='bbox 888 2672 983 2729; x_wconf 80' lang='lat' dir='ltr'>multa</span> <span class='ocrx_word' id='word_1_291' title='bbox 1000 2673 1080 2731; x_wconf 81' lang='lat' dir='ltr'>bella</span> <span class='ocrx_word' id='word_1_292' title='bbox 1097 2693 1264 2753; x_wconf 76' lang='lat' dir='ltr'>magnoque</span> 
     </span>
     <span class='ocr_line' id='line_1_49' title="bbox 810 2759 1262 2831; baseline 0.004 -19"><span class='ocrx_word' id='word_1_293' title='bbox 810 2777 909 2831; x_wconf 76' lang='lat' dir='ltr'>..saepe</span> <span class='ocrx_word' id='word_1_294' title='bbox 933 2761 982 2814; x_wconf 79' lang='lat' dir='ltr'>usi</span> <span class='ocrx_word' id='word_1_295' title='bbox 1003 2761 1093 2816; x_wconf 79' lang='lat' dir='ltr'>estis:</span> <span class='ocrx_word' id='word_1_296' title='bbox 1116 2760 1146 2823; x_wconf 84' lang='lat' dir='ltr'>P.</span> <span class='ocrx_word' id='word_1_297' title='bbox 1163 2792 1200 2819; x_wconf 92' lang='grc'>,-</span> <span class='ocrx_word' id='word_1_298' title='bbox 1224 2759 1262 2815; x_wconf 84' lang='lat' dir='ltr'>lll:</span> 
     </span>
     <span class='ocr_line' id='line_1_50' title="bbox 818 2843 1263 2924; baseline 0.009 -25"><span class='ocrx_word' id='word_1_299' title='bbox 818 2864 867 2920; x_wconf 84' lang='lat' dir='ltr'>per</span> <span class='ocrx_word' id='word_1_300' title='bbox 890 2843 973 2902; x_wconf 82' lang='lat' dir='ltr'>multa</span> <span class='ocrx_word' id='word_1_301' title='bbox 996 2844 1091 2924; x_wconf 78' lang='lat' dir='ltr'>bellaq.</span> <span class='ocrx_word' id='word_1_302' title='bbox 1118 2867 1263 2924; x_wconf 82' lang='lat' dir='ltr'>magnaque</span> 
     </span>
     <span class='ocr_line' id='line_1_51' title="bbox 816 2933 1222 3010; baseline 0.007 -24"><span class='ocrx_word' id='word_1_303' title='bbox 816 2935 923 3010; x_wconf 86' lang='lat' dir='ltr'>saepius</span> <span class='ocrx_word' id='word_1_304' title='bbox 940 2939 945 2999; x_wconf 86' lang='grc'>1</span> <span class='ocrx_word' id='word_1_305' title='bbox 961 2934 1037 2988; x_wconf 88' lang='lat' dir='ltr'>iestis</span> <span class='ocrx_word' id='word_1_306' title='bbox 1055 2933 1135 2989; x_wconf 86' lang='lat' dir='ltr'>uultis</span> <span class='ocrx_word' id='word_1_307' title='bbox 1154 2943 1222 2993; x_wconf 71' lang='lat' dir='ltr'>cet&#39;</span> 
     </span>
    </p>

    <p class='ocr_par' dir='ltr' id='par_1_22' title="bbox 746 3020 1294 4127">
     <span class='ocr_line' id='line_1_52' title="bbox 746 3020 1261 3098; baseline 0.004 -24"><span class='ocrx_word' id='word_1_308' title='bbox 746 3020 789 3076; x_wconf 87' lang='lat'>15.</span> <span class='ocrx_word' id='word_1_309' title='bbox 816 3028 894 3076; x_wconf 78' lang='lat' dir='ltr'>certe</span> <span class='ocrx_word' id='word_1_310' title='bbox 906 3020 941 3075; x_wconf 79' lang='lat' dir='ltr'>id</span> <span class='ocrx_word' id='word_1_311' title='bbox 949 3021 1157 3095; x_wconf 76' lang='lat' dir='ltr'>firmissimum</span> <span class='ocrx_word' id='word_1_312' title='bbox 1170 3021 1261 3098; x_wconf 80' lang='lat' dir='ltr'>longe</span> 
     </span>
     <span class='ocr_line' id='line_1_53' title="bbox 815 3104 1259 3178; baseline 0.016 -18"><span class='ocrx_word' id='word_1_313' title='bbox 815 3107 969 3178; x_wconf 80' lang='lat' dir='ltr'>imperium</span> <span class='ocrx_word' id='word_1_314' title='bbox 978 3117 1039 3163; x_wconf 83' lang='lat' dir='ltr'>est:</span> <span class='ocrx_word' id='word_1_315' title='bbox 1048 3105 1103 3166; x_wconf 84' lang='grc' dir='ltr'>ΡΜ.</span> <span class='ocrx_word' id='word_1_316' title='bbox 1110 3136 1144 3148; x_wconf 91' lang='grc'><strong>-</strong></span> <span class='ocrx_word' id='word_1_317' title='bbox 1154 3104 1232 3165; x_wconf 81' lang='lat' dir='ltr'>Leid.</span> <span class='ocrx_word' id='word_1_318' title='bbox 1242 3126 1259 3166; x_wconf 83' lang='grc' dir='ltr'>ι.</span> 
     </span>
     <span class='ocr_line' id='line_1_54' title="bbox 814 3190 1258 3271; baseline 0.014 -27"><span class='ocrx_word' id='word_1_319' title='bbox 814 3190 862 3246; x_wconf 75' lang='lat' dir='ltr'>alr</span> <span class='ocrx_word' id='word_1_320' title='bbox 891 3205 961 3248; x_wconf 84' lang='lat' dir='ltr'>certe</span> <span class='ocrx_word' id='word_1_321' title='bbox 986 3214 1068 3271; x_wconf 87' lang='lat' dir='ltr'>saepe</span> <span class='ocrx_word' id='word_1_322' title='bbox 1090 3192 1119 3249; x_wconf 80' lang='lat' dir='ltr'>id</span> <span class='ocrx_word' id='word_1_323' title='bbox 1145 3203 1195 3253; x_wconf 84' lang='lat' dir='ltr'>cet.</span> <span class='ocrx_word' id='word_1_324' title='bbox 1225 3225 1258 3237; x_wconf 79' lang='lat'>--</span> 
     </span>
     <span class='ocr_line' id='line_1_55' title="bbox 812 3275 1257 3357; baseline 0.011 -22"><span class='ocrx_word' id='word_1_325' title='bbox 812 3275 873 3335; x_wconf 81' lang='lat' dir='ltr'>PM:</span> <span class='ocrx_word' id='word_1_326' title='bbox 884 3301 935 3356; x_wconf 87' lang='lat' dir='ltr'>qno</span> <span class='ocrx_word' id='word_1_327' title='bbox 947 3279 1123 3339; x_wconf 87' lang='lat' dir='ltr'>oboedientes</span> <span class='ocrx_word' id='word_1_328' title='bbox 1135 3279 1257 3357; x_wconf 80' lang='lat' dir='ltr'>gandent.</span> 
     </span>
     <span class='ocr_line' id='line_1_56' title="bbox 810 3356 1256 3447; baseline 0.009 -27"><span class='ocrx_word' id='word_1_329' title='bbox 810 3363 884 3424; x_wconf 80' lang='lat' dir='ltr'>Harl.</span> <span class='ocrx_word' id='word_1_330' title='bbox 898 3387 915 3425; x_wconf 90' lang='lat'>1.</span> <span class='ocrx_word' id='word_1_331' title='bbox 929 3387 951 3427; x_wconf 90' lang='lat' dir='ltr'>c.</span> <span class='ocrx_word' id='word_1_332' title='bbox 964 3356 1074 3428; x_wconf 54' lang='lat' dir='ltr'>Klocli:</span> <span class='ocrx_word' id='word_1_333' title='bbox 1093 3370 1196 3447; x_wconf 80' lang='lat' dir='ltr'>„qnod</span> <span class='ocrx_word' id='word_1_334' title='bbox 1211 3360 1256 3424; x_wconf 81' lang='lat' dir='ltr'>olr-</span> 
     </span>
     <span class='ocr_line' id='line_1_57' title="bbox 812 3451 1257 3528; baseline 0.007 -21"><span class='ocrx_word' id='word_1_335' title='bbox 812 3451 948 3510; x_wconf 84' lang='lat' dir='ltr'>oetlientes</span> <span class='ocrx_word' id='word_1_336' title='bbox 979 3456 1126 3528; x_wconf 74' lang='lat' dir='ltr'>gandeut“.</span> <span class='ocrx_word' id='word_1_337' title='bbox 1162 3459 1202 3512; x_wconf 85' lang='lat' dir='ltr'>sie</span> <span class='ocrx_word' id='word_1_338' title='bbox 1231 3466 1257 3510; x_wconf 86' lang='lat' dir='ltr'>et</span> 
     </span>
     <span class='ocr_line' id='line_1_58' title="bbox 811 3538 1254 3619; baseline 0.009 -23"><span class='ocrx_word' id='word_1_339' title='bbox 811 3538 878 3597; x_wconf 80' lang='lat' dir='ltr'>elias</span> <span class='ocrx_word' id='word_1_340' title='bbox 890 3543 918 3596; x_wconf 93' lang='lat' dir='ltr'>in</span> <span class='ocrx_word' id='word_1_341' title='bbox 932 3546 1050 3619; x_wconf 82' lang='lat' dir='ltr'>antiquis</span> <span class='ocrx_word' id='word_1_342' title='bbox 1062 3543 1168 3608; x_wconf 77' lang='lat' dir='ltr'>Lirian.</span> <span class='ocrx_word' id='word_1_343' title='bbox 1178 3542 1254 3600; x_wconf 84' lang='lat' dir='ltr'>codd.</span> 
     </span>
     <span class='ocr_line' id='line_1_59' title="bbox 810 3628 1254 3708; baseline 0 -24"><span class='ocrx_word' id='word_1_344' title='bbox 810 3628 834 3684; x_wconf 82' lang='lat' dir='ltr'><em>d</em></span> <span class='ocrx_word' id='word_1_345' title='bbox 850 3632 919 3684; x_wconf 87' lang='lat' dir='ltr'>inter</span> <span class='ocrx_word' id='word_1_346' title='bbox 936 3630 1043 3687; x_wconf 81' lang='lat' dir='ltr'>vocales</span> <span class='ocrx_word' id='word_1_347' title='bbox 1067 3633 1254 3708; x_wconf 83' lang='lat' dir='ltr'>interpositum</span> 
     </span>
     <span class='ocr_line' id='line_1_60' title="bbox 810 3710 1294 3792; baseline 0.006 -19"><span class='ocrx_word' id='word_1_348' title='bbox 810 3716 944 3777; x_wconf 84' lang='lat' dir='ltr'>videmus:</span> <span class='ocrx_word' id='word_1_349' title='bbox 964 3739 1005 3777; x_wconf 88' lang='lat' dir='ltr'>ex.</span> <span class='ocrx_word' id='word_1_350' title='bbox 1023 3738 1062 3792; x_wconf 82' lang='lat' dir='ltr'>gr.</span> <span class='ocrx_word' id='word_1_351' title='bbox 1081 3721 1107 3787; x_wconf 71' lang='lat'>2,</span> <span class='ocrx_word' id='word_1_352' title='bbox 1126 3710 1177 3776; x_wconf 70' lang='lat'>6&#39;0.</span> <span class='ocrx_word' id='word_1_353' title='bbox 1190 3721 1216 3772; x_wconf 91' lang='lat' dir='ltr'>in</span> <span class='ocrx_word' id='word_1_354' title='bbox 1229 3715 1254 3772; x_wconf 91' lang='lat' dir='ltr'>ll</span> <span class='ocrx_word' id='word_1_355' title='bbox 1286 3768 1294 3776; x_wconf 85' lang='lat'><strong><em>.</em></strong></span> 
     </span>
     <span class='ocr_line' id='line_1_61' title="bbox 809 3805 1253 3871; baseline 0.009 -13"><span class='ocrx_word' id='word_1_356' title='bbox 809 3805 887 3871; x_wconf 84' lang='lat' dir='ltr'>„ead</span> <span class='ocrx_word' id='word_1_357' title='bbox 902 3808 990 3862; x_wconf 86' lang='lat' dir='ltr'>omnis</span> <span class='ocrx_word' id='word_1_358' title='bbox 1010 3806 1087 3861; x_wconf 90' lang='lat' dir='ltr'>militi</span> <span class='ocrx_word' id='word_1_359' title='bbox 1103 3805 1163 3861; x_wconf 87' lang='lat' dir='ltr'>data</span> <span class='ocrx_word' id='word_1_360' title='bbox 1183 3810 1253 3862; x_wconf 59' lang='lat' dir='ltr'>eset</span> 
     </span>
     <span class='ocr_line' id='line_1_62' title="bbox 806 3893 1253 3961; baseline 0 -16"><span class='ocrx_word' id='word_1_361' title='bbox 806 3893 836 3957; x_wconf 49' lang='lat'>65</span> <span class='ocrx_word' id='word_1_362' title='bbox 853 3893 896 3948; x_wconf 72' lang='lat'>42.</span> <span class='ocrx_word' id='word_1_363' title='bbox 914 3896 941 3949; x_wconf 94' lang='lat' dir='ltr'>in</span> <span class='ocrx_word' id='word_1_364' title='bbox 960 3893 982 3948; x_wconf 90' lang='lat' dir='ltr'>P</span> <span class='ocrx_word' id='word_1_365' title='bbox 1001 3894 1077 3961; x_wconf 82' lang='lat' dir='ltr'>„scd</span> <span class='ocrx_word' id='word_1_366' title='bbox 1094 3894 1123 3949; x_wconf 86' lang='lat' dir='ltr'>id</span> <span class='ocrx_word' id='word_1_367' title='bbox 1142 3893 1253 3948; x_wconf 89' lang='lat' dir='ltr'>honoris</span> 
     </span>
     <span class='ocr_line' id='line_1_63' title="bbox 807 3975 1251 4038; baseline 0.002 -5"><span class='ocrx_word' id='word_1_368' title='bbox 807 3975 886 4035; x_wconf 74' lang='lat' dir='ltr'>eleum</span> <span class='ocrx_word' id='word_1_369' title='bbox 910 3981 1093 4038; x_wconf 83' lang='lat' dir='ltr'>inmortalium</span> <span class='ocrx_word' id='word_1_370' title='bbox 1119 4002 1198 4038; x_wconf 83' lang='lat' dir='ltr'>causa</span> <span class='ocrx_word' id='word_1_371' title='bbox 1220 3978 1251 4035; x_wconf 93' lang='lat' dir='ltr'>li·</span> 
     </span>
     <span class='ocr_line' id='line_1_64' title="bbox 806 4063 1058 4127; baseline 0.024 -6"><span class='ocrx_word' id='word_1_372' title='bbox 806 4063 900 4123; x_wconf 86' lang='lat' dir='ltr'>benter</span> <span class='ocrx_word' id='word_1_373' title='bbox 917 4073 1058 4127; x_wconf 63' lang='lat' dir='ltr'>acturos‘t</span> 
     </span>
    </p>
   </div>
   <div class='ocr_carea' id='block_1_10' title="bbox 0 0 1314 4590">
    <p class='ocr_par' dir='ltr' id='par_1_23' title="bbox 0 0 1314 4590">
     <span class='ocr_line' id='line_1_65' title="bbox 0 0 1314 4590; baseline 0 9"><span class='ocrx_word' id='word_1_374' title='bbox 0 0 1314 4590; x_wconf 95' lang='lat' dir='ltr'> </span> 
     </span>
    </p>
   </div>
  </div>
 </body>
</html>
