2618 4590
179 238 243 310 106
642 255 754 351 blblllb
769 254 813 316 Vl.

177 416 386 506 miseriaeque
404 416 506 507 plebis
530 417 731 502 crescebant,
762 441 837 485 cum
864 442 905 486 eo
934 418 1004 508 ipso
1034 419 1122 509 quod
1144 440 1276 487 necesse

178 533 246 589 erat
273 521 355 590 solvi
380 520 515 588 facultas
548 522 694 592 solvendi
725 521 928 613 inpediretur.
965 522 1073 612 itaque
1109 546 1184 589 canu
1212 522 1276 588 iam

95 672 99 680 ι
178 650 219 694 ex
240 649 275 694 re
296 624 374 691 nihil
396 624 461 691 dari
483 637 607 718 posset,
638 625 723 693 fama
746 637 779 697 ct
799 651 934 716 corpore
956 626 1083 693 iudicati
1105 639 1201 716 atque
1225 627 1276 693 ad·

178 730 252 798 dicti
273 729 480 798 creditoribus
501 731 737 799 satisfaciebant
757 752 928 821 poenaque
943 731 976 799 iu
992 731 1098 799 vicem
1120 730 1196 797 fidei
1211 754 1275 797 ces-

146 846 269 906 oserat.
307 834 388 904 adeo
412 859 487 924 ergo
510 836 669 903 obnoxios
691 835 916 903 saumniserant
943 836 1066 903 animos
1089 859 1155 902 non
1176 834 1275 901 infimi

88 1010 91 1015 Δ
175 939 281 1008 solum
302 940 361 1007 sed
383 939 540 1030 principes
563 941 660 1006 ctiam
681 940 793 1030 plebis,
816 953 940 1009 utnon
959 941 1059 1008 modo
1082 940 1123 1010 ad
1137 940 1273 1007 tribuna-

173 1056 242 1112 tum
263 1044 400 1111 militum
421 1044 504 1112 inter
524 1044 674 1133 patricios
696 1046 886 1135 petendum,
911 1047 998 1137 quod
1020 1056 1108 1114 tanta
1129 1044 1162 1127 vi
1183 1055 1220 1110 ut
1240 1044 1273 1109 li-

173 1160 260 1217 ceret
285 1147 498 1231 tetenderant,
532 1147 590 1215 sed
611 1173 653 1217 ne
676 1151 716 1218 ad
744 1150 889 1240 plebeios
917 1151 1049 1242 quidem
1073 1149 1275 1239 magistratus

173 1254 387 1344 capessendos
421 1253 641 1345 petendosque
668 1254 727 1321 ulli
753 1255 821 1321 viro
851 1255 915 1322 acri
946 1255 1184 1346 experientique
1211 1253 1273 1319 ani-

126 1373 161 1430 10
172 1381 244 1424 mus
267 1369 360 1440 esset,
383 1358 685 1450 possessionemque
706 1358 837 1427 honoris
852 1361 994 1449 usurpati
1013 1361 1111 1426 modo
1134 1384 1153 1425 a
1175 1357 1271 1449 plebe

127 1466 132 1479 ‘
171 1485 371 1553 perpaucos
394 1485 495 1530 annos
516 1487 722 1554 recuperasse
744 1464 983 1554 inperpetuum
1004 1476 1111 1555 patres
1131 1463 1271 1530 videren-

87 1554 101 1562 ’
171 1578 233 1634 tur.
270 1590 313 1634 ne
335 1566 368 1632 id
389 1567 483 1634 nimis
504 1566 626 1635 lactum
647 1568 730 1665 parti
752 1568 842 1638 alteri
863 1580 957 1655 esset,
979 1594 1076 1660 parva
1092 1605 1136 1616 —
1151 1577 1187 1634 ut
1207 1566 1272 1656 ple2

170 1695 305 1762 rumque
328 1671 411 1738 solet
432 1706 477 1722 -
502 1695 573 1741 rem
600 1671 763 1762 ingentem
789 1673 944 1741 moliundi
971 1696 1066 1739 causa
1092 1670 1270 1738 intervenit.

170 1775 216 1845 M.
236 1775 316 1843 Fabi
337 1774 500 1858 Ambusti,
528 1777 667 1866 potentis
689 1777 747 1847 viri
770 1802 844 1845 cum
870 1778 953 1849 inter
976 1776 1025 1844 sui
1051 1774 1192 1867 corporis
1215 1775 1270 1841 ho-

123 1895 157 1952 15
167 1881 270 1948 mines
292 1891 362 1948 tum
385 1881 481 1948 etiam
503 1880 544 1948 ad
572 1881 716 1973 plebem,
745 1884 832 1974 quod
860 1883 1109 1973 haudquaquam
1136 1880 1218 1946 inter
1240 1878 1273 1945 id

167 2010 267 2075 genus
295 1996 497 2077 contemptor
524 1985 593 2052 eins
620 1985 809 2072 habebatur,
838 1988 922 2055 filiae
950 1988 1032 2054 duae
1059 1995 1178 2074 nuptae
1200 1984 1270 2050 Ser.

167 2089 310 2182 Sulpicio
334 2090 443 2174 maior,
466 2089 571 2160 minor
592 2088 630 2158 C.
652 2089 774 2159 Licinio
796 2092 924 2160 Stoloni
946 2103 1023 2174 erat,
1054 2089 1177 2157 inlustri
1204 2088 1269 2179 qui-

237 2257 317 2335 sqitig
335 2255 374 2311 als
392 2255 532 2329 Erffillung
550 2254 599 2310 der
615 2252 682 2311 Ver·

235 2341 446 2399 bindlicblreiten
458 2341 637 2414 angeseben“.
647 2373 682 2389 -÷

235 2427 347 2489 Litteris
365 2449 390 2496 c,
409 2430 427 2496 ἰ,
446 2450 466 2485 a
484 2426 603 2485 confusis
616 2431 681 2489 scri·

233 2523 310 2594 ptum
328 2525 370 2571 est
387 2515 416 2572 iu
428 2515 450 2572 P
463 2525 491 2572 et
508 2515 680 2592 „impedere-

234 2607 300 2657 tur“
314 2611 369 2671 etr„
378 2602 436 2659 dari
447 2604 560 2682 possit“
573 2613 601 2659 et
618 2605 679 2671 „iu-

236 2688 319 2747 dicati
342 2699 423 2774 atque
445 2690 529 2747 edicti
548 2693 679 2747 creatori·

233 2777 313 2845 bus⁸‘,
333 2779 409 2835 anius
420 2786 572 2856 postremae
589 2788 678 2834 tamen

232 2867 308 2922 vocis
326 2865 388 2923 loco
408 2867 501 2923 eadem
518 2886 554 2927 m.
573 2869 598 2934 1.Ι
616 2885 676 2924 cre·

232 2953 379 3012 datoribus
397 2956 550 3014 restitutum
568 2964 617 3013 est.

177 3043 204 3097 7.
233 3041 316 3114 quod
331 3049 416 3099 torota
429 3044 461 3096 ui
475 3043 619 3098 alliceret
634 3049 676 3097 te·

229 3127 401 3186 tenderunt:
417 3125 475 3185 Pol.

177 3215 204 3273 9.
230 3212 431 3288 capessendos
456 3211 675 3290 petendosque:

228 3299 287 3361 PM.
315 3299 348 3357 ln
366 3298 409 3355 bis
426 3298 517 3356 vorbis
535 3297 604 3358 illud
619 3299 675 3374 fly-

176 3428 179 3433 ·
228 3395 468 3464 steron-proteron
493 3389 583 3444 inesse
599 3387 674 3447 ride·

120 3525 131 3538 ‚⁴
226 3486 279 3542 tur,
297 3474 371 3552 qaod
389 3485 451 3531 ante
471 3492 550 3550 qnam
568 3478 673 3552 capessi

225 3571 363 3634 poterant,
394 3563 565 3636 magistratus
593 3564 673 3640 petiti

226 3666 287 3703 csse
311 3647 451 3708 debebant.
479 3647 529 3705 sed
547 3648 594 3705 tali
613 3670 672 3707 ver·

226 3733 323 3791 borum
340 3743 473 3793 structura
484 3733 517 3802 L.
536 3756 601 3795 usus
617 3758 673 3795 non

186 3872 190 3878 .
225 3830 275 3890 est,
292 3823 346 3878 uisi
364 3842 425 3884 cum
437 3824 585 3883 cavendnm
602 3835 673 3883 esset

222 3928 260 3965 aa
275 3911 362 3966 minus
373 3908 460 3972 libera
472 3914 672 3973 constructione

200 4066 202 4070 Α
225 3998 311 4053 oratio
339 3994 436 4072 frigida
464 3998 554 4056 lieret:
585 4020 670 4070 „son-

171 4127 190 4141 ‚,
220 4083 290 4143 dara
317 4085 380 4143 dass
405 4085 480 4144 oicbt
502 4085 600 4147 eiumd
621 4106 670 4146 aar

824 2252 1269 2332 BelleidungbtirgerlioherAem·

823 2353 873 2412 ter,
889 2347 916 2418 ja
934 2343 1021 2401 selbot
1037 2363 1085 2399 zur
1097 2341 1269 2415 Bewerbung

825 2433 920 2490 darom
941 2433 1001 2490 sicb
1024 2433 1068 2487 ein
1090 2427 1269 2488 euoeablosse·

822 2540 872 2576 ner
881 2519 936 2576 und
945 2519 1079 2594 mntbiger
1086 2516 1167 2573 ltlann
1178 2515 1268 2574 fand‘t

752 2608 794 2666 Η.
822 2627 860 2664 ne
882 2608 916 2664 id
936 2608 1024 2669 nimis
1051 2607 1163 2662 laetum
1187 2605 1271 2677 porti

820 2696 912 2754 alteri
927 2701 1022 2751 esset:
1040 2690 1076 2751 ll.
1107 2722 1142 2733 -·
1172 2689 1208 2748 P:
1232 2711 1266 2746 ne

819 2781 849 2837 id
862 2782 962 2842 nimius
971 2778 1069 2836 laetum
1079 2789 1130 2837 cet.
1138 2807 1174 2821 -
1185 2775 1266 2840 Reae.

756 2916 761 2921 .
820 2869 914 2926 codd:
932 2866 1064 2930 moliendi
1082 2886 1171 2927 causa.
1193 2910 1196 2916 .

749 2957 791 3023 14
809 2951 1265 3024 M.rboiAmousti.·-Ptlflar1.1.]

818 3040 854 3100 ll.
868 3041 945 3098 Fabii
957 3042 1091 3101 Ambusti.
1102 3036 1185 3097 -Pr
1179 3060 1266 3096 ·cum

818 3131 895 3192 irater
906 3131 957 3184 aui
966 3130 1101 3219 corporis
1119 3127 1168 3197 (cl.
1181 3129 1208 3197 l,
1221 3130 1264 3198 9.)

817 3215 961 3273 domines.
979 3193 1009 3270 lb
1027 3213 1056 3277 tl
1073 3215 1190 3272 discerni
1209 3234 1264 3271 non

816 3304 921 3387 potuit,
948 3322 1013 3363 num
1035 3321 1070 3363 m.
1089 3304 1113 3361 1.
1141 3322 1207 3358 cum
1229 3323 1264 3358 arr

816 3399 879 3450 tum
896 3390 1036 3471 scriptum
1039 3388 1129 3448 luerit
1141 3420 1175 3431 -
1187 3385 1215 3445 ll
1226 3410 1263 3448 m.

816 3478 1094 3550 1.·inoe1·itgenus
1113 3496 1148 3536 m.
1162 3478 1201 3534 3..
1221 3476 1261 3533 id.

746 3566 789 3631 16.
809 3562 1181 3670 filipcduaeuuptaaSer.
1191 3561 1262 3619 Sul-

754 3655 891 3728 ·picio
908 3654 1006 3710 maior·
1023 3652 1121 3707 minor
1140 3652 1171 3708 0.
1189 3651 1262 3706 Lici·

814 3741 864 3801 nio
887 3739 1008 3802 Stoloni
1031 3748 1111 3799 erat:
1137 3737 1194 3796 Plll.
1230 3737 1261 3795 lu

814 3847 885 3886 rece.
909 3827 1068 3905 quibusdam
1092 3825 1171 3884 codd.
1192 3825 1260 3880 scri·

772 3950 775 3956 ·
815 3925 892 3992 ptum
910 3924 952 3972 est
969 3923 1063 3978 oraret.
1078 3943 1111 3956 -
1130 3913 1156 3970 ll
1174 3915 1260 3970 rn.1.:

814 4001 939 4061 adfinitas
951 4000 1023 4058 baud
1035 4010 1119 4078 prela.
1137 4000 1164 4057 M
1182 4021 1217 4060 m.
1233 4003 1259 4060 2.

813 4087 849 4147 P:
866 4099 966 4165 spreta.
