2618 4590
540 231 649 291 murm
666 231 713 292 tx„
1112 215 1176 283 517
1250 236 1254 241 ·

82 417 141 462 vos
164 416 285 485 quaeso
306 393 471 476 consules,
499 394 526 462 si
547 394 639 463 vobis
667 395 776 462 datum
804 394 845 460 ab
872 405 984 461 senatu
1012 392 1176 485 negotium
1266 448 1269 455 ,

80 498 187 580 fuerit,
215 497 248 564 in
270 522 322 567 me
344 499 482 589 primum
504 511 538 567 et
558 499 645 566 hunc
666 498 712 565 Μ.
733 497 876 566 Foslium
897 497 1100 589 quaestiones
1120 520 1174 566 ex·

73 602 225 686 cretatis,
251 613 287 670 ut
315 614 466 693 appareat
491 603 670 671 innocentia
698 613 806 671 nostra
833 626 982 670 noanon
1008 602 1173 671 maiestate

75 705 206 773 honoris
220 717 315 775 tutos
337 731 355 774 a
377 706 645 775 criminationibus
667 706 734 774 istis
756 713 878 774 esse“.'
895 706 1020 775 abdicat
1042 707 1117 774 inde
1136 729 1173 774 se

75 809 228 878 dictatura
251 822 284 879 et
305 822 380 901 post
401 835 477 879 eum
492 810 662 881 confestim
676 810 801 878 Foslius
823 810 1003 902 magisterio
1018 806 1208 902 equitumt

73 914 231 1005 primique
255 916 341 1005 apud
363 917 513 986 consules
534 953 579 966 -
598 916 637 982 iis
659 914 745 984 enim
767 916 807 982 ab
829 926 942 983 senatu
955 919 1105 986 mandatu
1120 938 1172 984 res

72 1029 122 1086 est
144 1058 188 1071 --
210 1019 256 1086 rei
277 1019 353 1087 facti
375 1021 527 1088 adversus
549 1018 704 1087 nobilium
726 1019 907 1088 testimonia
921 1023 1046 1112 egregie
1068 1018 1174 1089 absol·
1283 1068 1286 1073 »

70 1134 196 1192 vuntur.
228 1123 383 1191 Publilius
412 1123 508 1191 etiam
529 1123 622 1191 Philo
649 1124 863 1214 multiplicatis
891 1127 1024 1195 summis
1045 1124 1171 1194 honori·

68 1224 129 1292 bus
150 1238 225 1327 post
245 1251 296 1294 res
318 1238 368 1295 tot
389 1228 477 1296 domi
498 1227 650 1321 belloque
671 1240 776 1320 gestas
804 1241 947 1300 ceterum
973 1230 1093 1300 invisus
1114 1252 1171 1297 ne
1269 1288 1273 1293 .

67 1329 177 1398 bilitati
210 1354 341 1398 causam
369 1332 447 1402 dixit
475 1331 706 1424 absolutusque
734 1345 794 1403 est
833 1359 895 1403 nec
923 1334 1040 1403 diutius
1067 1344 1105 1402 ut
1131 1331 1169 1401 fit
1181 1337 1218 1395 1⁰

67 1459 166 1525 quam
189 1437 267 1503 dum
287 1460 400 1504 recens
422 1448 491 1505 erat
518 1438 663 1526 quaestio
690 1461 749 1531 per
777 1440 860 1507 clara
888 1438 1018 1507 nomina
1039 1459 1170 1506 reorum

65 1539 178 1629 viguitz
199 1541 274 1613 inde
295 1541 360 1607 labi
382 1542 489 1632 coepit
510 1542 551 1607 ad
571 1540 682 1610 viliora
706 1543 824 1633 capita,
852 1545 955 1612 donec
978 1542 1169 1611 coitionibus

65 1643 318 1735 factionibusque
341 1645 493 1713 adversus
515 1668 596 1736 quas
617 1658 789 1737 conparata
810 1658 879 1714 erat
899 1670 1055 1738 oppressa
1077 1656 1137 1715 est.

150 1747 285 1819 XXVII.
329 1749 449 1818 Earum
469 1751 556 1822 fama
577 1774 683 1819 rerum
710 1752 812 1847 magis
840 1762 948 1819 tamen
976 1773 1051 1841 spes
1074 1749 1167 1817 Cem-

64 1876 166 1941 panae
195 1853 396 1939 defectionis,
423 1855 456 1927 in
485 1880 584 1948 quam
613 1855 813 1930 coniuratum
840 1866 925 1940 erat,
945 1852 1105 1929 Samnites
1132 1853 1214 1924 in¹5
1295 1915 1300 1922 .

722 2077 772 2138 al:
789 2075 898 2154 publius
916 2076 998 2134 etiarn
1015 2073 1099 2152 pbllo.
1121 2072 1167 2133 Gi.
1260 2108 1264 2121 ι

719 2171 747 2234 9,
766 2168 809 2225 17.
826 2195 861 2208 -
879 2164 949 2233 Plllr,
961 2174 1046 2242 „post
1063 2181 1107 2220 res
1125 2169 1168 2218 tot

719 2251 795 2310 dorni
812 2252 937 2330 belloque
948 2256 1068 2328 gestas“.
1085 2248 1169 2307 liert.

719 2339 829 2417 qnidam
842 2340 937 2400 cedda
955 2338 1030 2395 domi
1042 2335 1172 2415 bellique

80 2073 105 2132 1.
133 2094 190 2130 uos
218 2094 332 2152 quaeso
356 2082 451 2138 cett„-
480 2076 512 2138 Ρ.
543 2107 578 2120 -·

130 2159 172 2219 bl:
191 2181 242 2220 uos
260 2181 361 2239 quaeso
379 2170 468 2224 const.
481 2193 516 2209 -
527 2162 579 2222 ΡΜ

131 2248 179 2308 al:
202 2250 233 2304 in
255 2267 299 2306 me
319 2251 437 2328 primum
461 2251 578 2327 etlruns

128 2341 163 2394 rie
185 2333 279 2393 lolium
301 2339 474 2414 quaestiones
500 2357 576 2396 exer·

131 2426 223 2483 etatis.
240 2420 308 2483 bor.
318 2425 357 2484 la
369 2432 404 2484 rir.
416 2425 529 2487 lollium.
542 2458 577 2470 -

128 2508 196 2569 Lar.
211 2511 251 2569 aa
268 2512 300 2568 in
317 2531 360 2571 rue
371 2512 489 2590 primum
506 2521 534 2569 et
546 2514 577 2570 in

128 2596 209 2657 bunc.
231 2627 267 2640 -
293 2596 344 2657 ΡΜ
364 2598 440 2657 rell:
462 2609 538 2657 tutos
560 2621 576 2656 a

130 2685 363 2740 criminationibus
382 2687 442 2742 istis
460 2706 528 2743 esse.

76 2773 102 2830 l,
129 2769 249 2826 abdicat
266 2771 337 2828 inde
353 2791 387 2829 se
409 2774 576 2831 dictatura:

127 2856 155 2916 Μ
173 2877 209 2914 ru.
227 2859 253 2920 Ρ.
270 2855 302 2917 Ρ.
320 2887 357 2900 -
374 2856 403 2915 Μ
420 2859 575 2920 m.1.=di-

128 2950 239 3004 ctaturi.
257 2976 292 2991 -
309 2944 376 3003 Pllle
392 2955 421 3002 et
436 2954 500 3024 post
514 2966 579 3007 eum

129 3030 271 3091 confestim
289 3031 372 3089 lolius
383 3033 420 3103 (P
433 3052 469 3092 m.
482 3034 522 3092 b:
534 3031 575 3090 fo-

126 3121 195 3190 lior)
213 3121 371 3195 magisterio·
384 3123 513 3198 equitum.
539 3151 575 3163 -

129 3207 166 3264 P:
194 3209 329 3284 primique
353 3211 425 3288 apud
448 3215 505 3269 coi.
532 3207 576 3264 ll:

128 3296 264 3371 primique
281 3307 348 3372 aput
364 3303 436 3356 cosi.
454 3327 489 3342 -
511 3294 579 3354 Pltr

130 3382 165 3436 iis
190 3383 261 3437 enim
282 3384 316 3439 ab
339 3392 433 3440 senatu
452 3383 577 3440 mandata

131 3487 175 3527 res
193 3477 243 3530 ert.
273 3467 343 3530 cod.
360 3470 431 3546 Siga
452 3468 579 3525 mandata

130 3575 175 3612 res
197 3563 262 3613 erat.
285 3588 319 3598 -
347 3556 386 3612 P:·
406 3556 510 3631 egregie
531 3555 577 3610 ab·

132 3642 283 3702 soluurrtur.
301 3641 366 3703 Pall.
386 3646 411 3703 1.
423 3646 448 3702 3.
467 3641 545 3702 Leid.
559 3662 579 3703 t.

132 3729 181 3788 al:
204 3729 389 3790 obsoluuntur.
418 3730 461 3788 ll:
485 3728 580 3786 aduer-

131 3838 179 3873 sus
198 3816 330 3875 nobilium
347 3818 501 3888 testimonie
521 3835 580 3891 gre·

135 3907 176 3960 cic
193 3904 346 3964 obsoluunt.
369 3926 405 3964 m.
423 3907 464 3962 Ρη
483 3905 583 3980 gracie.

81 3994 108 4047 8.
134 3990 285 4066 Pettium
307 3994 397 4050 stium
414 3991 521 4050 Philo-s
543 3990 581 4051 Μ.

137 4103 171 4118 -
189 4077 211 4132 Ρ
228 4078 332 4142 terte
347 4079 425 4142 Voss.
436 4097 462 4138 u.
474 4076 543 4139 Les.
555 4079 582 4135 l.

721 2427 766 2486 Cl.
787 2432 812 2495 1,
830 2428 891 2489 34:
910 2425 982 2483 belle
1001 2424 1136 2500 domique.

648 2517 691 2577 12.
719 2514 815 2570 donee
834 2513 1011 2571 coitionibus
1025 2510 1167 2585 factioni·

718 2601 994 2676 busqus·oduersus
1007 2617 1085 2674 quos
1099 2616 1166 2652 corr-

715 2695 914 2765 peremerat
937 2703 1087 2760 appresso
1104 2689 1166 2738 est:

717 2773 775 2830 ΡΜ.
807 2805 842 2815 -
873 2771 951 2829 Leid.
971 2789 989 2828 r.
1019 2786 1167 2844 omnesque

717 2878 804 2938 prope
826 2856 909 2914 Dnal.
936 2855 1035 2917 occide:-
1058 2854 1168 2916 sonem·

717 2940 801 3006 uibus
817 2943 1048 3020 tumentesque„
1152 2970 1154 2975 ·

648 3036 694 3097 te
719 3053 827 3093 eorum
833 3031 927 3106 fame
949 3048 1050 3090 rerum
1066 3029 1166 3107 magis

717 3131 821 3180 mmor»
834 3140 889 3195 sps
901 3136 1065 3194 companas
1081 3113 1166 3194 defs-

717 3210 824 3267 stiorrr‘s
842 3219 906 3265 cet:
924 3205 975 3262 ΡΜ
997 3203 1055 3262 rell.
1083 3198 1168 3259 Nullo

718 3295 822 3353 mendo
834 3294 943 3369 saepius
957 3301 1075 3348 erratum
1090 3287 1166 3346 vids·

718 3392 763 3451 tur
780 3401 861 3459 quam
878 3389 909 3436 ut
926 3400 946 3434 s
959 3379 990 3433 in
1005 3378 1060 3433 fine
1071 3374 1167 3458 serbo·

718 3489 778 3526 sum
789 3466 1056 3546 praetermitteretur.
1067 3494 1104 3511 ψ-
1115 3461 1167 3523 ΡΜ

719 3556 792 3614 rell:
819 3557 871 3624 „in
894 3573 974 3630 quam
997 3553 1169 3610 coniuratum

720 3647 809 3702 erat“.
844 3641 920 3698 llaec
936 3641 1017 3698 rerba
1038 3660 1095 3697 nors
1111 3649 1168 3696 tatu

720 3731 751 3787 id
776 3729 930 3805 significare
950 3728 1092 3795 violentur,
1117 3723 1168 3783 sa-

721 3819 820 3875 mnites
846 3818 899 3873 lraa
925 3814 1073 3874 rebellione
1101 3809 1169 3869 nibil

721 3903 795 3961 aliud
805 3915 951 3982 spectasse,
960 3921 1040 3980 quam
1049 3909 1079 3958 ut
1087 3899 1168 3958 Gaur-

722 4011 808 4061 puuos
821 3991 855 4048 ad
867 3990 1044 4048 delectionem
1056 4008 1072 4050 a
1083 4002 1168 4061 popp-
1267 4018 1271 4033 .

722 4076 751 4137 lo
769 4099 880 4140 romruo
894 4076 1071 4149 impellerent,
1086 4090 1167 4146 quem
