2618 4590
171 192 315 293 ιιι.
631 196 803 300 narnia

174 424 369 494 quaesoque,
390 400 417 469 si
438 399 530 468 vobis
551 423 617 468 nou
639 401 698 467 tuit
720 399 809 467 cordi
827 397 884 488 Sp.
899 397 1101 466 Postumium
1116 397 1162 466 Τ.
1179 397 1274 468 Vetu-

171 508 256 574 rium
277 505 424 574 consules
447 529 521 573 cum
543 503 737 572 Samnitibus
758 525 910 593 prospere
937 503 1058 570 bellum
1084 527 1220 593 gerere,
1247 515 1275 572 at

175 590 242 680 vos'
256 610 331 677 satis
352 609 496 677 habeatis
512 609 627 676 vidisse
641 633 701 676 nos
716 607 775 676 sub
794 608 902 698 iugum
916 607 1032 675 missos
1043 607 1167 675 vidisse
1184 631 1274 699 spon

173 715 262 781 sione
283 713 393 780 infami
415 714 580 805 obligatos,
601 714 708 780 videre
729 711 832 777 nodos
847 711 1034 802 vinctosque
1048 711 1206 779 hostibus
1228 713 1273 779 de

142 802 256 889 iditos
279 842 410 886 omnem
431 819 509 885 iram
525 817 665 885 hostium
680 817 797 883 nostris
812 816 966 906 capitibus
981 817 1202 907 excipientes:
1224 842 1273 884 no

47 940 51 953 ¹
120 950 123 957 ·
170 948 230 992 vos
251 924 399 991 consules
421 923 626 1013 legionesque
648 922 808 989 Romanas
829 921 872 988 ita
895 945 969 987 cum
992 921 1139 988 Samnite
1164 946 1272 1012 gerere

169 1029 290 1097 bellum
311 1026 414 1094 velitis
435 1038 471 1093 ut
493 1026 599 1093 omnia
622 1036 694 1092 ante
709 1049 769 1092 nos
791 1025 940 1093 consules
954 1025 1038 1092 bella
1053 1037 1147 1116 gesta
1164 1034 1271 1094 sunt“.

74 1122 79 1131 ¹
169 1157 252 1224 quae
276 1131 329 1198 ubi
352 1130 445 1214 dixit,
472 1141 558 1196 tanta
580 1129 675 1195 simul
703 1129 867 1196 admiratio
896 1130 1121 1221 miseratioque
1148 1132 1210 1197 viri
1232 1132 1271 1198 in

169 1237 265 1306 cessit
290 1235 437 1302 homines
463 1245 500 1301 ut
526 1234 623 1300 modo
645 1234 700 1301 vix
728 1234 893 1301 crederent
920 1234 1011 1300 illum
1033 1235 1179 1302 eundem
1202 1256 1269 1304 esse

122 1352 157 1408 1⁰
169 1342 225 1431 Sp.
248 1338 448 1408 Postumium
470 1338 525 1428 qui
547 1349 659 1405 auctor
679 1350 745 1406 tam
766 1339 885 1406 foedae
903 1340 991 1429 pacis
1012 1339 1142 1423 fuisset,
1172 1341 1269 1408 modo

237 1470 311 1549 quod
328 1472 353 1526 si
366 1501 399 1512 -
412 1479 440 1526 at
457 1490 514 1545 ego.
533 1472 559 1538 6,
571 1471 609 1529 9.:
628 1470 681 1527 diis

237 1557 314 1615 cordi
332 1556 422 1616 fuisse.
435 1589 468 1601 -
483 1555 547 1615 Pttr
565 1557 681 1625 „nidere

235 1644 324 1703 nudos
336 1646 495 1723 uinctosque
503 1643 626 1703 hostibus
635 1645 680 1702 de·

235 1733 308 1790 ditos
335 1752 441 1788 omnem
467 1733 533 1788 iram
560 1733 678 1790 bostium

233 1819 334 1877 nostris
345 1820 476 1897 capitibus
483 1821 645 1896 excipientes
652 1827 677 1882 “.

232 1907 296 1965 Nou
314 1908 427 1963 vidisse
448 1908 535 1981 potuit
556 1907 608 1966 boe
625 1918 677 1963 ter·

233 1996 272 2051 tio
298 1993 359 2050 ioco
385 1995 468 2049 scribi
490 1992 539 2049 sed
565 1996 677 2065 nidere,

230 2103 291 2139 cnm
310 2080 463 2138 Postumius
482 2081 515 2137 ad
534 2081 562 2138 id
582 2103 674 2162 perge·

229 2180 272 2224 rct
289 2167 360 2245 quod
375 2169 492 2235 noudum
506 2169 602 2226 iactum
616 2181 673 2226 erat

228 2256 277 2335 sed
295 2255 368 2330 quod
387 2258 415 2312 in
437 2277 469 2313 eo
488 2266 564 2312 erant
587 2269 617 2316 ut
635 2261 671 2314 ia·

228 2351 328 2400 rorent.
356 2343 476 2398 deditos
502 2353 589 2399 tamen
616 2366 671 2401 non

227 2428 301 2484 dedi
321 2430 450 2503 seriptum
477 2438 517 2485 est
540 2450 618 2506 quern
636 2431 670 2487 ad
729 2476 733 2492 .

229 2514 338 2570 modum
348 2516 468 2591 aliquid
469 2516 671 2589 factumnelle

225 2621 276 2678 pro
288 2602 364 2675 fieri
380 2600 414 2662 al.
432 2603 578 2664 dicebatur.

173 2691 199 2748 b.
226 2709 321 2746 nouos
339 2697 399 2750 cot.
417 2691 609 2770 legionesque
623 2714 669 2750 ro·

223 2795 329 2834 monos
338 2778 381 2834 ito
389 2798 454 2835 cum
464 2782 589 2836 samnite
595 2800 669 2859 gere

224 2864 333 2921 bellum
345 2867 484 2925 uelitisne
492 2870 591 2924 omnio
598 2877 668 2925 onte

223 2971 279 3008 nos
309 2955 448 3009 consules
476 2954 555 3011 bella
579 2965 667 3034 gesto

224 3046 308 3094 sunt:
326 3037 353 3092 Μ
371 3058 407 3095 ιιι.
426 3042 450 3097 1.
468 3037 504 3095 P:
526 3040 574 3095 red
592 3043 620 3096 in
639 3042 666 3098 di

175 3165 180 3173 -
221 3125 351 3200 seriptum
369 3133 411 3179 est
428 3144 463 3182 m.
476 3127 514 3181 3.:
530 3130 619 3203 gere':
638 3128 664 3183 b.

223 3232 247 3269 e.
273 3230 374 3286 gerere.
397 3239 432 3255 ·-
458 3209 534 3267 Leid.
554 3231 585 3270 n:
608 3216 664 3287 geri

219 3297 319 3356 bellurn
355 3296 443 3356 uelitis
472 3310 503 3377 nt
523 3331 558 3341 -
579 3309 663 3375 gesta-

220 3396 293 3444 ruut.
310 3385 376 3444 Poll.
395 3390 420 3446 1.
437 3389 464 3445 3.
480 3385 559 3447 Voss.
572 3406 599 3448 ιι.
614 3387 661 3448 ab:

219 3477 275 3549 geri
293 3472 391 3530 bellom
404 3473 492 3531 uelitis
505 3484 535 3531 nt
551 3506 586 3518 -
603 3494 661 3550 ges·

218 3570 319 3617 serunt.

95 3721 98 3728 Ι
165 3651 192 3707 8.
219 3665 297 3723 quoe
315 3649 365 3703 ubi
381 3646 461 3703 dixit
470 3655 555 3704 tonte
571 3650 663 3707 simul

217 3730 594 3812 admiratiomieerotioque
602 3738 663 3794 uiri

217 3819 274 3891 (tir
301 3821 396 3890 uirim)
424 3823 543 3879 incessit
568 3821 659 3881 bomi-

218 3928 286 3965 nesr
304 3904 369 3980 PM]
389 3928 457 3984 quac
474 3909 520 3966 nbi
538 3908 608 3967 dixit
624 3943 659 3956 -··

215 3995 328 4051 incessit
347 4013 440 4052 omnes
458 3994 492 4065 (b
512 3992 556 4052 Fi.
573 3994 660 4056 Gron.

140 4091 151 4109 ²
216 4098 277 4138 cunr
295 4079 617 4157 bouet-Quamuis
629 4083 661 4139 in·

820 1472 877 1526 suis
902 1470 981 1528 codd.
1004 1470 1140 1528 homines
1169 1472 1270 1528 inveni·

820 1566 876 1625 ret,
899 1566 986 1613 tarum
1006 1557 1059 1614 hoc
1076 1557 1191 1635 quidem
1208 1559 1266 1615 loco

819 1643 1056 1702 Drakenborcbius
1078 1665 1141 1702 cum
1165 1647 1268 1704 Grono-

819 1735 865 1789 vio
884 1752 974 1788 arero
993 1732 1119 1790 aberrare
1135 1755 1218 1810 quam
1228 1738 1266 1792 in·

817 1828 877 1876 stae
890 1821 1040 1895 scripturae
1051 1830 1178 1877 auctores
1191 1823 1265 1898 sequi

818 1906 921 1964 maluit.
939 1927 993 1962 uon
1005 1911 1076 1965 enirn
1086 1928 1196 1985 semper
1206 1931 1264 1966 eun

818 1993 956 2051 Gronovio
975 1996 1003 2049 in
1021 1993 1066 2050 bis
1077 1995 1263 2075 obtemperare

816 2081 932 2138 voluisse
945 2080 990 2137 alii
1002 2080 1058 2140 loci
1069 2083 1191 2139 eiusdem
1201 2105 1262 2141 cou-

814 2168 931 2226 dicionis
955 2168 1065 2236 docent,
1094 2191 1136 2229 ex.
1154 2191 1194 2246 gr.
1217 2174 1259 2241 23,

814 2259 870 2314 aa:
890 2259 949 2324 „ito
968 2266 1074 2312 centnm
1091 2262 1260 2336 septuaginta

813 2353 916 2418 septem
935 2365 995 2402 cum
1013 2346 1115 2419 ingenti
1128 2345 1258 2422 adproba-

812 2433 887 2488 tione
913 2432 1051 2488 bomiunm
1077 2433 1107 2488 in
1136 2445 1257 2490 senatum

811 2517 889 2575 lectis
908 2520 1040 2597 externplo
1059 2523 1089 2574 ἡ
1100 2522 1256 2596 magistratu

812 2606 979 2667 abdicavit“.
1007 2606 1043 2664 ei.
1061 2609 1087 2673 3,
1105 2612 1163 2665 bb:
1179 2610 1255 2665 abdi·

809 2703 922 2770 unque
939 2715 969 2751 se
982 2696 1136 2770 magistratu
1154 2697 1255 2771 ingenti

807 2780 946 2839 bominum
973 2782 1082 2842 laetitia.
1108 2815 1143 2824 -
1170 2781 1254 2841 Paulo

808 2881 872 2946 post
893 2872 1024 2948 scriptum
1045 2878 1103 2926 erat
1123 2890 1159 2928 m.
1179 2873 1204 2929 1.
1224 2873 1252 2928 in

807 2955 848 3012 bl:
866 2967 921 3014 tam
939 2957 1034 3014 foedae
1051 2957 1151 3035 pareds.

738 3042 780 3102 10.
807 3045 896 3101 modo
927 3048 1136 3121 miserarentur
1166 3042 1252 3118 qnod

806 3131 854 3185 nir
871 3133 943 3188 tolie
961 3135 1049 3190 etiam
1058 3130 1251 3207 praecipuum

804 3218 1249 3297 npndbostesrupplieiumpne-

804 3324 895 3361 eurus
915 3316 993 3362 esset
1005 3309 1041 3363 ob
1053 3309 1129 3363 irum
1143 3307 1249 3363 direm-

801 3399 871 3465 ptae
886 3397 984 3468 pacis:
1002 3393 1043 3450 th
1060 3393 1146 3462 „bald
1159 3413 1189 3449 es
1203 3393 1248 3450 be·

801 3477 905 3553 kingten
924 3480 986 3537 dass
999 3484 1042 3537 eiu
1053 3480 1247 3538 soicberbiano

751 3572 756 3579 '
803 3568 877 3622 einer
893 3588 924 3623 so
942 3568 1144 3625 sebrecldicbcu
1157 3567 1246 3624 Straie

801 3663 929 3728 entgcgen
947 3656 1031 3730 gehen
1044 3655 1123 3712 sollte
1141 3675 1186 3711 um
1199 3675 1246 3711 zur
1275 3711 1284 3721 Ι

799 3740 892 3796 Sirbne
910 3741 952 3798 tor
964 3743 1015 3797 den
1028 3741 1244 3798 Friedensbrucb

800 3847 834 3885 nu
846 3827 973 3886 dienen‘·.
984 3860 1016 3870 ·-
1027 3828 1104 3887 Leid.
1115 3849 1133 3888 1.
1142 3830 1189 3889 ab:
1203 3829 1243 3885 di·

797 3924 886 3971 rectae
898 3916 979 3993 pacis.
997 3914 1077 3974 Rrec.
1090 3916 1136 3973 alii
1148 3916 1241 3975 codd:

799 3999 919 4079 direptae
935 4003 1018 4078 pacis.
1055 4001 1240 4087 ct252185

738 4156 746 4164 „
796 4089 822 4147 si
839 4109 933 4166 parum
949 4087 1066 4166 publicis
1087 4089 1243 4181 foederibus
