2618 4590
176 286 244 366 tto

645 293 752 353 olona
771 292 815 352 Vl

179 459 367 551 nioaequis
389 457 587 550 portionibus
608 457 852 549 persolveretur,
875 459 1006 525 alteram
1021 458 1060 525 de
1077 459 1175 525 modo
1191 482 1279 549 agro·

178 591 250 632 rum
270 589 313 633 nc
335 564 406 657 quis
427 564 500 654 plus
523 563 695 656 quingenta
716 563 824 655 iugera
847 564 912 654 agri
933 563 1126 655 possideret,
1152 565 1279 631 tertiam

108 731 114 739 .
178 695 219 738 ne
241 671 438 743 tribunorum
459 668 596 754 militum
618 668 745 735 comitis
771 668 884 736 fierent
911 668 1144 759 consulumque
1167 670 1278 759 utique

178 775 257 843 alter
279 798 320 842 ex
343 773 445 864 plebe
472 785 646 840 crearetur:
668 810 712 823 -
733 784 848 840 cuneta
876 772 1012 864 ingentia
1040 784 1073 839 et
1100 797 1184 863 quae
1210 776 1278 842 sinc

147 881 348 950 scertamine
370 878 512 945 maximo
536 878 670 946 obtineri
690 902 757 945 nou
778 891 921 969 possent
960 878 1103 944 omnium
1124 879 1219 968 igitur
1240 880 1279 947 si·

175 986 245 1053 mul
271 1006 393 1052 rerum·
413 1007 548 1074 quarum
581 983 760 1052 inmodicus
789 984 907 1073 cupido
934 980 1016 1050 inter
1048 984 1201 1051 mortales
1230 997 1278 1051 est

174 1129 218 1142 —
240 1090 306 1180 agri
325 1087 666 1179 pecuniaehonorum
686 1127 731 1138 ——
752 1087 933 1156 discrimine
959 1088 1126 1178 proposito
1153 1101 1276 1156 conter-

172 1194 223 1262 riti
251 1207 359 1284 patres
389 1217 463 1260 cum
491 1194 715 1284 trepidassent,
749 1194 885 1285 publicis
913 1193 1109 1284 privatisque
1138 1194 1276 1260 consiliis

174 1300 264 1366 nullo
285 1299 429 1367 remedio
459 1297 521 1365 alio
544 1310 671 1390 praeter
696 1309 863 1390 expertam
889 1298 997 1365 multis
1026 1297 1090 1362 iam
1116 1310 1189 1366 ante
1212 1288 1277 1394 cer-

126 1420 161 1476 10
176 1404 346 1477 teminibns
367 1403 629 1471 intercessionem
649 1403 779 1473 invento
808 1404 948 1495 collegas
976 1403 1127 1470 adversus
1147 1403 1277 1473 tribuni-

176 1509 240 1576 cias
256 1509 443 1600 rogationes
466 1520 735 1600 conparaverunt:
758 1510 813 1600 qui
834 1503 890 1576 ubi
912 1507 1021 1576 tribus·
1035 1508 1075 1573 ad
1092 1508 1275 1598 suffragium

170 1613 344 1681 ineundum
366 1612 456 1680 citari
478 1612 631 1681 alicinio
646 1613 823 1705 Sextioque
835 1613 1001 1695 uiderunt,
1023 1613 1128 1703 stipati
1147 1626 1288 1703 patrum

170 1718 334 1808 praesidiis
361 1741 423 1786 nec
452 1718 576 1786 recitari
608 1719 791 1809 rogationes
818 1742 880 1787 nec
911 1718 1069 1785 sollemne
1102 1718 1274 1809 quicqum

240 1938 391 2016 scripsisse.
432 1939 474 1995 sie
505 1940 577 1995 enim
607 1940 687 1996 etiam
775 1941 802 1999 b.
829 1958 956 2016 quarum
978 1939 1144 1996 inmodicus
1165 1940 1272 2015 cupido

239 2024 311 2103 apud
333 2024 451 2082 Plinium
477 2026 507 2082 in
532 2024 597 2085 hist.
622 2036 686 2095 nat,

199 2152 202 2159 -
236 2111 326 2168 sicubi
345 2112 379 2168 de
396 2113 547 2170 minoribus
564 2113 686 2190 partibus

183 2544 215 2603 3.

239 2199 382 2273 agebatur,
399 2198 531 2278 scriptum
549 2198 686 2257 videmusz

239 2287 273 2349 cf.
286 2288 331 2354 26,
343 2288 369 2344 8.
383 2288 427 2346 19.
440 2287 473 2344 al.
483 2314 518 2327 -—
527 2287 589 2354 „De
597 2288 686 2344 domo

237 2390 362 2446 agrorum
368 2377 399 2429 “2
409 2372 459 2430 Por
467 2371 541 2432 Harl.
552 2393 570 2432 1.
579 2373 655 2432 Leid.
666 2394 684 2434 r.

237 2459 271 2516 cl.
279 2461 305 2527 3,
317 2463 372 2518 la:
386 2461 553 2538 ,deperdita
563 2462 684 2522 domo“.

238 2549 454 2624 consulumque
480 2550 582 2627 utique
607 2551 685 2605 olter

238 2653 281 2690 ex
308 2635 395 2708 plebe
417 2645 590 2692 crearetur:
619 2634 686 2693 Pllle

237 2721 318 2788 „und
331 2721 395 2778 dass
413 2722 547 2779 durchaus
559 2723 608 2779 der
623 2725 684 2779 eine

232 2807 342 2867 Consul
364 2812 408 2868 eiu
429 2809 552 2884 Plebejer
578 2816 682 2867 wltre“.

235 2890 278 2951 Cf.
297 2897 323 2965 t,
336 2899 376 2956 Hx
396 2909 451 2967 „et
466 2898 554 2976 primo
567 2909 597 2954 ut
614 2896 682 2953 alter

232 2983 328 3039 consul
337 3006 370 3040 ex
379 2984 457 3063 plebe
465 2985 550 3069 fieret,
560 2984 589 3040 id
598 2985 681 3041 modo

234 3071 406 3126 sermonibus
423 3081 582 3147 temptasse:
608 3091 680 3127 nune

229 3159 333 3229 rogari,
355 3145 408 3215 'seu
431 3179 464 3214 ex
485 3158 608 3232 patribus
630 3177 679 3214 seu

175 3264 178 3273 ·
228 3261 263 3297 ex
285 3242 367 3318 plebe
384 3242 450 3302 velit
472 3245 589 3323 populus
614 3265 677 3301 con-

228 3327 302 3417 sules
321 3336 425 3392 ereet·‘.
460 3333 492 3416 6,
514 3334 572 3405 {³7st
600 3334 676 3402 „nisi

227 3414 341 3475 altemm
362 3417 500 3477 consulem
522 3421 617 3497 utique
641 3441 676 3478 ex

227 3499 307 3578 plebe
323 3503 385 3562 fieri
402 3511 573 3577 recesserit,
589 3509 674 3564 nemi·
678 3551 681 3555 ‚

225 3607 289 3646 nem
306 3590 395 3657 lore“.
408 3627 443 3637 -
454 3595 535 3654 Reor.
547 3594 672 3652 codicum

225 3674 330 3735 librarii
341 3681 521 3759 seripserunt:
540 3684 673 3752 „comitia

224 3762 322 3820 fierent
339 3768 396 3824 sed
411 3772 579 3839 consulum,
598 3779 625 3825 et
642 3779 673 3825 ut

224 3853 340 3928 utique“
353 3864 403 3913 eet.
420 3856 557 3915 Drakenb.
569 3859 672 3933 utique

224 3955 276 4013 pro
290 3944 319 3994 et
330 3945 374 3998 uti
385 3963 447 4000 enm
456 3943 574 4011 baberet,
586 3943 671 3999 scribi

186 4092 190 4100 ι
222 4023 339 4083 malebat
363 4049 424 4086 rum
444 4029 513 4087 Lor.
531 4033 557 4086 5.
580 4049 666 4098 „·ron

221 4109 364 4192 solumque
379 4117 421 4173 uti
438 4092 527 4174 altem
545 4127 597 4176 cot.

829 2029 905 2084 inter
922 2028 1064 2084 mortales
1082 2036 1143 2083 est:
1163 2024 1237 2085 Harl.
1255 2045 1273 2085 r.

826 2112 905 2172 Leid.
930 2115 960 2187 r.]
989 2133 1101 2190 quarum
1131 2114 1273 2171 immodica

830 2199 929 2277 cupido
948 2208 999 2258 cet.
1018 2228 1052 2240 -—
1071 2201 1102 2255 ln
1119 2200 1180 2257 PM
1199 2222 1233 2260 m.
1248 2204 1271 2260 1.

827 2289 958 2363 seriptum
969 2296 1026 2342 erat
1038 2286 1216 2354 „inmodicas
1228 2308 1272 2343 eu·

826 2375 929 2452 pido“,
948 2373 1080 2431 deludes
1098 2393 1204 2432 erasum
1222 2383 1272 2433 est.

753 2524 757 2529 ,
828 2459 872 2520 cf.
891 2460 995 2536 Horatii
1013 2480 1093 2521 earm.
1111 2463 1193 2529 3,16.
1211 2465 1271 2520 ts:

826 2547 999 2618 „contracto
1018 2546 1112 2605 melius
1126 2568 1208 2625 parra
1226 2569 1271 2605 cu-

824 2635 920 2714 pidine
937 2635 1083 2711 Vectigalia
1104 2638 1270 2714 porrigam“.

776 2728 779 2733 “
824 2726 852 2792 3,
870 2725 914 2783 34.
932 2726 988 2783 bt:
1015 2723 1178 2794 „Eradenda
1196 2725 1269 2802 eupi-

823 2809 896 2867 dinis
909 2808 1070 2869 Prari'sunt
1086 2809 1225 2877 elementa,
1243 2821 1270 2866 et

778 2900 782 2948 ἶ
822 2907 930 2954 tenerae
956 2901 1038 2972 nimis
1060 2897 1163 2954 lllontes
1191 2917 1266 2973 aspe-

822 2984 1118 3042 rioribusFirmandae
1138 2983 1267 3043 studiis“.

717 3069 725 3079 ·
822 3074 852 3141 n,
872 3075 914 3128 ro.
939 3074 981 3130 15.
999 3072 1085 3130 serm.
1106 3075 1137 3138 1,
1160 3073 1266 3130 aot:

823 3159 883 3225 „At
899 3159 969 3215 bona
988 3179 1051 3236 pars
1064 3159 1202 3215 hominnm
1219 3159 1265 3216 de·

793 3281 795 3289 ·
820 3254 897 3322 cepta
916 3246 1043 3322 cupidine
1059 3246 1143 3314 lslso,
1158 3245 1206 3303 Nil
1223 3267 1264 3302 se·

818 3333 862 3388 tis'
874 3343 923 3401 est,
940 3335 1060 3410 inquit“.
1072 3337 1114 3378 -ἶ
1120 3334 1165 3393 01.
1183 3335 1210 3400 6,
1223 3334 1263 3392 t:

817 3419 900 3476 trium
917 3422 1009 3479 simul
1025 3421 1156 3478 bellorum
1168 3422 1262 3478 vietor.

781 3548 784 3555 .
816 3536 852 3547 -
869 3504 913 3562 Ad
929 3528 1018 3575 „eum
1039 3510 1262 3584 trepidassent“

816 3593 851 3652 ct.
863 3594 962 3663 3,19.·
982 3606 1061 3672 atque
1073 3595 1260 3699 trepidaverat.

744 3677 813 3738 1.3
827 3702 881 3738 nec
920 3684 1063 3740 sollemne
1103 3684 1260 3769 quiequam

813 3769 901 3825 aliud
925 3769 964 3837 (Ρ
988 3764 1195 3837 m.1.:aliut)
1217 3769 1261 3824 od

814 3843 999 3912 sciscendum
1008 3856 1183 3931 plebifleri:
1201 3852 1258 3912 Plll.

811 3972 847 3984 -
865 3939 939 4000 Harl.
952 3963 970 3998 r.
983 3941 1061 4000 Voss.
1074 3961 1100 3998 u.
1111 3940 1164 4000 al:
1183 3939 1257 3997 eliud

810 4026 1254 4089 asciscendum.-Leid.r.Harl.r.

810 4114 889 4175 Voss.
906 4134 949 4175 ιιι
965 4115 1065 4192 plebei.
1123 4138 1127 4145 ¹
