2618 4590
532 258 704 359 nnnnu.
951 260 963 377 2
1082 338 1085 343 Ι
1121 248 1166 317 uu

45 414 142 518 ‘pete
164 449 202 495 ae
216 423 324 493 Sutrio
348 422 501 491 auxilium
522 425 672 493 adversus
686 424 837 494 Etmseos
858 438 1003 516 petentes
1024 427 1165 510 vestiunt,

67 534 200 600 brevem
222 529 425 597 occasionem
446 553 517 597 esse
538 530 661 598 ferendi
676 530 782 596 auxilii
795 543 1017 601 memorantes.
1040 557 1081 601 eo
1096 531 1164 600 vim

68 636 195 703 Camilli
217 635 257 699 ab
275 632 369 699 Antio
390 632 516 702 fortuna
539 635 661 702 avertit.
697 658 839 725 namque
860 659 934 702 cum
956 660 994 703 ea
1014 639 1086 704 loca
1108 661 1163 728 op

67 726 174 831 posita
195 738 337 804 Etruriae
360 748 392 804 et
412 739 501 813 velut
523 738 657 807 claustra
679 740 753 807 inde
780 751 955 831 portaeque
983 753 1102 823 essent,
1129 750 1164 807 et

68 845 130 910 illis
154 842 326 932 occupandi
349 866 386 908 ea
410 867 484 910 eum
505 845 582 934 quid
598 845 881 928 novimolirentur,
905 855 938 911 ct
951 844 1101 910 Romanis
1116 855 1197 912 reo

68 947 238 1038 superandi
258 945 431 1036 tuendique
454 973 529 1015 cura
551 961 627 1016 erat
665 949 758 1040 igitur
780 950 903 1016 senatui
931 972 1006 1015 eum
1029 947 1163 1016 Camillo

65 1055 116 1143 agi
137 1051 256 1142 placuit
277 1063 314 1116 ut
329 1052 448 1120 omisso
463 1053 558 1121 Antio
580 1054 701 1121 bellurn
714 1055 886 1121 Etruscum
908 1052 1106 1143 susciperet?
1121 1054 1165 1119 le·

63 1160 175 1249 giones
192 1154 343 1240 urbanae,
366 1159 481 1249 quibus
505 1159 643 1245 Quintus
664 1160 816 1229 Servilius
836 1152 1030 1250 praesumsi,
1059 1158 1090 1224 ei
1112 1158 1164 1223 de·

133 1318 234 1405 eend'ae
252 1330 409 1379 creauerunt
424 1317 516 1389 (ΡΜ).
534 1322 578 1388 10,

134 1409 190 1463 ul:
220 1408 252 1463 ab
271 1409 362 1465 Sutrio
386 1417 413 1464 et
430 1406 578 1484 Nepete'et

717 1313 1164 1383 Romunternelrmenwolle,niclrt

717 1409 836 1482 weniger
855 1426 896 1461 am
909 1404 1013 1467 Hersen
1028 1402 1088 1484 siclt
1107 1402 1163 1459 die·

687 1494 690 1499 ⁴
718 1515 763 1551 ser
779 1493 869 1550 Plane
887 1513 919 1549 zu
936 1491 1105 1560 versionem,
1123 1489 1163 1546 als

718 1583 771 1638 den
794 1581 912 1637 Romern
939 1579 999 1636 sich
1025 1579 1163 1637 dieselbeu

132 1493 245 1558 Faleriis
263 1495 342 1572 legati
359 1495 447 1565 (ΡΜ).
475 1498 518 1560 u7,
536 1495 577 1552 9.:

131 1582 221 1638 Ardea
233 1584 337 1661 Nepete
345 1580 467 1641 Sutrium
485 1581 577 1655 (Pau).

132 1673 176 1736 29,
196 1672 252 1729 15.=
271 1672 448 1727 decreuerunt
465 1679 496 1725 ut
513 1690 576 1725 con-

133 1755 206 1811 sules
236 1760 404 1830 magistratus
441 1757 577 1833 denosque

133 1845 271 1918 principes
292 1843 395 1918 Nepete
418 1843 509 1900 Sutrio
524 1845 577 1898 'Ar-

115 1941 116 1945 '
134 1927 345 1987 dea-Romam
358 1922 578 1999 excirenthutss).

84 2055 87 2061 -
122 2047 168 2065 η-
186 2013 208 2070 Ρ
227 2038 262 2074 m.
282 2020 320 2075 1.=
344 2018 497 2072 udueniuut
518 2016 578 2071 bre-

130 2122 192 2158 uem
206 2106 389 2161 occassionem
400 2123 468 2163 esse.
486 2122 521 2162 m.
533 2107 578 2167 2:
600 2114 605 2125 “

718 1670 794 1725 nicht
812 1669 925 1724 nehmen
945 1666 977 1722 zu
994 1664 1115 1725 lassen“.

665 1760 691 1815 7.
719 1759 828 1813 omisso
841 1756 946 1812 Antio:
965 1753 1033 1812 Pru.
1046 1753 1162 1811 Ml.-

700 1843 968 1902 2Prn.1.:omlso.
1028 1852 1033 1861 “
1182 1912 1184 1919 Ι

648 1934 692 1990 ’8.
722 1930 756 2005 Q.
776 1930 926 1988 Seruilius
948 1948 1010 1984 eum
1028 1926 1161 1983 Glareano

719 2018 885 2092 scripsimus,
903 2016 932 2071 id
945 2015 1018 2090 quod
1030 2017 1057 2070 in
1070 2016 1163 2071 mseri-

717 2105 773 2181 ptis
782 2101 879 2177 legitur
886 2144 902 2169 „
908 2103 1004 2178 quibus
1017 2104 1164 2178 quinctius

128 2192 249 2251 ueniunt.
355 2198 357 2205 '
653 2227 657 2233 ·
715 2188 1162 2268 praefuerat“errorelibrariicu·

74 2272 108 2338 3ss
130 2298 258 2354 numque
275 2299 341 2335 cum
359 2282 474 2337 ealoca
488 2300 575 2355 oppa·
716 2277 822 2335 iusdam
850 2287 942 2335 uatum
971 2279 1030 2335 rati.
1075 2283 1163 2354 nequ's

128 2367 189 2422 situ
199 2364 340 2422 Etruriae
358 2378 387 2424 et
402 2369 484 2425 uelut
495 2369 575 2425 clau·

129 2461 196 2508 stru
209 2453 278 2508 inde
285 2464 446 2531 portaeque
459 2464 574 2512 essent:

128 2536 192 2596 Plu:
219 2540 271 2595 nisi
295 2540 368 2616 quod
391 2543 420 2597 in
442 2541 465 2598 P
490 2543 572 2602 md.

130 2629 304 2704 ‚,oppisila“.
322 2626 474 2685 Videndum
487 2639 574 2685 estne

127 2732 206 2790 quem
217 2732 280 2770 vera
298 2713 377 2770 huius
395 2714 449 2773 loci
462 2716 573 2790 diligen-

127 2801 232 2855 tissime
260 2802 356 2876 scripti
389 2804 572 2879 interpretatio

126 2887 219 2960 fngiat.
238 2887 320 2943 rerba
339 2892 474 2963 oppositu
485 2890 573 2944 Etru·

126 2975 192 3030 riae
217 2983 339 3051 spectant
360 2974 392 3029 ad
411 2974 573 3045 Romanos,

126 3070 207 3137 atque
217 3061 286 3127 inde
296 3061 330 3117 ad
338 3063 491 3119 Etruscos.
505 3083 573 3140 quae
590 3104 596 3111 -
654 3088 657 3095 ·

127 3146 224 3203 deinde
246 3158 392 3225 sequnntur
410 3149 453 3205 his
474 3151 572 3226 priori·

125 3235 177 3290 laus
187 3236 384 3292 accommodata
394 3246 468 3304 sunt,
480 3259 572 3314 quam-

129 3340 207 3395 quam
226 3342 269 3378 res
288 3322 365 3380 aliter
382 3345 412 3380 se
423 3327 571 3402 excipiunt,

126 3405 158 3462 id
176 3408 248 3482 quod
266 3408 409 3484 elegantior
421 3414 506 3467 oratio
521 3431 571 3489 po·

125 3492 251 3553 stulabat.
269 3498 371 3563 „Denn
384 3498 417 3554 da
430 3498 504 3554 diese
514 3499 571 3554 bei·

23 3608 26 3615 ·
125 3580 180 3637 den
198 3579 291 3636 stadie
314 3583 379 3641 eben
403 3606 439 3641 so·
460 3595 507 3660 gut
528 3585 572 3642 lar

126 3667 340 3725 Schutzwelrren
352 3690 433 3744 gegen
445 3673 571 3728 Etrurien

125 3756 273 3829 angeseheu
284 3756 394 3814 werden
406 3758 522 3814 lonnten
532 3759 571 3819 als

125 3842 170 3898 liir
181 3842 332 3918 Festungen
350 3845 406 3902 und
418 3846 507 3902 There
515 3867 570 3904 von
623 3870 626 3885 ,

69 3973 73 3983 .
125 3929 252 3986 Etrurien
270 3953 317 3988 aus
335 3953 418 4008 gegen
436 3933 519 3989 Rom:
537 3954 568 3990 so

124 4014 168 4090 lag
186 4037 215 4073 es
234 4017 286 4075 den
297 4021 444 4081 Etruslrern
462 4019 505 4077 llir
517 4020 569 4076 den

124 4096 185 4159 Fsll
206 4103 269 4161 dass
291 4128 353 4165 man
375 4119 461 4167 etwas
482 4126 569 4184 gagen

716 2365 863 2442 quidquam
875 2364 979 2421 facilius
991 2363 1052 2422 lieri
1063 2366 1161 2443 putuit,

716 2472 796 2528 quam
814 2461 852 2522 ut,
870 2456 895 2508 si
907 2452 959 2508 hue
972 2472 1080 2529 quoque
1098 2450 1160 2507 loco

716 2542 839 2615 quintus
858 2561 907 2597 ser
928 2550 960 2596 ut
977 2541 1009 2607 6,
1024 2542 1071 2603 22.
1092 2542 1160 2596 seri·

714 2636 791 2703 ptum
810 2637 874 2695 erat,
892 2625 994 2700 syllaba
1008 2647 1041 2683 cr
1053 2627 1160 2683 excide·

708 2724 758 2769 ,ret
775 2723 803 2768 et
821 2716 951 2789 quintius
969 2733 1019 2790 pro
1039 2716 1160 2790 quintus

714 2801 885 2866 scriberetur,
904 2819 983 2875 quem
1002 2799 1160 2855 admodum

718 2884 845 2957 Quintus
867 2894 895 2939 et
918 2885 1067 2959 Quintius,
1089 2884 1160 2942 δ’ἐν-

682 2972 685 2979 ’
716 2973 784 3026 uiue
801 2980 828 3026 et
845 2970 995 3030 Seruilius
1018 2971 1159 3049 permultis
1241 2992 1246 3005 “

714 3056 775 3114 aliis
792 3057 861 3117 loeis
879 3060 950 3115 inter
966 3078 996 3115 se
1008 3069 1158 3137 permutata

714 3155 786 3205 sunt.
805 3145 959 3219 Quinctius
976 3149 1048 3203 enim
1066 3148 1118 3216 (cl.
1131 3149 1158 3218 6,

712 3235 755 3303 6.)
767 3234 919 3310 praefuerat
928 3236 1056 3290 causariis
1069 3236 1158 3290 senio·
1173 3252 1176 3257 ·

713 3309 854 3396 ribusque]
878 3321 925 3395 qui
943 3320 1002 3376 urbi
1021 3321 1157 3396 praesidio

712 3407 825 3473 fuerant,
844 3408 954 3462 minime
973 3408 1042 3483 aptis
1055 3405 1108 3463 illis
1122 3407 1158 3464 ad

711 3494 765 3551 tale
784 3491 882 3549 bellum
905 3493 1066 3556 ineundum:¹
1088 3494 1157 3554 Ser·
1247 3502 1257 3559 “,
1281 3580 1284 3596 Ι

712 3583 802 3637 uilius
815 3583 840 3636 ei
853 3582 989 3651 exercitui,
1005 3583 1055 3660 qui
1070 3583 1157 3639 inten-

658 3702 661 3707 ·
711 3678 755 3725 tus
773 3671 797 3724 si
816 3669 882 3746 quid
899 3671 928 3724 in
942 3668 1048 3726 Etruria
1066 3666 1157 3727 rnore-

658 3787 665 3795 ·
711 3767 799 3824 retur,
818 3759 920 3835 etipse
937 3760 966 3814 in
985 3759 1051 3814 urbe
1068 3768 1156 3815 eastra

712 3842 813 3900 habuit.
837 3844 964 3902 Errorem
982 3849 1061 3927 etiam
1078 3866 1155 3921 prae·

712 3922 827 3999 buerit,'
843 3932 916 4008 qnod
942 3930 1002 3990 nod
1024 3932 1155 3989 Servilius
1208 3994 1211 4007 1
1277 3924 1280 3931 ’

659 4044 662 4049 ·
711 4018 760 4074 sed
785 4019 927 4092 Quinctius
958 4041 1018 4078 cum
1041 4017 1154 4076 Horatio

710 4106 740 4162 in
757 4104 872 4165 Volscus
892 4109 991 4166 missus
1011 4107 1155 4177 diceretur,
