2618 4590
519 277 627 340 ussit
642 280 690 343 Vl.

1111 270 1154 337 37

52 453 160 536 patres
183 440 362 510 adliciendo
385 440 424 506 ad
446 461 482 505 se
503 441 635 530 plebem
655 442 719 508 iam
740 463 816 509 aura
836 445 1047 515 noneonsilio
1069 444 1170 533 ferri„

52 551 223 638 famaeque
246 568 382 634 magnae
404 543 499 611 malle
521 569 620 635 quarn
641 546 745 613 bonae
768 569 849 614 esse.
886 560 918 616 et
937 573 1003 617 non
1025 561 1153 618 eonten-

52 663 117 720 tus
130 651 257 743 agrariis
279 648 414 738 legibus,
440 672 523 738 quae
545 651 677 718 materia
700 674 827 742 semper
847 651 978 719 tribunis
997 653 1084 744 plebi
1104 677 1152 722 se·

51 758 213 824 ditionum
235 754 352 836 fuisset,
374 752 471 819 fidem
493 754 597 821 moliri
619 755 739 844 eoepit:
774 756 911 824 acriores
933 756 1050 847 quippe
1072 760 1152 826 aeris

53 861 150 927 alieni
173 859 317 926 stimulos
343 880 430 940 esse,
458 859 513 948 qui
540 883 606 927 non
628 869 805 949 egestatem
828 861 928 939 modo
951 872 1047 951 atque
1068 861 1188 952 ignes

52 965 185 1057 miniani
206 962 364 1029 minentur
386 962 443 1028 sed
465 987 565 1031 nervo
588 988 626 1030 ae
641 963 774 1030 vinculis
796 988 913 1054 eorpus
935 964 1073 1032 liberum
1095 977 1153 1032 ter-

32 1067 157 1140 ritent.
196 1078 230 1134 et
252 1078 319 1134 erat
341 1067 422 1134 aeris
445 1068 538 1134 alieni
553 1092 668 1160 magna
682 1069 730 1136 vis
745 1093 778 1136 re
795 1068 1036 1142 damnosissima
1059 1069 1156 1137 etiarn

50 1171 199 1239 divitibus
214 1171 413 1239 aedificando
427 1183 598 1240 eontracta.
630 1173 751 1242 bellum
764 1173 872 1265 itaque
886 1172 1042 1243 Vulseum
1058 1195 1154 1264 grave
1273 1206 1276 1211 ·

69 1393 94 1451 1.
122 1393 181 1447 iam
189 1410 267 1447 aura
276 1411 336 1447 nen
345 1392 468 1449 consilio
471 1391 570 1464 ferri.-

124 1476 198 1538 Harl.
209 1498 227 1533 1.
245 1476 321 1537 Leid.
334 1498 351 1536 r.
370 1478 403 1536 al.
416 1511 450 1521 -
469 1478 503 1535 P:
523 1479 568 1536 ad·

123 1563 241 1624 liciendo
264 1564 299 1620 ad
320 1583 350 1620 se
372 1564 505 1642 plebeiam
523 1587 575 1623 aus.

120 1671 178 1709 ram
186 1672 241 1708 non
254 1651 368 1708 consilio
380 1652 453 1710 lerri.
470 1653 498 1710 M
508 1654 574 1723 cod..

122 1738 225 1796 Rham:
246 1739 396 1794 adliciendo
415 1740 449 1795 ad
466 1761 495 1796 se
513 1740 568 1817 ple·

122 1823 186 1879 bern
210 1826 264 1879 iam
288 1831 351 1880 aura
373 1844 428 1881 non
455 1825 569 1882 consilio

125 1910 199 1969 ferri.
230 1909 316 1978 „Und
338 1910 428 1967 indem
455 1932 486 1967 er
511 1911 575 1967 sicle

29 2040 39 2053 .
125 1994 229 2052 beldin
242 1996 344 2070 Klagen
357 2017 440 2072 gagen
458 1996 511 2054 den
522 1999 578 2053 Se·.

121 2093 168 2139 nat
193 2083 321 2151 ausliess,
347 2084 409 2140 bald
435 2084 484 2140 das
504 2083 571 2140 Vollr

124 2170 227 2229 ansiclr
240 2191 273 2232 zu
284 2170 379 2245 locken
391 2171 495 2240 suehts,
508 2171 570 2227 aelr-

120 2268 176 2315 tete
194 2278 224 2313 er
241 2257 317 2312 nieht
329 2248 425 2314 darauf
441 2259 476 2314 ob
494 2259 572 2314 seins

122 2344 242 2409 Sebritte
250 2364 304 2403 ron
313 2343 513 2406 Besonnenheit
524 2365 573 2420 ge·

122 2433 199 2489 leitet
221 2431 349 2499 wiirden,
376 2431 494 2488 sondern
517 2432 567 2506 gab

121 2517 570 2594 siehderunrurerltssigonGunst

124 2605 173 2661 des
203 2625 314 2681 grossen
340 2605 459 2662 Haulens
488 2605 568 2662 hin“.

124 2691 212 2759 ct&
231 2695 279 2757 33·
293 2694 337 2760 2¹2,
355 2695 401 2759 26t
417 2691 451 2752 ³1·

65 2783 93 2840 d.
114 2780 214 2856 fidem
241 2780 341 2842 moliri
362 2782 458 2854 coepit
479 2778 523 2848 (lr.
546 2797 570 2836 e.

64 2926 67 2931 ,
121 2866 311 2936 labefactare):
330 2867 363 2925 C.
381 2866 517 2939 Sigonius.
535 2896 570 2919 -ι

123 2953 185 3010 Pll:
215 2953 336 3026 fuisset
364 2953 443 3008 idem
472 2952 575 3007 moliri

125 3043 230 3117 caepit.
260 3040 288 3097 M
314 3061 349 3096 m.
378 3042 420 3099 2:
448 3039 573 3098 luissent.

124 3128 208 3187 Paulo
226 3136 291 3205 post
307 3125 356 3183 PM
374 3130 463 3186 m.1.:
482 3127 572 3204 agrios

124 3237 170 3275 res
188 3218 289 3294 quippe
308 3224 357 3274 eet
380 3247 415 3277 -.-,
438 3213 460 3270 P
477 3235 513 3273 m.
533 3215 570 3272 1.:

126 3306 263 3360 terrirent.
282 3324 318 3367 m.
336 3305 374 3364 2.:
393 3303 525 3361 territent.

68 3396 96 3454 7.
127 3387 573 3456 redamaortsstmast1:‚,dureh
598 3426 600 3433 .
651 3396 654 3403 ’

128 3477 174 3533 die
191 3475 306 3544 Booten,
333 3478 411 3531 einen
429 3475 514 3538 selbst
531 3475 577 3530 tur

126 3561 230 3624 Reielre
265 3562 362 3623 luttehst
392 3560 574 3638 gelahrliehen

128 3648 317 3724 Gegenstand,
338 3649 515 3725 veranlasst“.
538 3679 574 3691 -

63 3739 67 3747 '
126 3736 150 3793 P
167 3735 239 3800 reita
258 3755 307 3793 res
326 3734 538 3799 damnosissima.

75 3828 102 3885 8.
131 3824 239 3881 bellum
247 3824 348 3900 itaque
358 3825 505 3883 uulscum:
517 3822 574 3881 ΡΜ.

131 3942 164 3952 -
182 3911 218 3976 P:
235 3930 285 3987 per
303 3930 333 3966 se
350 3911 517 3968 honeratam.
534 3909 574 3966 lii:

74 4046 78 4057 .
131 3998 229 4073 adque.
252 3998 387 4062 Pm.1.:
411 4017 517 4055 eausse.
540 4030 574 4040 -

131 4080 194 4144 Pul:
210 4084 260 4143 sed
277 4104 349 4146 noua
360 4082 474 4145 consilia
490 4084 575 4163 mani-

709 1393 750 1454 lii.
766 1425 802 1439 -
828 1392 904 1452 Pm.
922 1395 961 1452 i.:
980 1391 1154 1472 conpule'se·

709 1490 808 1540 natum.
825 1479 848 1536 P
859 1501 895 1541 m.
904 1481 930 1538 2.
942 1478 984 1536 M:
997 1480 1154 1554 conpulere
1169 1518 1177 1569 p

711 1565 853 1633 senatum.
864 1599 898 1609 -
907 1565 968 1622 Pll:
981 1570 1064 1644 mig.
1073 1568 1155 1642 equi·

677 1654 678 1661 ’
711 1665 774 1713 tum
799 1658 886 1713 dixit.
914 1685 948 1695 -
976 1651 1009 1707 In
1036 1650 1109 1709 Harl.
1135 1669 1152 1709 ι
1243 1692 1246 1699 .

710 1742 787 1803 Leid.
805 1764 822 1802 1.
840 1740 919 1798 Voss.
938 1757 965 1798 u.
990 1736 1023 1794 al.
1049 1736 1154 1794 excide·
1230 1742 1235 1753 '

710 1840 773 1887 root
789 1829 870 1888 rerba
888 1837 944 1896 „ut
961 1827 1060 1881 maior
1073 1833 1154 1900 pote·

711 1927 776 1975 stas
795 1924 990 1993 quaereretur
1008 1913 1064 1969 sed
1073 1928 1157 1969 saeua

713 2005 839 2061 consilia
850 2002 958 2058 Manlii
974 2001 1072 2078 magis
1089 2017 1156 2053 eon·

709 2090 818 2164 pulcre
840 2091 1013 2143 serratum“:
1042 2102 1092 2139 nec
1116 2093 1158 2138 est

712 2173 871 2250 negandum,
888 2173 932 2229 lris
944 2172 1034 2233 verbis
1051 2190 1106 2229 non
1120 2171 1158 2224 ita

712 2281 783 2340 opus
799 2280 867 2328 esse,
884 2269 915 2321 ut
932 2261 991 2316 sine
1003 2261 1043 2314 eis
1054 2255 1156 2334 reliqua

711 2350 797 2407 oratio
826 2348 937 2423 probari
967 2366 1022 2404 non
1054 2346 1156 2423 possit:

711 2439 778 2514 quin
799 2438 879 2493 etiam
897 2433 978 2491 verba
1000 2433 1057 2490 sed
1079 2450 1158 2488 noea

711 2525 840 2581 consilia
856 2521 966 2578 Manlii
976 2520 1073 2598 magis
1091 2538 1156 2573 con·

708 2612 814 2686 pulcre
843 2616 980 2666 senatum
1009 2626 1063 2661 non
1091 2605 1158 2660 estis

710 2688 832 2773 placent,
854 2696 954 2772 quippe
972 2713 1041 2769 quae
1058 2693 1111 2747 iam
1129 2693 1158 2746 in

711 2784 848 2858 prioribus
865 2784 898 2837 in
912 2780 1037 2854 speciem
1049 2775 1158 2833 ceurae

713 2872 802 2924 inesse
823 2867 972 2927 videantur.
1001 2863 1098 2919 haereo
1120 2871 1159 2916 ta·

714 2974 785 3021 rnen,
795 2952 859 3029 quid
868 2969 961 3008 verum
970 2949 1090 3016 habeam,
1100 2969 1160 3005 cum

714 3061 745 3097 ea
759 3042 848 3104 omnia
859 3042 888 3096 in
901 3037 1010 3114 optimis
1022 3034 1103 3093 libris
1111 3034 1161 3092 ΡΜ

713 3129 806 3196 insint,
824 3146 874 3183 nee
891 3144 952 3181 raro
969 3124 1041 3202 apud
1052 3123 1160 3183 Livium

713 3217 891 3284 inveniantur,
913 3233 980 3290 quae
997 3211 1110 3273 lacteam
1128 3211 1159 3266 il·

713 3303 768 3358 lam
792 3303 872 3357 huius
894 3301 1036 3376 scriptoris
1055 3299 1159 3354 uberta·

715 3400 770 3451 tem
788 3389 976 3465 profiteantur:
1002 3405 1088 3460 eoque
1105 3404 1159 3440 ms·

714 3480 755 3553 gis
765 3476 872 3543 haereo,
885 3473 958 3548 quod
970 3473 1087 3549 antiquis
1095 3482 1160 3529 tem·

714 3565 827 3652 poribus
850 3561 922 3618 haud
944 3560 1061 3617 defuisse
1078 3563 1161 3617 seiam

716 3654 777 3727 qui,
795 3670 978 3728 quaecumque
995 3650 1161 3719 irroratione

717 3737 811 3797 deesse
828 3747 952 3816 possent,
970 3735 1053 3794 deleri
1070 3734 1161 3792 volue-

717 3827 786 3892 rint,
811 3826 841 3881 id
859 3824 931 3902 quod
950 3845 984 3880 ex
1001 3825 1097 3879 tertiae
1116 3822 1160 3877 de-

717 3910 792 3970 cadis
822 3912 901 3970 codd.
928 3912 1102 3967 Rhenaniano
1135 3916 1162 3962 et

716 3997 861 4058 Harleiauo
883 3999 1050 4075 apertissime
1069 3994 1163 4051 videre

717 4083 789 4146 ticet
806 4082 853 4147 Cf.
868 4086 896 4153 6,
914 4087 969 4144 ta:
987 4083 1161 4161 Romamque.
