2618 4590
151 284 217 355 ms
606 290 800 373 mmnn

154 462 271 532 codem
293 484 381 533 auno
402 483 517 530 census
540 469 630 529 actus
651 459 793 551 notique
814 460 915 530 cives»
931 457 1033 528 censis
1063 459 1167 528 tribus
1193 485 1262 551 pro

154 579 227 661 pter
247 578 310 644 Teos
344 565 472 634 additae
499 565 623 634 Maecia
650 577 683 634 et
711 565 857 656 Scaptia:
895 587 1045 633 censores
1074 565 1264 634 addiderunt

156 673 197 765 Q.
225 671 382 741 Publilius
402 671 496 740 Philo
525 672 583 763 Sp.
611 670 804 738 Postumius.
842 669 979 740 Romani
1008 669 1083 736 lacti
1109 669 1261 738 Acerrani

155 777 226 868 lege
249 777 290 847 ab
314 776 351 846 L.
374 774 501 868 Papirio
524 787 672 868 praetore
693 777 773 860 lata,
800 801 864 868 qua
887 776 996 845 civitas
1018 775 1088 844 sine
1111 776 1261 868 suffragIo

119 882 240 951 odota.
277 882 359 951 hoec
380 904 422 951 eo
445 905 530 949 anno
553 880 641 947 domi
663 880 858 973 militiaeque
881 893 980 973 gesta.

83 992 86 1006 '
243 986 360 1056 XVIII.
405 987 535 1054 Foedus
558 987 730 1077 insequens
753 1009 854 1057 annus
883 1009 942 1053 seu
968 984 1159 1075 intemperie
1186 984 1264 1052 caeli

71 1117 75 1129 “
155 1113 214 1174 seu
245 1090 385 1161 humana
419 1091 531 1158 frau'de
558 1090 618 1161 luit
645 1091 690 1160 Μ.
723 1089 856 1159 Claudio
886 1089 1051 1158 Marcello
1069 1088 1109 1156 Τ.
1132 1089 1263 1159 Valerio

156 1194 352 1279 consulibus.
388 1194 542 1262 Flaccum
563 1195 769 1286 Potitumque
792 1195 878 1265 varie
900 1195 933 1264 in
956 1192 1121 1261 annalibus
1149 1217 1264 1285 cogno

80 1292 83 1301 ’
158 1323 235 1369 men
257 1299 397 1367 consulis
419 1298 563 1368 invenio:
586 1311 730 1369 ceterum
751 1299 785 1370 in
807 1324 847 1369 eo
870 1299 962 1390 parvi
982 1299 1080 1401 refert
1102 1299 1182 1390 quid
1199 1297 1265 1366 veri

183 1464 190 1489 ι
226 1430 295 1487 licae
324 1430 424 1508 gloriae
458 1431 675 1488 studiosissimus
762 1434 789 1493 3.
816 1431 947 1489 Romani
957 1429 1265 1503 factiAccsrroni:P

226 1517 312 1578 fuisso
341 1516 495 1589 videretur,
525 1519 555 1576 id
580 1517 675 1578 livius
816 1515 1264 1593 Ilarl.r.Cl.·23‚17.-P:legeab

225 1607 358 1663 incertum
393 1625 454 1663 esso
489 1605 577 1676 dicit,
623 1627 675 1683 qua

226 1692 281 1749 lide
316 1712 364 1752 rex
399 1714 457 1752 eam
486 1713 582 1772 pacem
611 1693 675 1753 fuis

111 1807 115 1816 ¹
226 1791 268 1836 set
286 1780 421 1849 culturus,
438 1782 464 1838 si
481 1782 510 1837 iu
528 1779 611 1837 altera
630 1801 675 1841 ex·

227 1867 366 1946 peditlooo
376 1866 469 1923 eadem
482 1889 533 1944 qua
546 1870 575 1924 in
586 1872 678 1946 prioro

228 1954 298 2010 bello
309 1955 416 2010 fortuna
426 1973 490 2011 usus
501 1965 581 2016 esset.
597 1955 678 2025 „ob-

228 2040 317 2116 gleich
352 2041 505 2099 Alexander
539 2045 569 2100 in
603 2044 678 2116 jener

228 2127 358 2186 Sclrlaclrt
386 2129 430 2185 die
458 2129 606 2186 Oberhand
633 2150 677 2204 ge·

182 2210 185 2214 ’
226 2237 317 2286 wana,
335 2237 366 2273 so
385 2226 439 2272 trat
451 2237 481 2272 er
493 2219 542 2274 mit
555 2217 607 2272 den
622 2215 676 2274 Prd-

227 2322 303 2358 mern
322 2303 447 2359 deuuoclr
459 2306 487 2358 in
500 2302 578 2360 lmine
590 2304 676 2360 leind·

227 2386 328 2462 seligen
343 2389 534 2458 Verbaltnisse
553 2411 633 2446 worn
647 2410 676 2448 es

229 2473 316 2548 gleich
345 2476 556 2533 uncutsclriedeu
583 2477 675 2546 bleibt,

227 2563 282 2618 wie
303 2562 380 2638 lango
403 2585 433 2620 or
458 2563 577 2624 salchem
602 2565 676 2622 Frie-

231 2647 283 2709 deu
293 2642 497 2726 treugeblieben
504 2653 562 2711 sein
572 2653 677 2724 windo,

226 2757 308 2794 weun
332 2759 361 2797 er
383 2739 455 2796 beim
472 2738 606 2818 Fortgaug
623 2744 675 2799 sei·

229 2844 278 2880 ner
288 2823 544 2905 Untoruehmungen
563 2829 630 2887 eben
643 2850 675 2888 so

228 2911 364 2987 glusclich
372 2913 411 2970 als
421 2915 492 2972 heim
501 2916 605 2992 Beginn
615 2918 676 2972 der·

227 2997 319 3056 selben
343 3020 468 3073 gewcson
497 3007 604 3062 wtire“.
640 3002 675 3065 cf.

227 3088 259 3151 8,
283 3087 326 3143 3.:
349 3116 384 3125 -
411 3086 484 3162 quod
511 3085 624 3155 bellum,
650 3091 675 3146 si

227 3173 314 3248 prims
327 3171 392 3227 satis
405 3189 534 3262 prospera
553 3169 675 3242 fuissent,

226 3255 300 3315 haud
319 3257 402 3314 dubie
419 3257 453 3315 ad
464 3257 602 3316 Romanos
614 3279 675 3339 per·

226 3347 354 3407 venisset.

97 3429 99 3432 ⁴
150 3413 157 3419 ⁴
175 3432 199 3490 1.
227 3430 323 3501 tribua
338 3442 461 3509 propter
478 3453 530 3491 eoo
548 3434 674 3494 additae

229 3523 339 3581 maetio
357 3531 386 3580 et
403 3522 531 3595 scantia:
549 3517 576 3579 Μ
593 3541 629 3580 m.
648 3522 673 3582 1.

226 3635 260 3649 ..
283 3606 310 3661 Μ
329 3628 364 3667 m.
384 3610 422 3668 Ἅι
450 3609 546 3667 maelii
571 3615 598 3664 et
615 3627 673 3664 sca·

225 3691 291 3769 ptia'.
310 3690 345 3751 Pr
359 3693 458 3757 addita.
470 3696 563 3755 emicis
577 3703 605 3753 ot
615 3715 673 3751 sca-

225 3778 291 3856 pria.
310 3810 343 3822 ·-
362 3780 383 3835 P
401 3781 475 3842 Harl.
488 3802 523 3843 ιι
548 3801 673 3840 censores

226 3864 390 3942 addiderunt
416 3889 443 3944 q.
469 3877 497 3951 p.
519 3868 603 3944 philo.
631 3874 673 3947 sp.

224 3955 385 4032 postumius.
415 3954 456 4015 lllt
479 3975 604 4013 censores
626 3954 672 4011 ad-

225 4039 361 4101 dIderuut.
380 4049 407 4125 p.
425 4042 524 4121 philos.
538 4050 566 4123 ᾗ.
579 4052 669 4119 postu·

55 4203 58 4218 μ
159 4124 655 4198 'nomammnm.

815 1605 834 1668 l.
847 1601 970 1685 pupplo.
982 1613 1024 1688 [si.
1036 1604 1098 1664 lata.
1111 1635 1146 1647 -
1160 1604 1203 1662 ll:
1222 1625 1263 1662 ro·

816 1696 889 1752 mani
907 1694 971 1751 lacti
989 1693 1040 1750 lrac
1052 1695 1158 1750 cemani
1175 1692 1264 1768 leogio

818 1781 852 1838 ab
870 1780 899 1859 pl
917 1781 1024 1859 papirio
1042 1769 1094 1860 ptr.
1113 1781 1176 1841 lata.
1189 1812 1222 1822 -
1238 1779 1265 1838 II

818 1888 855 1928 m.
874 1873 912 1926 1.:
933 1868 1006 1926 domi
1024 1868 1141 1946 miliaeq.
1172 1889 1207 1929 m.
1225 1871 1265 1927 3.:

818 1953 957 2033 militiaeq.

764 2043 792 2105 7.
818 2041 859 2101 M.
871 2042 999 2102 Claudio
1009 2032 1154 2101 Marcello
1168 2042 1265 2103 Wa-

818 2129 893 2186 lerr'o
921 2137 1015 2188 cois:
1044 2128 1096 2186 ΡΜ
1125 2129 1199 2203 rell]
1229 2129 1264 2190 Μ.

818 2214 935 2273 Claudio
956 2211 1087 2276 'Marcello
1106 2217 1139 2278 G.
1158 2217 1264 2275 Valerio

819 2304 975 2386 consulibus
1000 2305 1143 2382 (Sigonius
1161 2306 1264 2362 Diodo·

817 2411 877 2449 rum
901 2395 949 2460 17,
967 2395 1011 2449 74.
1034 2397 1185 2466 secutast).
1222 2393 1263 2453 Cl.

818 2480 868 2546 Μ,
895 2480 951 2540 to:
978 2479 1010 2539 T.
1041 2479 1149 2540 Valerio
1179 2481 1264 2556 legato

818 2566 896 2638 (Pur.
919 2564 1023 2637 Colo).
1051 2600 1086 2610 —
1114 2568 1176 2624 PII:
1202 2569 1264 2624 llae-

819 2671 880 2711 eum
891 2655 1037 2733 potitumq.
1056 2658 1131 2713 uarie
1145 2657 1173 2711 iu
1185 2676 1263 2711 onua-

816 2738 888 2797 libus
908 2759 1056 2814 cognomen
1074 2751 1130 2805 coi.
1144 2744 1261 2803 inuenio.

817 2826 863 2885 Cl.
881 2829 907 2896 6,
925 2830 952 2890 5.

752 2916 790 2974 o.
816 2924 946 2973 ceterum
965 2915 996 2972 in
1014 2936 1049 2972 co
1065 2895 1157 2993 palati
1166 2917 1264 2988 refers

818 3003 895 3081 quid
911 3005 977 3060 ueri
1000 3006 1055 3060 sits
1075 3004 1143 3060 illus
1160 3000 1211 3071 (Pt
1230 3002 1263 3058 ll-

816 3088 879 3158 lud)
896 3093 1041 3164 peruelim
1059 3087 1197 3150 oet.:Pt1.
1220 3089 1264 3150 CI.

815 3173 849 3234 Τ.
860 3175 923 3233 Livi
940 3195 1077 3254 prooem:
1095 3177 1145 3234 scd
1159 3178 1227 3234 haec
1238 3187 1265 3233 et

816 3260 860 3320 his
878 3265 977 3321 similia
989 3277 1133 3342 utcumque
1146 3264 1263 3322 animad-

816 3369 894 3409 uerso
922 3361 967 3410 aut
995 3354 1147 3411 existimata
1177 3362 1262 3419 eruut,

814 3435 887 3496 haud
905 3441 934 3495 in
952 3460 1048 3514 magno
1073 3439 1199 3517 equidem
1217 3461 1262 3516 po·

815 3544 877 3583 nam
897 3527 1066 3584 discrimine:
1086 3526 1179 3584 odilla
1198 3528 1263 3586 milri

813 3631 864 3690 pro
883 3633 912 3668 se
931 3616 1045 3691 quisque
1064 3618 1163 3672 acriter
1178 3617 1261 3671 inten-

814 3699 860 3756 dat
878 3703 995 3758 animum
1015 3713 1065 3763 cet.
1085 3733 1119 3745 -
1137 3700 1213 3761 Harl.
1231 3720 1262 3764 1.:

775 3811 781 3832 ι
813 3787 951 3865 proditum
969 3788 1037 3845 salse
1056 3810 1124 3848 esse.
1139 3823 1173 3834 -
1193 3789 1261 3849 Pm.

814 3876 856 3930 1.:·
867 3879 977 3933 uenenis
991 3878 1135 3953 absumpto
1148 3898 1262 3956 quorum

811 3978 884 4016 mors
908 3972 959 4020 cet.
988 3984 1023 4023 m.
1044 3967 1085 4023 2:
1111 3965 1262 4043 absumptis

811 4045 892 4109 lttm.
912 4052 951 4109 1.:
971 4054 1082 4108 uenenis
1101 4061 1261 4132 apsumptos

811 4150 892 4190 mors
920 4136 1046 4198 Infamem
1060 4131 1178 4197 “tunum
1209 4149 1260 4197 cet.
