2618 4590
535 280 645 341 LIBER
662 282 698 345 X.

1104 269 1168 340 611

69 447 159 515 sione
182 445 276 513 unius
292 442 478 534 amplissimi
493 444 595 514 simus
610 445 794 514 sacerdotii:
806 446 1058 516 -decemviros
1072 447 1171 517 sacris

69 550 235 633 faciundis,
257 549 433 617 carminum
448 549 591 642 Sibyllae
613 573 651 618 ac
674 549 810 618 fatorum
833 551 944 642 populi
965 551 1059 620 huius
1079 554 1171 621 inter·
1280 604 1291 611 -

67 667 184 761 protes,
206 653 360 722 antistites
381 653 516 723 eosdem
531 654 724 748 Apollinaris
745 655 827 725 sacri
845 655 1172 748 caerimoniarumque

67 761 201 827 aliarum
221 759 367 849 plebeios
389 759 544 829 videmus.
581 784 643 829 nec
665 770 773 828 autem
789 772 865 829 tunc
887 761 1025 852 patriciis
1047 762 1112 829 ulla
1127 761 1171 829 in-

67 865 146 933 iuria
168 864 252 932 iacta
275 873 325 932 est
345 887 421 932 curn
450 863 625 933 duumviris
652 863 750 932 saeris
779 864 933 932 faciundis
959 864 1101 934 adiectus
1124 876 1208 934 est5

69 981 202 1061 propter
229 968 375 1059 plebeios
402 991 571 1053 numeroS,
590 978 638 1036 'et
666 993 753 1038 nunc
780 971 925 1038 tribunus
947 970 995 1037 vir
1022 969 1112 1040 fortis
1133 993 1172 1038 ac

66 1085 215 1141 strenuus
237 1073 379 1165 quinque
401 1097 557 1165 augurum
578 1071 651 1140 loca
674 1086 827 1165 quattuor
848 1074 1036 1166 pontificum
1059 1073 1174 1143 adiecit

66 1179 99 1244 in
128 1202 211 1270 quae
234 1177 340 1268 plebei
367 1179 587 1262 nominentur,
619 1201 686 1246 non
714 1190 751 1247 ut
776 1202 836 1247 vos
857 1178 943 1269 Appi
965 1191 1071 1247 vestro
1096 1178 1172 1246 loco

66 1284 189 1376 pellant
210 1283 268 1351 sed
290 1293 327 1351 ut
347 1282 499 1351 adiuvent
518 1305 579 1350 vos
600 1281 749 1352 homines
775 1283 883 1374 plebei
905 1283 1018 1351 divinis
1039 1306 1171 1374 quoque

65 1389 162 1456 rebus
183 1388 389 1479 procurandis
412 1386 458 1455 sie
479 1397 516 1455 ut
536 1387 570 1454 in
591 1388 706 1456 ceteris
727 1388 874 1456 humanis
896 1413 956 1481 pro
978 1399 1069 1477 parte
1090 1386 1220 1458 viritim

66 1492 226 1562 adiuvant.
263 1491 331 1560 noli
353 1491 543 1560 erubescere
564 1491 649 1583 Appi
672 1492 832 1584 collegam
858 1493 892 1559 i'n
915 1492 1094 1561 sacerdotio
1116 1491 1172 1559 ba·

65 1597 152 1680 bere,
175 1620 274 1686 quem
295 1594 328 1662 in
349 1618 484 1663 censura
507 1618 606 1685 quem
626 1597 660 1664 in
681 1597 851 1665 consulatu
873 1597 1031 1687 collegam
1052 1595 1172 1665 babere
1242 1642 1257 1667 2

66 1700 207 1791 potuisti,
229 1699 320 1767 cuius
342 1709 410 1766 tam
433 1698 594 1768 dictatoris
617 1700 767 1792 magbter
788 1701 933 1793 eqrritum
956 1724 1054 1791 qumn
1076 1700 1172 1791 magi·
1220 1780 1225 1789 ,

135 1865 163 1924 id
183 1866 272 1942 ipsum
289 1864 323 1921 ab
341 1863 397 1922 illis
408 1861 496 1942 plebis
511 1866 583 1942 capi·

134 1953 208 2009 tibus
226 1952 382 2030 expugnari,
399 1961 430 2008 ut
446 1950 582 2029 amplian-

134 2039 187 2097 bas
209 2038 284 2115 digni
310 2037 473 2096 haberentur
494 2058 583 2096 sacer·

135 2127 231 2196 doliis,
253 2135 342 2184 tamen
361 2127 494 2203 positivus
515 2125 583 2185 mibi

134 2215 224 2273 miuus
245 2214 391 2292 probatur,
412 2214 488 2289 qnod
509 2213 582 2271 baud

134 2299 233 2363 inutile
247 2321 308 2359 esse
330 2300 445 2358 debebat
460 2300 491 2359 id
508 2301 583 2380 quod

134 2390 188 2445 iam
207 2396 334 2465 exparte
352 2388 583 2466 quadam-conse·

135 2476 192 2533 cuti
214 2485 317 2546 essent,
346 2495 427 2554 quam
448 2477 582 2553 amplissi-

133 2584 206 2621 mam
217 2562 313 2623 viderl.
325 2595 359 2606 -
372 2560 412 2618 ll:
429 2573 478 2631 „et
495 2565 582 2621 nomi.

133 2652 207 2706 niam
235 2652 265 2706 in
293 2650 466 2726 possessione
502 2651 582 2707 unius

136 2735 296 2813 amplissimi
308 2736 392 2790 simus
404 2734 549 2792 sacerdotii
555 2739 582 2795 “.

135 2822 202 2880 haee
220 2841 318 2880 novem
330 2820 411 2877 verba
427 2821 584 2880 exciderunt

136 2912 166 2968 in
192 2907 270 2967 Laid.
284 2927 303 2968 ι.
323 2906 404 2967 Voss.
420 2927 448 2967 ιι.
469 2907 538 2968 Lov.
556 2910 584 2969 l.

136 2998 170 3057 al.
196 3028 232 3038 -
258 2995 294 3053 P:
320 2997 406 3054 sacris
425 2994 583 3057 iaciemnlis.

134 3082 174 3142 tle
188 3081 330 3142 faciundis.
348 3081 425 3143 Laid.
436 3102 454 3144 ι.
472 3082 519 3142 sl:
543 3084 583 3141 la·

135 3170 248 3231 ciendis.
274 3202 306 3213 —
328 3168 367 3228 ll:
391 3169 489 3232 sibilla.
507 3169 583 3227 -P

134 3279 170 3318 m.
187 3262 225 3318 1.:
242 3267 293 3326 „et
308 3257 460 3315 latorum“=
477 3257 526 3315 secl
538 3276 582 3314 ea-

134 3347 197 3404 dem
215 3347 324 3421 antiqua
347 3363 442 3402 manus
462 3346 583 3404 restituit

134 3453 179 3493 ac.
202 3464 239 3478 -
260 3429 323 3492 Plll:
348 3432 581 3491 caerimoniarum·

152 3541 194 3580 ae.

81 3611 108 3668 4.
133 3541 366 3665 becautemtunc
374 3606 582 3683 patriciisulla

135 3696 247 3753 iniuria
261 3693 352 3767 facta
376 3704 440 3752 ests
468 3691 535 3754 Poll.
554 3711 582 3754 ιι.

135 3779 185 3852 al]
204 3799 254 3836 nec
271 3791 329 3840 tum
345 3782 468 3860 patriciis
485 3790 581 3841 cet·
598 3832 603 3839 .

135 3866 185 3924 Plll
203 3876 231 3924 et
241 3868 367 3926 meliores
380 3867 445 3928 Palt
457 3877 486 3927 et
496 3868 581 3929 Drsl.

134 3952 228 4014 aaut:
253 3976 305 4013 nec
322 3965 368 4014 aut
383 3965 442 4014 tum
458 3957 582 4036 patriciis

135 4050 187 4101 eet.
205 4074 240 4086 -
261 4042 284 4105 l.
300 4042 346 4105 Fr.
364 4043 467 4114 Gron,
488 4060 581 4123 qum·

134 4148 215 4206 quam
241 4131 270 4187 in
294 4131 419 4188 omnibus
443 4132 581 4208 mseriptis

722 1869 862 1925 inventum
879 1875 921 1923 est
941 1875 970 1924 ct
987 1883 1066 1923 nune
1080 1866 1172 1923 tribu·
1296 1886 1300 1895 ¹

723 1975 782 2012 nus
796 1985 827 1996 -
840 1974 900 2013 non
920 1963 1020 2012 aluos
1032 1961 1093 2021 cet,
1105 1953 1172 2009 scri·
1291 2014 1294 2018 μ

725 2041 844 2099 bendum
870 2042 1001 2099 coniecits
1029 2059 1104 2109 „nec
1126 2048 1174 2096 sut

725 2139 782 2187 tum
800 2130 922 2207 patriciis
948 2127 1001 2187 alla
1019 2127 1117 2185 iniuria
1134 2125 1172 2183 la·
1199 2185 1203 2193 ,

670 2210 671 2215 '
726 2227 769 2273 cta
794 2225 836 2274 est
854 2248 886 2259 —
911 2224 964 2273 out
988 2235 1060 2274 nunc
1087 2215 1172 2273 tribu·

724 2323 803 2363 nus..
826 2306 946 2383 quinque
966 2322 1096 2377 angurum
1112 2301 1172 2359 loca

724 2400 851 2467 quattuor
862 2389 1021 2468 pontificum
1032 2390 1155 2450 adiecit..
1161 2432 1171 2458 ,

724 2487 758 2534 ut
774 2496 824 2536 vos
838 2478 911 2554 Appi
929 2488 1019 2536 vestro
1037 2476 1098 2535 loco
1115 2476 1172 2556 pel·

724 2562 782 2621 lant
807 2564 858 2623 sed
883 2575 914 2623 ut
942 2566 1071 2623 adiuvent
1099 2569 1172 2623 vos“

725 2661 777 2708 cet.
795 2685 829 2695 -
847 2652 890 2709 ll:
909 2671 971 2709 cum
989 2651 1120 2710 duouiris.
1137 2683 1170 2694 -

724 2737 1172 2811 M:u.augurumloca.-Pl1:
1267 2730 1273 2739 ’

724 2842 773 2881 ιιιι.
783 2823 942 2896 pontificum
951 2823 1050 2880 adiecit
1061 2826 1090 2881 in
1103 2844 1171 2901 quae

723 2908 813 2988 plebei
833 2912 1014 2969 nominentur.
1038 2940 1073 2954 -
1096 2911 1118 2967 P
1134 2932 1170 2972 m.

724 3001 749 3057 1.
767 2997 808 3055 bl:
826 3000 909 3076 appii.
939 2998 1072 3079 ngia
1098 3000 1176 3074 appi(

725 3116 760 3126 -
788 3084 823 3143 P:
850 3085 974 3145 homines
1001 3083 1098 3164 plebei.
1129 3086 1171 3144 llls

724 3171 843 3230 bominis
861 3174 958 3251 plebei.
977 3205 1011 3217 -
1036 3174 1059 3230 P
1076 3192 1112 3233 m.
1130 3176 1170 3233 1.:

723 3279 775 3334 pro
792 3271 869 3335 parte
891 3261 964 3318 uirili
986 3262 1122 3319 adiuuent.
1146 3259 1170 3317 P

723 3366 760 3405 m.
778 3349 805 3404 2.
822 3345 863 3403 ll:
881 3347 1018 3408 adiuuant.
1033 3379 1065 3392 -
1081 3347 1126 3409 Cf.
1143 3349 1171 3416 6,

721 3434 767 3493 37.
785 3431 821 3491 de
834 3433 983 3492 duumviris
995 3445 1022 3492 ct
1034 3434 1153 3494 decemr.

653 3521 697 3581 13.
724 3523 809 3581 cuius
825 3531 896 3607 tam·
910 3522 1066 3581 diastasin
1081 3525 1086 3593 Ι
1100 3527 1172 3602 mag

723 3609 857 3685 equitum
882 3627 974 3685 quom
994 3613 1067 3689 mg
1088 3610 1170 3686 equi·

721 3704 786 3755 ium
799 3695 807 3769 Ι
821 3696 950 3755 dictator
974 3716 1042 3755 esse
1068 3706 1171 3771 potes:

722 3779 759 3841 ll.
776 3812 811 3825 -
837 3782 874 3842 P:
891 3785 968 3841 cuins
985 3793 1040 3842 lam
1057 3783 1169 3843 dictato⁴

722 3871 762 3928 ris
783 3875 844 3947 mag
866 3871 986 3947 equitum
1012 3876 1065 3949 qui
1086 3864 1168 3949 mapi-

722 3966 779 4015 ster
807 3960 928 4037 equitum
958 3958 1076 4019 diebus
1107 3978 1169 4017 assa

722 4053 812 4119 potes.
829 4075 864 4109 -,-
882 4044 990 4105 Deinde
1005 4048 1169 4125 ssqultnrln

721 4128 764 4189 ll:
780 4130 878 4193 ulnnfi
894 4130 1007 4193 ιιΙιισιιί.
