2818 4728
559 293 667 354 arnan
686 293 720 352 n
811 317 813 328 ·
1041 238 1045 252 ’
1124 277 1189 344 aaa

88 470 155 526 tum
177 468 254 540 erat,
276 469 352 548 post
366 457 539 526 deductim
555 456 629 524 inde'
645 455 893 527 Volumnianum
908 452 1082 522 exereitum
1097 453 1189 523 Etru·

86 563 165 632 riam
186 564 346 632 concitam
365 562 398 628 in
420 587 507 631 arma
530 573 564 629 et
585 561 724 630 Gellium
739 559 909 652 Egnatium
923 557 1114 626 Samnitium
1133 560 1189 627 du·
1246 647 1255 669 x

106 743 130 797 1.
155 747 226 814 pest
243 731 400 794 deductum
421 737 492 794 inde
510 733 602 795 Volu-

156 828 307 882 mnianum
331 827 493 882 exercitum
514 825 602 882 Etru-

158 915 235 970 riam
257 913 399 968 concitum
421 914 453 968 in
471 931 557 968 arma
574 921 604 970 et

156 1000 287 1058 Gellium
302 1001 465 1078 Egnatium
485 999 601 1058 Samni·

155 1090 231 1144 tium
248 1089 352 1146 ducem
369 1097 398 1144 et
418 1087 543 1147 Umbros
560 1087 605 1142 ad

158 1175 355 1248 defectionem
374 1176 477 1232 uocari
492 1184 522 1230 et
532 1175 604 1232 Gal-

159 1263 206 1318 loa
226 1264 321 1338 pretio
339 1259 393 1329 (tiz
416 1249 538 1337 praetio)
562 1264 603 1318 in-

154 1339 428 1428 gentii-sollicitari:
444 1344 494 1405 Plll
506 1349 555 1421 al]
569 1380 602 1390 -

157 1455 255 1491 vocare
267 1445 294 1491 et
306 1467 339 1477 -
352 1433 498 1492 sollicitare
509 1436 541 1504 (l.
558 1433 603 1494 Fr.

134 1558 137 1568 ·
155 1520 267 1590 Gran).
281 1551 316 1568 ·-
328 1521 484 1579 Gronovius
496 1541 604 1580 vocare

157 1618 186 1664 et
212 1611 375 1666 sollicitare
399 1611 482 1666 soriti
509 1612 604 1678 voluit,

158 1694 232 1771 quod
250 1684 290 1752 illi
308 1716 363 1752 non
380 1705 437 1754 tum
451 1695 556 1756 demum
569 1698 604 1754 ad
636 1756 639 1768 ‚

159 1781 336 1839 delectionem
346 1782 414 1840 etati
430 1788 606 1842 armavoeari
634 1796 638 1806 “

158 1871 318 1947 potuissent,
342 1877 402 1927 eum
420 1873 474 1928 iam
494 1875 535 1940 10,
560 1875 604 1932 18.

159 1957 300 2028 Egnatium
324 1955 441 2015 Gellium
463 1960 533 2016 inter
550 1959 603 2018 Tu·

158 2063 221 2100 seoa
239 2045 340 2101 rasari
351 2043 522 2124 Umbrosque
540 2065 604 2106 eon·

157 2133 264 2207 tagione
281 2131 363 2189 Tusci
386 2132 450 2190 belli
471 2133 506 2190 ad
531 2155 605 2192 arma

158 2229 270 2276 uocatos
301 2230 328 2276 et
357 2219 451 2278 Gallos
481 2223 605 2278 memede

158 2305 318 2364 sollicitatos
341 2305 425 2366 luisse
448 2307 604 2382 legeremus.

101 2435 104 2444 .
157 2413 251 2452 vuum
277 2395 372 2452 eodem
393 2392 456 2456 loeo
482 2395 604 2472 legimus,

156 2501 219 2538 eum
245 2479 405 2538 Volumnius
433 2503 466 2538 ex
492 2483 604 2540 Samnio

156 2569 247 2645 Appio
264 2567 377 2626 Claudio
397 2569 496 2627 auxilio
515 2573 603 2628 venis·

156 2665 208 2722 set,
226 2656 326 2728 ingenti
338 2656 441 2733 proelio
461 2665 489 2714 et
499 2657 603 2714 Tuscos

158 2749 186 2796 et
204 2739 339 2798 Samnites
357 2741 463 2816 fugatos
481 2762 541 2798 esse
558 2764 603 2798 oo·

158 2826 304 2905 hortosque
316 2827 477 2886 Samnitium
495 2832 604 2886 victori·

156 2912 207 2972 bus
219 2915 349 2972 Romanis
361 2916 485 2984 cessisse,
503 2937 553 2972 nee
564 2927 602 2972 ta·

158 3023 220 3064 men
239 3003 276 3060 ita
298 3005 426 3060 subactos
448 3023 507 3062 esse
523 3004 603 3063 Etru-

156 3110 219 3147 scos
237 3100 267 3148 ut
285 3111 379 3168 pacem
393 3101 524 3170 peterent.
543 3112 603 3151 oum

155 3180 238 3252 igitur
263 3180 327 3234 novi
355 3178 418 3234 belli
443 3181 472 3235 in
491 3179 602 3236 Samnio

157 3265 243 3320 exorti
256 3267 366 3322 nuntius
378 3267 407 3322 in
418 3266 553 3324 Etruriam
566 3267 602 3323 al·

156 3350 226 3410 latus
254 3361 339 3419 esset,
369 3351 603 3432 Volumniamque

154 3439 273 3496 exercitu
283 3438 398 3496 deducto
408 3441 511 3518 Appius
521 3440 601 3498 Clau·

154 3525 216 3583 dius
234 3545 290 3582 non
307 3529 395 3601 magui
416 3532 544 3586 momenti
562 3532 600 3587 vi·

155 3613 272 3682 (leretur,
291 3622 318 3669 et
341 3633 447 3672 omnem
464 3617 601 3676 Etruriam

154 3720 258 3758 summo
285 3699 405 3758 bellandi
431 3703 527 3760 ardore
552 3704 600 3760 fla·

152 3807 229 3864 grare
269 3787 393 3852 audimus
430 3789 600 3868 Galliamque

150 3875 306 3950 Egnatium,
331 3879 378 3952 qui
403 3897 435 3936 ex
459 3876 520 3952 luga
537 3897 599 3938 oum
668 3883 669 3888 ’

152 3963 284 4034 exereitus
294 3964 336 4019 sui
347 3961 468 4042 reliquiis
480 3974 597 4022 reverte·
627 3972 633 3984 “

152 4058 207 4118 rat,
225 4058 253 4106 et
269 4047 397 4120 Umbros,
418 4053 465 4129 qui
482 4052 596 4109 adverso

149 4135 252 4212 proelio
270 4139 356 4195 territi
375 4137 409 4196 ad
427 4159 491 4198 suos
510 4136 595 4197 redii-

744 745 813 805 raut,
833 731 869 791 tle
889 735 994 808 integro
1009 731 1043 788 ael
1061 731 1188 789 delectio·

744 843 805 880 nem
824 822 917 880 vocari
930 829 956 877 et
969 819 1107 877 Gallorum
1119 841 1190 876 nova

745 909 842 967 auxilia
864 926 961 984 magno
984 910 1073 986 pretio
1100 909 1189 965 acciri.
1217 895 1222 902 ⁸

743 997 874 1054 llo-ines
892 995 989 1053 doetus
1000 997 1082 1070 igitur
1097 1005 1129 1051 ut
1147 1007 1192 1051 'an-

715 1118 718 1129 2
745 1086 852 1161 tiquamv
873 1085 1034 1160 seripturam
1062 1091 1192 1150 mutatam

744 1171 852 1247 vellent,
870 1171 900 1228 id
916 1171 1095 1250 permoverit,
1118 1170 1192 1246 quorl

745 1258 829 1316 altero
857 1257 918 1315 loeo
944 1260 1083 1336 partieip·¹
1097 1259 1191 1314 conci·

746 1355 807 1400 tam
826 1344 909 1402 altero
928 1345 1194 1402 infinitivos'eocari

746 1433 904 1489 eolliiiiuri
914 1433 1045 1501 viderent,
1059 1453 1113 1510 quo
1125 1434 1191 1488 seri·

746 1517 830 1575 bandi
865 1539 962 1594 genere
992 1519 1193 1597 simplieitatem

745 1608 877 1665 orauonis
887 1605 947 1670 tolli
959 1617 1105 1684 oporteret,
1117 1626 1193 1684 prae·
1289 1626 1293 1636 ¹

744 1697 841 1752 sertim
860 1713 920 1752 eum
939 1695 1031 1753 eadem
1048 1714 1094 1753 res
1111 1697 1195 1752 etiam

747 1778 929 1838 Palatinorum
941 1784 966 1840 1.
976 1783 1008 1844 ,3.
1026 1775 1105 1840 Voss.
1117 1771 1193 1842 usal.

745 1867 863 1925 librariis
891 1869 1054 1948 persuaserit
1081 1879 1111 1924 ut
1137 1889 1192 1944 non

746 1958 889 2012 connitum
907 1955 956 2012 serl
972 1957 1115 2013 concitari
1130 1958 1193 2013 seri·

746 2033 849 2103 aaroni
867 2063 978 2100 serum
1002 2035 1111 2100 Liuium
1138 2061 1193 2100 nou

745 2131 828 2209 modo
847 2151 976 2211 persaepe
994 2133 1030 2188 ite
1044 2133 1193 2189 orationem

746 2220 851 2279 variare
877 2218 1012 2288 videmus,
1041 2220 1091 2276 aad
1110 2220 1193 2278 'idem

745 2307 827 2364 etiam
854 2309 1000 2366 concitam
1028 2307 1108 2382 longe
1140 2307 1192 2364 alio

748 2402 871 2468 spectare
880 2393 965 2452 voluit
974 2415 1054 2472 quam
1064 2415 1117 2473 quo
1126 2416 1194 2452 con-

747 2483 841 2540 citari.
871 2485 1018 2540 nonenim
1035 2487 1131 2552 utto,
1150 2483 1192 2540 18.

745 2567 874 2627 Etruscos
903 2571 936 2626 ab
964 2569 1053 2626 Gellio
1083 2580 1130 2626 aut
1159 2569 1192 2624 ab

746 2656 799 2712 alio
822 2675 957 2732 quoquam
975 2657 1008 2711 ab
1030 2655 1130 2712 bellum
1147 2674 1194 2713 vo·

747 2750 828 2806 cates,
849 2763 910 2798 esse
933 2743 1023 2798 (linere
1044 2740 1116 2810 vult,
1143 2742 1194 2798 sed

744 2846 795 2884 sua
804 2840 902 2906 sponte
910 2845 983 2886 arma
994 2832 1108 2908 cepisse,
1120 2829 1194 2908 quod

745 2915 1193 2995 ignominiamdedecusquepriore

746 3002 817 3064 ballo
836 3013 974 3082 aoeeptum
992 3025 1078 3082 aequo
1103 3007 1192 3062 auimo

745 3089 815 3150 lema
828 3112 881 3150 non
895 3096 1056 3171 potuissent.
1074 3093 1192 3170 (lenique

745 3197 807 3236 eum
836 3178 934 3240 Umbri
968 3181 1003 3238 erl
1035 3183 1192 3238 societatem

744 3265 809 3332 belli
821 3269 988 3326 venabantur
1000 3266 1191 3345 Gallorumque

744 3353 842 3422 auxilia
875 3355 1060 3424 sociabantur,
1088 3353 1190 3414 Tusco·

743 3463 803 3500 rum
826 3444 958 3500 exereitus
977 3443 1191 3519 Samnitiumque
1233 3479 1238 3494 ·
1286 3489 1289 3497 .

743 3529 779 3586 nd
798 3529 951 3588 bellandum
968 3533 1021 3587 iam
1042 3532 1191 3588 instructus

742 3628 905 3696 paratusque
928 3623 1010 3678 stetit.
1041 3617 1190 3689 „Erlrobeu

741 3705 812 3762 lrabe
841 3706 900 3763 sicli
927 3727 980 3765 von
1007 3727 1102 3765 nouem
1129 3725 1189 3762 zum

741 3791 840 3868 Kriege
858 3795 927 3851 nach
945 3794 1007 3852 dem
1020 3795 1128 3869 Absugo
1141 3793 1189 3848 des

740 3880 865 3940 Volumu.
878 3882 979 3940 Heeres
990 3883 1116 3938 Etrurien
1131 3879 1188 3936 unrl

740 3969 791 4026 rler
812 3969 952 4026 Samniten
975 3967 1107 4026 Feldherr
1125 3965 1186 4023 Gel-

738 4055 792 4114 lius
813 4045 956 4132 Egnatius,
984 4055 1039 4113 uud
1066 4053 1187 4130 ausgeru-

739 4142 784 4200 len
803 4164 863 4204 rum
881 4142 986 4202 Ablalle
1008 4129 1123 4202 wtrrlan
1141 4142 1185 4200 die
