2618 4590
617 229 801 291 mestun.

156 398 311 467 noxiam?
348 397 421 489 quia
443 395 641 465 infacundior
662 394 704 464 sit
732 405 766 461 et
791 392 897 486 lingua
917 393 1129 485 inpromptus.
1167 396 1256 486 quod

96 512 99 517 '
157 516 288 573 naariae
311 503 462 573 demum
482 512 590 569 utrum
610 497 814 567 nutriendum
840 497 936 589 patri,
971 498 999 566 si
1027 499 1202 589 quicquam
1223 502 1258 568 in

159 632 199 676 eo
213 608 350 681 ‚humani
372 617 472 689 esset,
499 628 541 672 an
569 603 786 694 castigandum
813 625 851 669 ao
878 602 1047 671 vexatione
1068 602 1191 693 insigne
1214 605 1259 673 la·

159 712 305 779 ciendum
331 711 450 779 fuisse?
482 735 524 777 ne
543 719 663 797 ¹mutas·
684 706 814 799 quidem
841 705 958 773 bestias
985 706 1090 774 minus
1112 709 1197 777 alere
1219 736 1258 778 ac

128 815 282 899 olovere,
310 816 338 885 si
360 815 500 906 quidex
522 813 674 906 progenie
695 835 754 879 sua
782 834 896 902 parum
917 833 1107 901 prosperum
1135 814 1189 883 sit:
1224 830 1254 885 at

157 919 346 990 herculeio.
369 919 526 986 Manlium
546 918 669 985 malurn
689 916 776 985 malo
804 938 919 1006 augere
939 914 994 981 filii
1023 927 1056 983 et
1076 917 1254 989 tarditatem

156 1022 272 1115 ingenii
293 1026 425 1116 insuper
445 1047 592 1116 premere
614 1034 660 1107 et,
688 1023 716 1090 si
737 1018 814 1113 guid
835 1019 870 1087 in
891 1043 931 1087 eo
959 1020 1111 1111 exiguum
1132 1034 1254 1090 natura-

156 1128 194 1195 lis
215 1129 332 1219 vigoris
355 1129 404 1211 sit,
425 1129 460 1194 id
482 1127 668 1218 extinguere
687 1127 752 1196 vita
774 1125 888 1217 agresti
910 1136 944 1194 et
965 1126 1083 1193 rustico
1099 1127 1189 1196 cultu
1210 1129 1254 1195 in·

158 1244 208 1299 ter
229 1233 371 1322 pecudes
396 1232 555 1299 habendo.

85 1322 146 1407 ⁸10
245 1337 288 1406 V.·
333 1335 487 1403 Omnium
514 1334 620 1427 potius
647 1335 697 1403 his
729 1336 998 1407 criminationibus
1032 1360 1130 1427 quarn
1156 1337 1256 1428 ipsius

155 1439 278 1508 iuvenis
299 1439 442 1509 inritatus
465 1452 516 1510 est
531 1439 670 1508 animus:
692 1442 769 1532 quin
790 1453 902 1511 eontra
923 1464 959 1509 se
979 1464 1110 1531 quoquo
1131 1444 1256 1533 parenti

157 1530 287 1612 enusoin
309 1545 445 1614 invidiae
460 1557 557 1636 atque
572 1544 740 1615 criminum
756 1571 827 1616 esse
843 1570 936 1638 aegre
946 1569 1069 1636 passus,
1090 1559 1128 1634 ut
1143 1570 1257 1614 omnes

157 1648 199 1715 dii
220 1649 431 1743 hominesque
443 1650 571 1721 ¹scirent
590 1673 628 1718 se
649 1653 773 1741 parenti
795 1675 892 1747 opem
913 1651 1012 1718 latam
1037 1675 1135 1741 quam
1156 1652 1256 1717 inimi-

156 1753 203 1822 ois
225 1753 292 1821 eius
314 1754 426 1839 malle,
448 1754 533 1846 capit
555 1755 723 1824 consilium
742 1758 829 1827 rudis
852 1755 983 1848 quidem
1006 1765 1103 1845 atque
1125 1757 1256 1846 agrestis

110 1871 144 1929 15
156 1856 251 1925 animi
273 1870 307 1957 et
329 1884 526 1950 quamquam
547 1883 613 1927 non
636 1859 735 1931 civilis
756 1863 897 1953 exempli
919 1872 1028 1931 tamen
1049 1859 1168 1950 pietate
1190 1861 1256 1927 lau-

172 2071 198 2129 1.
233 2071 317 2147 quod
359 2080 486 2129 venturae
529 2071 672 2130 damnum

225 2167 323 2215 utrum
341 2160 530 2216 nutriendum
543 2163 627 2234 patri
643 2161 673 2217 .ςί

811 2073 927 2134 luisse“.
955 2071 989 2128 el.
1011 2070 1092 2149 paulo
1116 2081 1180 2128 unte
1203 2071 1260 2140 „ot

811 2183 892 2239 quam
911 2161 946 2217 ob
966 2161 1074 2216 noxiam
1083 2163 1108 2217 “.

225 2246 383 2322 qur‘cquom
395 2249 426 2301 in
438 2266 472 2303 eo
485 2245 609 2303 humani
625 2266 669 2302 es·
758 2250 785 2311 5.
811 2259 844 2309 at
867 2241 1199 2306 lercu12:Pm.u.ttt
1222 2272 1257 2286 -·

224 2339 271 2387 set
296 2352 337 2387 on
364 2333 589 2411 castigandum.-
613 2331 670 2391 Pu.
810 2335 834 2395 P
862 2356 899 2393 m.
931 2336 971 2397 1.:
1006 2331 1041 2388 od
1070 2329 1187 2390 hercule.
1223 2356 1257 2371 -

224 2414 328 2482 „lltttte
345 2439 400 2475 nun
415 2419 491 2476 nieht
502 2419 591 2476 dieser
602 2419 670 2477 Fet·
809 2421 885 2482 Harl.
904 2443 936 2482 ιι
958 2419 1058 2479 malum
1075 2416 1145 2476 malo
1167 2435 1258 2498 ogere

224 2502 266 2559 ler
299 2504 349 2561 der
374 2504 461 2564 Natur
488 2528 552 2565 vom
582 2506 671 2576 vater,
811 2510 872 2574 lilii.
891 2508 934 2569 Cf.
952 2511 978 2578 ὓ,
995 2509 1053 2567 54:
1071 2504 1168 2564 malam
1186 2504 1256 2577 malo

224 2604 306 2647 wenn
333 2592 428 2668 irgeud
458 2596 501 2650 ein
528 2594 670 2653 mensuhli·

226 2677 290 2734 ohes
303 2678 402 2738 Geliiltl
414 2682 443 2738 in
455 2681 511 2738 ilnn
526 2691 609 2750 wilre,
621 2683 671 2739 mit

223 2762 308 2823 Lielie
325 2768 439 2855 gepllegt
456 2769 512 2827 und
532 2768 671 2845 geschiitzt

13 2874 21 2889 ¹
135 2878 140 2893 ι
223 2854 335 2910 werden
352 2860 483 2913 mttssen“
495 2877 521 2915 u.
534 2877 557 2917 s.
569 2877 606 2916 w.
625 2855 669 2915 Gi

224 2944 250 3010 1,
268 2943 327 3002 39.:
346 2944 611 3020 proindomateriam
628 2945 669 3000 in·
692 2964 695 2969 ·

224 3031 312 3104 gentis
321 3030 428 3106 publice
437 3032 616 3106 privatimque
626 3030 669 3086 de·

226 3117 298 3171 coris
326 3117 400 3171 omni
428 3115 592 3192 indulgentia
622 3136 669 3173 no·

225 3210 282 3256 stra
300 3203 458 3263 nutriamus.
488 3207 514 3272 9,
533 3206 572 3263 1.:
591 3202 669 3260 dissi·

133 3330 136 3337 f
225 3297 303 3364 patae
320 3308 364 3346 res
377 3320 411 3335 -
424 3290 558 3348 discordia
571 3288 669 3360 forent,

219 3395 291 3452 quas
308 3374 378 3434 lovit
388 3377 530 3457 tranquilla
546 3378 668 3436 modera-
687 3380 689 3384 ’

223 3463 262 3517 tio
285 3462 392 3540 imperii
415 3486 500 3544 eoque
523 3466 667 3525 nutriendo

222 3549 349 3627 perduxit
364 3562 395 3609 ut
405 3553 504 3611 bonam
516 3555 618 3629 frugem
634 3553 667 3613 li·

223 3636 334 3693 bertatis
354 3643 465 3698 maturis
488 3644 541 3699 iam
564 3644 668 3700 viribus

223 3721 294 3780 ferre
311 3737 404 3801 posset
420 3729 496 3800 (soil.
512 3728 614 3809 plebs).
632 3728 666 3790 nl.

222 3840 257 3853 ·-
275 3810 352 3873 Leid.
369 3835 400 3875 ιι
419 3836 455 3871 ac
476 3817 667 3877 sustinendum.

222 3897 253 3954 ln
271 3920 339 3961 rece.
357 3902 517 3980 quibusdam
529 3904 608 3963 codd.
626 3926 667 3961 au

223 3989 351 4046 omissum
379 3999 429 4048 est.
462 4022 495 4032 -
531 3990 572 4047 ll:
601 3990 669 4060 „ad

221 4077 363 4133 uexatione
382 4080 389 4148 Ι
408 4077 513 4153 insigne
546 4076 667 4137 fatiendit

812 2597 973 2655 domandam
990 2595 1160 2651 tribuniciam
1181 2601 1258 2668 pote·

751 2694 754 2699 “
811 2695 916 2744 statem.
933 2715 969 2733 -
992 2682 1032 2741 lla
1050 2683 1159 2758 insuper
1174 2699 1257 2757 proo-

811 2793 893 2833 mere.
911 2800 947 2817 -
964 2770 992 2829 ll
1008 2790 1045 2829 m.
1064 2771 1102 2825 1.:
1128 2766 1257 2824 naturalis

811 2862 946 2934 uigorisit.
972 2856 1052 2916 lieoc.
1070 2855 1144 2932 quid.
1163 2852 1257 2912 noddo

812 2947 941 3005 naturalis
951 2947 1052 3020 ingenii
1060 2946 1104 3002 sit.
1114 2941 1157 3000 Οἵ.
1163 2946 1189 3008 9,
1200 2944 1257 2999 tn:

810 3037 853 3093 vir
871 3066 906 3078 —-
924 3054 979 3090 non
1002 3031 1083 3088 animi
1104 3027 1193 3084 solum
1215 3031 1255 3084 vi·

810 3108 876 3200 gore
893 3120 942 3176 sed
961 3121 1041 3176 etiarn
1058 3118 1180 3195 eorporis
1191 3116 1256 3173 viri·

811 3210 863 3267 bus
893 3206 1033 3266 excellens.
1060 3237 1095 3271 -ή
1121 3201 1198 3264 Leid.
1223 3222 1256 3261 1.:

810 3297 866 3354 uita
883 3297 981 3371 agresti
999 3293 1072 3356 cultu
1091 3301 1120 3349 et
1136 3293 1256 3349 rustico.

810 3381 874 3442 Ptl:
893 3385 964 3441 inter
980 3381 1098 3462 pecudes
1116 3377 1255 3434 habendos

810 3469 926 3541 „iudom
955 3490 986 3528 er
1013 3469 1060 3526 ihn
1086 3476 1166 3526 unter
1196 3464 1256 3521 deni

809 3556 877 3615 Vielr
896 3554 1191 3618 hernmlaulenlasoe“.
1219 3552 1262 3613 ele

811 3647 837 3714 1,
854 3648 894 3704 t:
912 3666 962 3702 neo
979 3647 1008 3702 in
1023 3641 1136 3705 stabulis
1154 3661 1205 3699 nee
1221 3637 1257 3696 ed

807 3753 905 3811 pecora
923 3752 1028 3810 segnes.

737 3821 782 3881 11.
809 3823 950 3881 iteritatus
967 3831 1015 3878 est
1027 3821 1162 3879 animus:
1178 3814 1207 3874 lll
1218 3834 1254 3872 m.
1270 3838 1273 3842 ’

808 3909 834 3966 2.
851 3907 884 3969 P.
906 3940 941 3950 -
967 3907 995 3965 Μ
1012 3928 1048 3966 m.
1069 3909 1107 3966 1.=
1130 3906 1254 3962 inritatos

807 4005 850 4051 est
867 3999 981 4054 animno.
1000 4026 1033 4037 -
1057 3993 1088 4050 In
1106 4013 1176 4050 rece.
1195 3993 1254 4069 qui·

805 4079 920 4140 ¹busdam
940 4081 1019 4142 codd.
1037 4080 1138 4142 excidit
1154 4087 1208 4138 est.
