2618 4590
112 224 257 365 'aa'
523 222 817 314 '.anrnu

172 417 374 510 confertique
390 415 525 500 abibant,
547 416 691 506 pediturn
707 415 798 484 labor
812 415 1078 507 inpersequendo
1093 415 1167 483 fuit:
1190 424 1277 506 post·

173 548 273 615 quam
293 523 400 592 iactari
421 546 508 589 amia
533 520 654 613 passim
680 521 821 612 fugaque
847 546 905 612 per
931 545 1024 611 agros
1045 521 1150 612 spargi
1173 521 1277 589 aciem

50 646 56 659 ‘
170 628 312 696 hostium
340 628 592 697 animadversum
618 637 681 707 est,
712 636 783 693 tum
811 626 954 717 equitum
982 636 1106 693 tunnae
1137 626 1274 694 emissae

172 733 246 800 dato
268 732 357 822 signo
379 758 421 801 ne
431 733 476 799 in
490 730 686 821 singulorum
700 729 854 797 morando
878 731 975 798 caede
992 730 1130 820 spatium
1145 729 1186 795 ad
1202 755 1274 798 eva·

133 853 151 906 n
170 838 309 904 (lendum
330 837 457 905 interim
479 834 672 902 multitudini
695 835 820 901 darent:
848 834 923 902 satis
945 858 1017 903 esse
1038 833 1210 901 missilibus
1234 859 1273 902 ac

168 953 287 1009 terrore
309 930 593 1031 inpediri‘eursum
615 939 894 1032 obequitandoque
925 963 1039 1030 agmen
1061 939 1170 1022 teneri,
1194 940 1272 1007 dum

169 1046 302 1136 adsequi
323 1037 423 1136 pedes
446 1056 479 1113 et
500 1043 581 1110 iusta
604 1044 701 1111 caede
729 1045 885 1112 conficere
905 1035 1040 1112 'hostem
1067 1055 1188 1134 posset.
1226 1044 1272 1110 lu-

168 1175 227 1240 gae
252 1151 472 1240 sequendique
493 1171 559 1215 non
581 1161 653 1216 ante
675 1160 805 1218 noctem
826 1150 897 1215 smis
917 1150 987 1216 firit.
1025 1150 1116 1238 e‘apta
1140 1171 1272 1238 quoque

168 1277 206 1320 ae
239 1254 360 1344 direpta
387 1255 502 1321 eodem
530 1255 580 1322 die
608 1265 709 1323 castra
731 1254 925 1322 Volscorum
956 1254 1139 1343 praedaque
1166 1252 1272 1319 omnis

120 1374 155 1430 10
166 1369 292 1447 praeter
313 1359 412 1425 libera
435 1383 568 1449 corpora
590 1360 680 1426 militi
696 1384 846 1427 concessa
863 1372 921 1427 est.
960 1383 1034 1448 pars
1057 1356 1197 1425 maxima
1220 1381 1269 1424 ca·

165 1460 327 1552 ptivorum
350 1486 391 1528 ex
412 1461 531 1529 Latinis
559 1475 654 1553 atque
676 1465 820 1532 Hernicis
849 1465 921 1546 luit,
949 1487 1009 1530 nec
1037 1461 1206 1529 hominum
1228 1463 1269 1529 de

163 1564 261 1655 plebe
284 1577 320 1633 ut
342 1566 427 1633 credi
445 1579 558 1663 posset
578 1570 726 1636 mercede
747 1570 915 1651 militasse,
941 1569 997 1633 sed
1019 1567 1178 1657 principes
1200 1564 1268 1655 qru‘-

9 1673 17 1691 '
57 1718 59 1721 .
109 1752 111 1757 Ι
165 1669 240 1736 darn
261 1671 432 1739 iuventutis
453 1672 580 1756 inventi,
602 1673 768 1740 manifesta
790 1674 870 1740 lides
891 1672 1019 1762 publica
1042 1695 1104 1760 ope
1127 1671 1268 1738 Vulscos

163 1773 273 1843 hostes
296 1777 435 1857 adiutos:
459 1775 694 1845 Cerceiensium
716 1801 845 1867 quoque
868 1776 998 1867 quidam
1020 1776 1137 1864 cogniti
1160 1788 1193 1844 et
1214 1799 1266 1842 co·

114 1893 152 1951 15
163 1877 229 1945 loni
251 1880 429 1948 aVelittisr
450 1880 653 1972 Romamque
674 1905 787 1949 ornnes
801 1881 890 1949 missi
911 1880 1191 1970 percunctantibus
1206 1879 1266 1969 pri-

161 1983 304 2052 moribus
331 1996 459 2075 patrum
486 1986 600 2059 eadem
627 2011 710 2078 quae
739 1986 949 2054 dictatori-
972 1983 1186 2069 delectionem
1215 1982 1267 2050 sui

162 2088 298 2179 quisque
319 2089 431 2181 populi
454 2127 498 2139 -
519 2088 607 2158 haud
627 2091 780 2183 perplexe
802 2089 992 2157 indicavere.

248 2193 336 2262 XIV.
379 2194 526 2261 Dictator
542 2193 716 2260 exercitum
737 2194 771 2259 in
785 2193 905 2262 sativis
921 2192 1051 2263 tenebat
1064 2191 1194 2259 minime
1210 2192 1266 2258 du-

160 2294 231 2362 bius
252 2297 376 2363 bellum
393 2321 468 2365 cum
482 2299 519 2365 iis
533 2297 661 2387 populis
675 2308 781 2387 patres
795 2296 946 2381 iussuros
968 2321 1043 2364 eum
1057 2296 1160 2363 maior
1177 2296 1265 2364 domi

113 2399 149 2465 bo
161 2411 272 2466 exorta
294 2402 397 2469 moles
420 2403 526 2492 coegit
547 2403 641 2470 acciri
654 2403 792 2470 Romam
814 2425 889 2467 eum
904 2402 1056 2492 gliscente
1077 2401 1110 2465 in
1122 2401 1194 2472 ldies
1217 2425 1264 2468 se·

160 2503 287 2589 ditione,
309 2529 408 2596 quam
429 2508 524 2574 solito
546 2506 647 2598 magis
668 2507 874 2575 metuendam
888 2518 1000 2576 auctor
1014 2505 1161 2574 faciebat.
1196 2529 1264 2573 non

229 2696 534 2773 armeticonfertr'que
545 2698 674 2757 ebibant.
814 2698 846 2756 P.
862 2730 896 2741 -
913 2697 954 2754 lll:
972 2696 1044 2753 lraud
1062 2686 1188 2774 per-flere
1205 2695 1262 2756 iud.

226 2779 304 2842 Leid.
330 2804 361 2842 ra
396 2787 578 2866 consertique.
617 2784 673 2842 Alii
814 2783 1263 2854 ct.30,ta.2„1ttaced0neseum

225 2890 312 2930 rece:
331 2870 507 2948 conlectique.
813 2870 941 2948 perplexe
953 2871 1155 2949 responderent,
1174 2891 1262 2948 neque

172 2957 199 3016 4.
226 2978 263 3015 ne
281 2960 310 3014 in
323 2961 511 3038 singulorum
526 2958 672 3016 morando
790 2972 794 2989 ’
813 2961 936 3038 ipsimite
943 2978 1102 3036 responsum
1112 2957 1262 3021 tulerunt

225 3044 332 3099 caede:
347 3045 407 3100 Pll:
421 3046 448 3103 h.
459 3067 482 3102 e.
495 3066 530 3101 ne
541 3047 672 3102 morando
743 3048 786 3106 19.
810 3066 877 3103 cum
895 3048 933 3101 iis
955 3045 1091 3120 populis:
1115 3045 1175 3118 ΡΜ]
1200 3064 1262 3103 cum

227 3131 256 3185 in
275 3129 440 3203 singulorum
464 3131 553 3188 caede.
584 3129 627 3189 Cf.
644 3134 671 3199 3,
812 3132 855 3188 his
873 3130 991 3209 populis.
1009 3164 1043 3174 -
1061 3132 1084 3188 P
1101 3152 1137 3192 m.
1157 3136 1194 3192 1.:
1206 3132 1262 3208 gli·

224 3217 282 3274 55.:
301 3216 453 3286 „haeiuris
466 3216 524 3292 lege
541 3219 672 3295 interpre·
812 3228 933 3276 scentem
960 3222 988 3276 in
1015 3219 1073 3275 dies
1099 3220 1262 3280 seditiones.

222 3313 265 3361 tes
273 3311 304 3360 “2
324 3303 357 3363 al.
374 3303 508 3360 —Paulo
524 3314 588 3382 post
604 3303 670 3362 Pll:
748 3376 757 3399 x
811 3305 967 3365 Pasti:
983 3308 1175 3386 gliscentem
1194 3308 1262 3364 dies

222 3401 324 3450 eastra
342 3393 520 3450 volscorum.
798 3395 966 3452 seditione.

153 3477 195 3537 12.
223 3487 256 3534 ut
264 3480 348 3535 credi
356 3488 460 3555 posset
471 3478 607 3536 mercede
618 3482 678 3562 mi·¹
740 3480 784 3543 21.
812 3501 873 3536 non
902 3481 979 3537 enim
1012 3480 1072 3535 iam
1108 3482 1263 3538 orationes

222 3566 342 3623 litasse:
360 3567 382 3621 P
401 3564 669 3627 m.a.t1.÷Pm.
810 3567 899 3623 modo
918 3567 958 3641 M.
980 3567 1077 3623 Manli
1098 3567 1155 3624 sed
1168 3567 1262 3640 facta

147 3692 151 3703 .
223 3653 264 3708 1.:
283 3652 443 3712 mercedem.
468 3687 503 3696 -
526 3652 587 3709 Plll:
607 3655 669 3710 uol-
808 3654 969 3731 popularia
978 3656 1008 3710 in
1018 3656 1143 3730 speciem
1152 3656 1261 3712 tumul·

155 3744 159 3753 “
222 3759 291 3796 scos
303 3738 414 3798 hostes.
424 3773 458 3784 -
468 3740 531 3798 Plll:
544 3743 669 3798 cercr‘en·
810 3751 900 3798 tunsa
912 3743 1016 3799 eadem
1029 3762 1089 3820 quo
1098 3743 1261 3818 mentefie-

220 3826 299 3882 sium
317 3845 423 3903 quoque
441 3826 551 3903 quidam
569 3829 669 3901 cogniti
810 3839 877 3886 rent
902 3831 1044 3887 intuendo
1071 3839 1171 3893 erant:
1201 3828 1261 3889 ΡΜ.

177 3906 182 3917 '
220 3920 247 3969 et
260 3911 370 3971 colonia
383 3912 496 3973 uelitris.
515 3913 558 3972 cf
571 3916 597 3983 6
610 3915 667 3973 12:
811 3917 982 3985 „Intuenda
992 3923 1099 3972 eront“
1108 3916 1203 3973 referri
1213 3915 1260 3972 de·

183 4000 438 4059 Cerceiensium
439 4000 589 4081 quidam.
696 4010 699 4015 “
809 4001 857 4059 bet
873 4013 901 4059 et
918 4002 952 4059 ad
969 4005 1162 4072 tumultuoso,
1181 4013 1208 4059 et
1225 4003 1261 4060 ad
1290 4014 1294 4022 “

147 4088 192 4150 17.
219 4087 311 4147 baud
321 4071 466 4166 perpletis
480 4088 687 4161 indicavere:
809 4108 873 4164 qua
897 4098 993 4148 mente
1006 4090 1134 4165 fierent:
1162 4089 1261 4159 „deun
