2618 4590
507 222 711 315 'uremur
1102 237 1166 309 155

16 464 17 471 ,
67 433 126 479 sex
146 409 227 489 locis
247 407 351 477 tenuit
366 395 471 475 nullis
476 405 566 474 'domi
578 405 771 498 militiaeque
793 407 834 475 ml
854 410 1084 480 conciliandam
1096 436 1165 518 gre-

67 515 145 581 tiam
166 513 302 595 meritis,
331 524 367 578 ut
389 511 444 602 qui
464 535 537 589 rure
560 521 595 578 et
613 512 727 601 procul
749 524 845 581 coctu
871 512 1065 591 hominum
1056 540 1163 585 ruren-

65 630 134 687 tam
157 618 283 706 egisset.

71 778 82 797 .
153 722 210 791 Vl.
253 720 379 799 Eodem
399 743 483 789 eune
503 743 563 789 eeu
584 731 677 802 mutu
697 732 800 790 terrae
822 743 880 789 seu
902 746 967 812 que
980 720 1013 788 vi
1035 722 1095 789 elin
1116 723 1161 791 fe

67 850 141 892 rum
162 824 303 895 medium
323 826 424 894 ferme
446 849 546 917 specu
560 836 652 903 vesto
668 824 887 915 conlapsum'
877 850 912 892 m
931 826 1110 897 inmensam
1122 827 1165 893 el-
1181 839 1199 897 5

67 930 235 1005 titudinem
268 930 394 1014 dicitur,
430 954 537 1021 neque
567 955 639 1003 eam
668 929 853 1021 voraginem
881 931 1029 999 coniectu
1057 941 1177 1015 terren.
1274 952 1278 958 ·

68 1057 223 1124 cumpro
245 1022 280 1103 se
302 1035 437 1126 quisque
460 1048 600 1127 gereret,
628 1032 758 1125 explere
786 1035 931 1125 potuisse
959 1036 1170 1127 priusquam

65 1138 163 1206 deum
184 1140 307 1209 monitu
329 1140 440 1233 quaeri
462 1140 628 1232 coeptum,
662 1163 728 1231 quo
750 1139 924 1229 plurimum
944 1139 1169 1230 populusne

63 1265 178 1311 manus
198 1256 323 1343 posset:
357 1245 390 1313 id
413 1245 499 1317 enim
519 1246 566 1314 illi
587 1246 661 1312 loco
689 1236 858 1312 dicandum
885 1244 1166 1326 vatescanebant,

62 1347 90 1414 si
118 1370 187 1415 rem
213 1349 378 1438 publicam
398 1350 578 1419 Romanam
606 1361 794 1441 perpetuam
822 1372 894 1417 esse
920 1349 1050 1420 vellent
1094 1360 1164 1418 tum
1178 1360 1213 1415 (ο

61 1452 109 1520 Μ.
132 1453 278 1522 Curtium
298 1456 448 1523 iuvenem
477 1455 562 1524 bello
591 1454 753 1546 egregium
779 1453 950 1544 castigasse
978 1454 1084 1523 ierunt
1108 1453 1164 1521 du·

65 1557 213 1643 hiantes,
235 1584 277 1627 an
298 1561 401 1627 ullum
422 1561 523 1651 magis
538 1560 721 1630 Romanum
734 1560 856 1625 benum
877 1578 976 1649 quem
998 1580 1085 1624 arum
1107 1558 1165 1626 vir-

135 1735 214 1790 nuii:
232 1732 281 1790 ΡΜ
298 1733 357 1793 rell.
374 1733 402 1791 h.
418 1755 441 1793 e.
460 1754 521 1792 cnm
533 1755 581 1793 eex

134 1821 237 1901 tribuni
261 1818 317 1880 mil.
339 1821 467 1896 suffragiu
486 1821 581 1900 populi

134 1906 244 1976 fierent,
272 1909 331 1983 ipse
352 1907 386 1967 Τ.
403 1907 517 1967 Manlius
540 1930 581 1965 ee·

136 1993 253 2050 cundum
284 1993 373 2050 locum
403 2000 498 2054 tenuit.
538 1995 581 2057 Cf.

135 2085 170 2149 9,
189 2083 245 2140 30.:
276 2091 330 2148 „et
347 2080 400 2140 due
420 2085 531 2162 imperia
549 2104 581 2140 eo

135 2188 205 2224 anno
220 2169 300 2240 (113.
313 2170 346 2226 ab
359 2191 385 2229 u.
397 2175 436 2242 c.)
449 2170 508 2227 dari
521 2191 581 2234 coe·

133 2265 180 2332 pta
209 2275 259 2333 per
286 2256 432 2334 populum,
468 2268 581 2336 utreque

134 2345 294 2418 pertinentia
313 2345 349 2400 ed
359 2366 416 2402 rem
428 2346 580 2415 militarem,

135 2450 224 2488 uuumr
244 2442 274 2497 ut
304 2433 404 2488 tribuni
434 2433 490 2492 mil.
520 2436 579 2491 seni

135 2518 198 2575 deni
215 2521 244 2575 in
261 2537 289 2578 1r
306 2518 426 2595 lngionce
444 2542 459 2577 a
476 2519 579 2605 populo
618 2560 624 2601 ¹.

137 2616 307 2675 crearentur,
339 2627 408 2684 quae
437 2619 515 2665 autea
545 2639 579 2649 -

131 2712 278 2771 perquam
300 2688 404 2769 paucis
431 2697 579 2774 ruffragio

134 2780 239 2851 populi
262 2781 373 2837 relictis
395 2782 470 2837 lucie
488 2811 522 2821 -
541 2780 581 2836 di·

135 2873 268 2930 ctatorum
287 2876 314 2923 et
336 2866 476 2923 consulum
499 2867 583 2927 ferme

136 2951 243 3017 fuerent
255 2952 384 3009 beneficia
392 2958 419 3013 ⁶⁶.
427 2985 462 2994 -
474 2952 514 3011 M:
533 2956 582 3011 mi·

134 3037 262 3117 litiaeque
276 3041 282 3111 Ι
299 3039 583 3111 utadconciliendam.

138 3159 172 3171 ·-
190 3125 230 3186 M:
252 3129 422 3195 „iumentum
446 3131 583 3204 egisect“:

14 3248 17 3257 ·
136 3213 199 3273 dein
216 3214 319 3293 syllaba
336 3237 404 3299 men
421 3237 496 3273 crasa
515 3227 565 3276 eet.

83 3303 111 3361 7.
138 3304 261 3376 explere
266 3303 581 3380 potuieecsPliiHerl.r.

46 3406 48 3410 ·
137 3387 216 3446 Leid.
228 3409 245 3448 1.
265 3391 315 3462 ai]
334 3391 434 3468 expleri
452 3396 582 3470 potuisse.

720 1732 903 1805 scriberentur
909 1751 975 1788 cum
982 1750 1037 1805 pro
1048 1733 1166 1808 eequis·

723 1841 782 1897 que
789 1829 908 1899 gereret
921 1817 1079 1892 (,‚0bgleich
1093 1816 1167 1888 jeder

721 1929 753 1965 eo
772 1906 826 1964 viel
847 1927 878 1963 er
901 1906 1001 1963 konnte
1022 1904 1101 1960 dahel
1122 1904 1167 1958 be·

723 1993 837 2051 hfflssich
854 1996 961 2062 ΜΝ).
983 2024 1019 2034 -
1049 1988 1088 2047 Με
1107 2010 1169 2047 cum

723 2101 775 2161 pro
793 2100 824 2136 ee
842 2081 955 2156 quicque
967 2098 1036 2159 rege
1051 2081 1056 2149 Ι
1071 2089 1113 2135 ret
1124 2098 1167 2133 cx·

723 2167 798 2245 plere
817 2177 868 2225 cet.
880 2165 949 2242 -‘P
967 2187 1002 2225 m.
1023 2169 1063 2227 1.=
1081 2185 1167 2234 „cen-

721 2259 840 2329 ἰεο1ο“.,
856 2253 878 2310 P
895 2276 931 2314 m.
950 2256 976 2315 Μ.
993 2251 1034 2311 li:
1053 2254 1167 2322 „conie-

723 2355 768 2400 etu
786 2340 912 2401 tcriae“.-
924 2341 982 2398 sed
998 2344 1027 2399 in
1045 2341 1068 2399 P
1085 2341 1167 2401 verba

709 2422 755 2488 'ab
774 2453 828 2489 eeu
847 2451 908 2509 qua
921 2433 1048 2508 uinoque
1063 2430 1098 2487 ed
1109 2440 1168 2486 ter·-

721 2523 782 2587 νάε,
801 2539 870 2596 quae
887 2521 915 2574 in
928 2521 1029 2593 integra
1047 2521 1168 2574 oratione

721 2606 886 2673 exciderent,
915 2609 1017 2683 scripta
1044 2606 1169 2682 leguntur

679 2702 682 2707 '
721 2696 750 2749 in
767 2695 895 2766 margine.

669 2782 696 2837 8.
725 2800 783 2854 que
800 2780 961 2852 plurimum
976 2784 1032 2851 pi?
1051 2786 1167 2850 posset:

723 2865 758 2921 111.
788 2894 823 2909 -
859 2863 895 2917 P:
930 2870 973 2939 pi.
1003 2872 1103 2936 peeeet.
1133 2895 1167 2904 —

725 2949 832 3008 Deinde
857 2950 988 3022 scriptum
1015 2957 1058 3004 eet
1078 2950 1107 3006 in
1128 2948 1168 3017 M:

725 3039 803 3100 idem
821 3039 887 3110 illi}
903 3038 983 3107 loco,
1010 3045 1038 3092 ct
1052 3039 1122 3094 inter
1139 3058 1169 3095 m
1188 3112 1190 3114 Ι

724 3135 751 3183 et
769 3127 781 3182 ἰ
801 3125 912 3183 alterum
935 3145 964 3181 m
988 3145 1068 3202 supra
1092 3126 1168 3184 eddi·

706 3212 1245 3293 'tumest.-P1i1:srrempr0-1

722 3322 828 3358 manem
852 3280 1008 3380 peipetuam
1031 3320 1091 3356 esee
1112 3300 1168 3358 uel

721 3389 787 3446 lent.

102 3552 104 3558 Ι
140 3505 176 3518 -
195 3475 226 3533 Si
241 3479 300 3553 quie
313 3481 435 3553 explere
447 3480 584 3537 emendari
653 3479 696 3537 12.
722 3497 764 3535 an
781 3476 876 3532 ullum
892 3475 1168 3553 magieananum

136 3560 214 3632 nolit,
233 3565 258 3620 ei
267 3565 436 3621 scribendum
447 3586 506 3623 cese
515 3586 582 3622 con·

121 3653 245 3708 'rectum
262 3650 398 3711 Drakenb.
417 3662 517 3712 censet.
534 3650 583 3708 sed

138 3739 174 3795 erl
202 3741 331 3816 explere
351 3740 485 3814 potuisse
519 3759 583 3816 eup-

137 3826 266 3902 pleudum
294 3845 354 3882 esse
354 3815 511 3885 homines
540 3825 583 3883 vel

139 3915 307 3982 Ennianos,
326 3934 405 3970 nemo
423 3933 479 3970 non
495 3912 581 3970 videt:

140 4018 251 4078 eamque
267 4022 362 4059 vocem
380 4001 406 4060 h.
419 4000 438 4056 1.
456 4001 539 4058 scribi
549 4020 581 4056 eo

139 4088 227 4144 minue
239 4109 347 4146 necesse
359 4088 451 4158 fuisse,
463 4108 525 4167 erun
537 4088 581 4144 ad·
615 4142 618 4150 ,
643 4114 648 4122 ·

644 3578 647 3583 “
723 3565 831 3621 bonum
849 3572 912 3619 cet.:
930 3561 987 3624 ΡΜ,
1006 3562 1037 3619 ln
1051 3561 1080 3621 Μ
1097 3565 1168 3627 enim

722 3651 1168 3727 ecriptumprimoeralunullum‚

723 3738 773 3796 sed
791 3759 810 3793 a
828 3747 921 3815 postea
939 3760 1044 3798 erasum
1061 3750 1110 3800 cet.
1132 3771 1167 3783 ·-

724 3826 795 3886 Cum
821 3828 902 3902 igitur
926 3826 1043 3891 Romani
1072 3829 1168 3884 incerti

723 3911 877 3983 haererent,
895 3936 1011 3992 quonam
1030 3917 1101 3972 boue
1119 3934 1167 3987 po·

723 3999 803 4077 pulus
829 4002 863 4061 11.
889 4002 1033 4079 plurimum
1059 3993 1168 4070 valeret,

720 4090 867 4165 cesgigeeee
885 4089 983 4147 dicitur
1004 4090 1122 4149 incentor
1141 4099 1169 4149 et
