2618 4590
518 249 691 325 mmm
760 271 799 341 '.

1085 240 1152 311 449
1167 231 1170 236 ’

57 409 221 479 victoriam
243 410 327 478 male
349 409 566 501 perdidemnt,
595 394 674 476 ilum
696 412 750 480 vix
775 411 854 479 locis
876 413 991 502 quibus
1011 416 1171 507 viceram

55 516 196 598 credunt,
219 515 296 581 dum
318 540 521 607 quacumque
544 515 729 583 condicione
747 540 834 582 anna
849 516 922 585 viris
943 519 975 585 in
997 545 1083 587 anns
1098 546 1149 588 ns·
1256 517 1269 543 ³

54 620 93 686 tis
117 619 240 686 auferre
262 618 421 687 festinant.
459 645 513 704 an,
535 620 562 687 si
584 643 660 687 sana
682 643 773 687 mens
795 619 915 705 fuisset,
940 622 1067 690 difficile
1089 624 1150 692 illis

51 722 126 805 fuit,
150 724 226 789 dum
248 745 342 790 senes
364 723 404 790 ab
427 727 524 793 dom‘o
547 724 588 790 ad
609 723 854 792 consultandum
876 738 1056 811 accersunt,
1081 730 1150 796 mit·
1249 762 1256 774 ·

52 839 120 895 tere
142 828 279 895 Romam
301 828 439 918 legatos,
458 852 541 897 icum
563 839 677 895 senatu
705 850 779 893 cum
801 828 923 919 populo
946 830 987 897 de
1009 855 1089 921 pace
1111 854 1184 909 scs

52 933 181 1000 foedere
205 934 323 1022 agere?
344 970 388 984 —
409 934 502 1000 tridui
524 932 585 1000 iter
606 931 762 1021 expeditis
784 944 864 999 emt:
888 971 932 981 —
953 933 1036 1002 inter
1058 935 1150 1003 eain

50 1036 178 1104 indutiis
200 1060 251 1105 res
272 1037 400 1122 fuisset,
423 1039 526 1106 donee
549 1037 589 1102 ab
611 1036 715 1102 Roma
735 1035 831 1126 legati
853 1048 909 1104 aut
929 1037 1094 1107 victoriam
1113 1039 1150 1107 il·
1251 1042 1257 1051 “

49 1141 88 1206 lis
112 1153 231 1208 certam
253 1153 308 1210 aut
333 1165 448 1231 pacem
478 1142 651 1208 adferrent:
683 1165 721 1207 ea
748 1141 878 1207 demum
905 1138 1036 1232 sponsio
1065 1154 1151 1213 esset

49 1268 147 1333 quam
168 1246 280 1337 populi
300 1245 390 1314 iussu
411 1244 705 1338 spopondissemus·
743 1245 800 1312 scd
821 1269 927 1336 neque
944 1271 1005 1316 vos
1026 1247 1149 1316 tulisse·

118 1455 183 1513 dum
212 1476 379 1535 quacnmqus
408 1458 564 1517 conditione

116 1541 156 1612 (P
174 1563 209 1602 m.
228 1545 266 1603 Ἅι
285 1544 458 1615 condicione)
478 1536 565 1602 ovino

119 1632 195 1686 nisis
214 1632 245 1686 in
261 1651 348 1687 ormo
364 1632 564 1690 nassonem

119 1717 255 1776 festinant.
291 1718 335 1776 Cf.
356 1720 389 1786 6,
407 1720 463 1778 Ὧι
485 1738 563 1794 vege·

117 1814 175 1861 tum
197 1806 332 1879 ingenium
354 1808 383 1863 in
400 1806 492 1864 vivido
515 1827 562 1884 ps·

119 1902 194 1950 ctore
211 1892 325 1969 vigebat.
468 1887 471 1895 ’

64 1978 92 2035 3.
119 1998 160 2042 on
187 1981 217 2035 si
242 2000 320 2037 sano
346 2000 429 2037 mens
444 1980 562 2053 fnisset

116 2049 245 2140 inficio
263 2069 325 2124 ins
337 2068 404 2140 fun
426 2068 498 2124 sum
515 2089 560 2126 se·
609 2102 612 2111 ι

116 2164 171 2208 nes
188 2154 226 2210 ab
238 2153 326 2211 domo
339 2156 382 2212 od
392 2156 560 2211 consultan-

115 2239 188 2294 dum
205 2252 360 2298 accersunt
376 2245 490 2299 mittere
512 2262 559 2299 ro·

115 2345 194 2382 mom
211 2329 344 2406 legatos:
360 2329 391 2389 P.
409 2362 444 2372 -
466 2328 507 2387 M:
524 2348 559 2386 ιιι

115 2415 358 2474 ιὶειιιιοιιιῐιιίιειῐ.
367 2419 559 2477 m.3.:sissns

115 2521 199 2565 mens.
222 2534 256 2544 —
283 2502 323 2559 nl:
347 2504 412 2560 dum
428 2524 507 2569 senes
524 2504 558 2560 ab
601 2556 606 2564 ,

114 2586 205 2643 domo
222 2588 257 2643 ad
284 2588 489 2648 consultandum
515 2610 559 2650 ss·

116 2684 267 2734 censerunt.
297 2675 374 2734 Leid.
390 2695 408 2736 1.
429 2675 509 2737 Voss.
528 2696 558 2738 ιι.

116 2760 247 2837 multique
264 2759 311 2817 alii
328 2761 422 2819 codd:
440 2782 559 2819 accerse·

116 2857 189 2906 runt.
223 2845 290 2904 Lov.
313 2850 355 2906 d:
383 2859 560 2921 orcesserunt,

116 2932 161 2994 Cf.
179 2937 205 3002 7,
223 2936 280 2994 32:
299 2933 335 2990 od
352 2936 512 3003 accersenda
523 2969 558 2980 ·-

115 3021 221 3082 auxilia.
232 3053 264 3066 ·-
279 3021 324 3082 Cf.
336 3023 362 3084 2.
374 3025 432 3082 38.:
450 3034 477 3080 et
489 3023 559 3081 hone

116 3112 210 3168 urbem
221 3128 271 3167 vos
283 3129 338 3166 non
354 3110 473 3169 hostium
482 3111 560 3169 duci·

115 3199 160 3265 tis,
178 3197 224 3254 uhi
237 3199 267 3254 si
276 3217 357 3254 unum
369 3199 440 3254 diem
452 3202 562 3256 morosi

116 3284 231 3350 essetis,
249 3284 418 3341 moriendum
435 3288 560 3343 omnibns

111 3371 187 3443 fuit.
214 3372 241 3438 2,
261 3374 316 3428 10.:
341 3373 392 3427 itcr
409 3393 494 3449 paene
510 3373 559 3431 ho·

115 3460 202 3515 stibus
221 3455 297 3512 dedit
313 3459 343 3514 ni
359 3478 429 3515 unus
441 3461 483 3517 vir
495 3459 560 3518 fuis·

114 3554 164 3605 set.
183 3543 216 3604 al.
383 3535 387 3546 :

63 3636 90 3695 6.
116 3635 191 3690 inter
200 3652 237 3689 eo
248 3632 279 3687 in
291 3631 415 3688 indutiis
425 3629 562 3703 ressais·

84 3720 92 3737 ⁸
117 3730 178 3778 sst:
195 3718 225 3778 P.
236 3748 270 3761 -
288 3715 330 3773 M:
349 3721 503 3786 „inteream
519 3718 561 3775 in·

118 3807 204 3864 duciis
216 3822 259 3863 res
272 3804 398 3864 fuisset“.
417 3805 480 3861 hinc
492 3824 561 3864 reos.

118 3892 227 3969 quidam
240 3892 331 3951 codd:
343 3889 458 3951 ¹interim
475 3894 505 3949 in
521 3894 561 3949 in·

122 3979 210 4035 duciis
227 4001 271 4037 res
287 3979 390 4038 fuisset.

67 4066 94 4126 9.
119 4068 390 4143 spopondissemus.
408 4062 563 4128 Nsmreste

71 4170 100 4217 Τ.
113 4170 166 4219 Livi
179 4185 230 4232 pm
243 4170 276 4218 11.

704 1455 814 1513 fecerim
832 1467 862 1514 ιιι
879 1456 931 1514 hoc
943 1456 1003 1515 loco
1015 1457 1149 1536 pauloque

704 1553 768 1619 post
785 1545 1048 1619 spopondissemus
1065 1547 1149 1604 scribi

704 1631 822 1686 iuberem
845 1630 946 1688 nescio.
981 1651 1043 1688 nom
1069 1651 1149 1709 quem

703 1718 739 1775 sd
764 1716 874 1785 modum
901 1736 981 1794 supra
1004 1720 1034 1775 in
1057 1716 1080 1785 P
1103 1721 1149 1788 „si

703 1804 946 1879 spondissemus“‚
984 1803 1069 1869 indi
1103 1806 1150 1873 „si

647 1955 650 1960 ,
704 1892 914 1969 spondisemus“
932 1892 1092 1967 invenimus,
1109 1894 1151 1946 sic

701 1977 756 2049 hoc
791 1978 851 2036 loco
888 1980 917 2034 in
948 1975 971 2035 Ρ
1000 1978 1150 2059 reperimus

703 2080 806 2140 „quom
822 2064 918 2144 populi
938 2066 1015 2122 iussu
1037 2063 1148 2141 spondi·

702 2171 792 2207 semus
810 2152 859 2223 sed
877 2172 964 2228 neque
982 2171 1031 2208 uos
1043 2150 1149 2208 tulisse·

702 2240 738 2293 tis
754 2259 806 2295 nec
819 2259 869 2296 nos
881 2238 1102 2314 spondisemus“‚
1120 2239 1149 2293 in

700 2323 728 2381 Μ
741 2324 833 2396 (Leid.
845 2325 974 2386 1.,L0v.s.
984 2323 1035 2394 ol.)
1046 2344 1149 2402 „spon-

701 2411 835 2470 dissemus
854 2444 886 2457 -·
909 2412 1149 2489 spondissemus“:

701 2509 729 2554 et
752 2508 783 2555 ut
799 2500 832 2568 6,
850 2502 894 2559 ln.
916 2500 1080 2570 (occiserit)
1104 2497 1149 2554 Li-

701 2586 775 2643 vium
807 2588 835 2642 in
865 2587 956 2643 verbis
989 2585 1149 2662 quibusdam

701 2675 859 2744 compositis
886 2672 968 2730 modo
998 2671 1148 2750 reduplica-

701 2760 775 2813 tione
796 2777 874 2814 usum
899 2777 958 2814 esse
982 2757 1064 2813 modo
1091 2777 1149 2813 eam

702 2842 851 2918 neglexisse
869 2843 995 2911 vidimus,
1013 2845 1054 2898 sic
1068 2846 1149 2900 etiam

702 2951 774 2986 nunc
792 2931 940 3006 spopondi
956 2949 1028 2987 nunc
1040 2929 1150 3004 spondi

701 3014 748 3074 ille
757 3019 900 3094 scripsisse
911 3027 1009 3096 potest.
1026 3016 1148 3094 hucper-

702 3107 770 3161 tinet
792 3107 865 3184 qnod
886 3105 981 3162 Festus
1005 3107 1033 3161 in
1056 3124 1148 3182 precs·
1261 3142 1266 3160 ι

701 3194 776 3248 tione
794 3192 912 3266 augurali
934 3194 1052 3268 sponsis
1076 3192 1148 3248 bens

701 3299 752 3357 pro
783 3280 980 3354 spoponderis
1010 3281 1148 3334 inventum

702 3385 762 3421 esse
785 3365 868 3422 tradit
891 3376 917 3420 et
940 3364 1013 3442 qnod
1031 3365 1064 3421 sb
1082 3359 1147 3420 Ter·

704 3450 762 3510 tull.
775 3452 836 3511 sdv.
848 3451 929 3510 Marc.
941 3455 1040 3521 3‚135.
1057 3471 1147 3529 „quse

703 3538 849 3614 sponderat
867 3540 956 3595 omnia
974 3538 1060 3596 fecit“
1081 3538 1147 3596 scri·

703 3636 778 3704 ptum
791 3637 839 3703 est.
857 3625 906 3682 sed
919 3646 981 3683 cnm
992 3628 1072 3682 eiiam
1087 3625 1148 3682 fieri

701 3716 821 3791 potuerit
838 3723 867 3770 ut
885 3713 997 3770 duarum
1018 3713 1147 3771 similium

702 3799 864 3874 syliabarum
883 3798 963 3856 altera
981 3800 1014 3856 sb
1029 3798 1147 3856 librariis

703 3885 1147 3964 spudLiviumneglegentsrprss·

674 4003 677 4008 ·
704 3976 903 4042 termitteretur,
915 3976 945 4030 in
960 3982 1065 4049 recepta
1080 3975 1158 4031 sori·-

704 4070 782 4140 ptum
791 4061 860 4122 nihil
868 4068 971 4122 mutare
979 4061 1147 4136 sosisnmns.

900 4140 944 4218 29
