2618 4590
532 273 640 334 LIBER
657 274 704 337 tx.

1100 250 1169 327 509

66 437 155 522 inde,
177 462 253 506 eum
275 461 416 528 quonam
437 437 536 505 modo
559 435 591 504 id
612 447 828 530 praestaturus
850 449 936 505 esset
960 444 1166 529 percunctan-

67 555 116 611 tes
138 544 277 629 doceret,
299 543 384 610 haud
398 567 480 612 vana
495 543 618 610 adlerrc
634 543 781 634 perpulit,
801 566 903 633 prope
919 542 1064 612 adiuncta
1079 564 1166 610 moe·

65 649 159 715 nibus
176 649 321 716 Romana
344 659 445 716 castra
467 659 583 738 uttscx
605 648 690 715 milia
714 648 754 714 ab
770 647 889 737 oppido
911 658 1165 715 removerentur:

66 754 194 821 forent
209 733 320 833 ‘nus
342 753 482 819 intentae
503 752 536 818 in
559 753 736 820 custodiam
758 752 846 818 urbis
862 753 991 819 diurnae
1013 750 1165 819 stationes

66 884 104 925 ac
126 871 300 925 nocturnae
319 858 443 947 vigiliae
465 869 581 924 essent.
618 857 687 948 ipse
709 859 887 946 insequenti
909 869 1004 925 nocte
1027 857 1087 947 sub¹
1109 877 1195 946 op-5

65 964 141 1053 pido
164 961 358 1029 silvestribus
380 960 460 1029 locis
482 961 666 1029 cohortibus
687 962 832 1028 insedere
854 963 946 1029 iussis
975 963 1088 1029 decem
1109 961 1165 1027 mi-

66 1068 137 1134 lites
161 1067 303 1133 delectos
325 1089 436 1132 secum
457 1090 515 1156 per
537 1067 633 1133 ardua
656 1091 694 1134 ae
716 1090 817 1156 prope
833 1067 917 1134 invia
938 1068 971 1132 in
988 1058 1095 1134 arcem
1110 1067 1165 1133 du-

65 1173 107 1239 cit
130 1171 272 1262 pluribus
296 1195 393 1261 quam
415 1195 474 1261 pro
503 1195 637 1238 numero
660 1172 800 1238 virorum
827 1171 999 1238 missilibus
1026 1174 1098 1241 telis
1122 1196 1164 1239 co

64 1277 212 1344 conlatis:
246 1276 285 1342 ad
314 1274 378 1341 hoc
407 1298 484 1341 saxa
518 1287 608 1343 erant
636 1286 669 1341 et
696 1287 817 1342 temere
838 1276 980 1360 iacentia,
1008 1289 1044 1343 ut
1070 1277 1107 1344 fit
1130 1276 1165 1342 in

64 1382 208 1472 aspretis
231 1392 264 1473 el
286 1380 325 1453 de
347 1379 498 1447 industria
522 1382 618 1447 etiam
639 1403 704 1469 quo
727 1380 819 1467 locus
834 1381 929 1447 tutior
944 1392 1030 1449 esset
1052 1382 1091 1448 ab
1108 1406 1163 1473 op·
1177 1396 1213 1450 10

62 1488 185 1578 pidanis
208 1497 369 1574 congesta.
408 1486 560 1551 obicum
582 1483 797 1551 constituisset
819 1485 982 1554 Romanos
1006 1488 1164 1554 semitam

61 1618 126 1682 que
150 1603 316 1682 angustam
339 1603 372 1658 et
394 1592 526 1657 arduam
540 1600 679 1656 erectam
694 1613 735 1654 cx
752 1590 871 1679 oppido
885 1591 919 1655 in
935 1615 1042 1657 arcem
1061 1603 1166 1658 osten-

62 1698 170 1779 disset,
191 1695 280 1778 „hoe
303 1695 432 1785 quidem
453 1700 610 1762 ascensu“
632 1693 735 1782 inquit
755 1695 911 1776 „veltres
927 1697 1038 1762 armati
1055 1721 1163 1786 quam-

60 1802 141 1868 libet
151 1799 387 1868 multitudinem
396 1799 567 1868 areucrint:
578 1821 638 1866 vos
653 1809 687 1864 et
701 1800 812 1865 decem
827 1823 961 1867 numero
978 1812 1010 1867 et
1020 1838 1064 1848 -
1075 1802 1164 1890 quod

59 1908 135 1996 plus
156 1917 206 1974 cst
227 1944 272 1955 -
293 1905 429 1971 Romani
448 1905 732 1994 Romanorumque
755 1903 915 1970 fortissimi
937 1905 995 1972 viri
1017 1903 1108 1971 estis:
1131 1914 1211 1970 etas

60 2012 153 2079 locus
176 2035 234 2102 pro
257 2008 349 2077 vobis
372 2021 405 2077 et
426 2033 492 2076 nox
515 2007 574 2075 erit
595 2033 678 2098 quae
701 2009 806 2075 omnia
831 2033 872 2076 ex
900 2010 1020 2076 incerto
1043 2009 1163 2075 maiora

76 2203 104 2259 6.
131 2200 302 2258 cohortibus
314 2202 452 2259 insedere
467 2202 577 2258 iussis:

129 2287 179 2344 ΡΜ
205 2286 282 2347 Leid.
302 2309 320 2347 r.
342 2287 392 2362 al.]
420 2287 577 2345 cohortibus

130 2375 250 2431 insidere
267 2377 358 2436 iussis.
370 2405 404 2417 -
416 2374 577 2444 „Nacbdcm

130 2480 160 2516 er
181 2458 302 2535 verlangt
327 2462 390 2519 dass
412 2465 499 2538 einigs
522 2460 573 2519 Co·

131 2546 228 2602 horton
263 2549 293 2604 in
323 2548 375 2607 den
406 2549 578 2626 Waldungen

131 2633 208 2689 dicht
229 2634 274 2690 bei
295 2635 345 2692 der
363 2637 443 2694 Stadt
464 2640 501 2694 im
515 2639 576 2694 ·An-

130 2720 239 2794 sublege
248 2721 334 2797 liegen
343 2722 473 2784 sollten“.
487 2725 576 2798 Quem

130 2807 166 2863 ad
187 2808 298 2865 modum
320 2819 348 2866 et
371 2812 511 2888 intellego
533 2813 576 2877 (9,

132 2897 191 2964 18.)
213 2904 241 2951 et
263 2898 398 2976 intelligo
417 2896 464 2966 al,
491 2898 578 2953 sicet

114 3016 117 3023 -
131 2983 262 3040 insidere
272 2992 300 3039 et
312 2985 448 3042 insedere
465 2982 499 3042 cl.
511 2984 576 3039 seri·

129 3065 243 3121 bebatur
260 3072 288 3121 in
307 3072 396 3129 verbis
419 3092 453 3128 cx
469 3071 577 3129 sede‘rc

131 3154 297 3228 compositis.
330 3156 363 3214 cl'.
382 3161 409 3224 7,
425 3159 484 3216 88.:
506 3160 576 3214 inse·

131 3241 239 3296 dentem
255 3240 351 3301 labem.
381 3247 412 3312 9,
431 3247 488 3304 ss:
510 3246 576 3302 insi-

131 3328 214 3385 deret.
240 3359 275 3370 -
303 3328 336 3384 P:
354 3328 476 3408 pluribus
494 3353 575 3409 quam

129 3434 180 3489 pro
197 3435 308 3471 numero
327 3420 446 3474 uirorum
466 3419 575 3476 missili-

131 3503 183 3558 bus
194 3501 256 3559 telis
269 3523 300 3558 co
313 3503 435 3564 conlatis.
453 3503 496 3562 lll:
513 3515 575 3576 „te-

128 3589 164 3646 lis
175 3609 207 3645 eo
220 3588 391 3648 collocatis“.
409 3592 515 3649 videtur
527 3594 575 3649 do-

129 3687 189 3733 etus
207 3675 316 3753 quidam
336 3676 464 3735 librarius
485 3680 576 3755 collo-

129 3765 204 3818 catis
222 3766 364 3840 scripsisse
386 3774 416 3820 ut
433 3767 507 3822 cives
524 3765 576 3823 So·

128 3851 189 3906 runi
207 3850 261 3926 ipsi
278 3853 369 3926 priore
388 3859 509 3929 ternpore
529 3851 575 3909 illa

128 3937 181 3992 tela
199 3939 229 3992 iu
251 3957 313 3993 aree
336 3935 481 3995 collocasse
498 3949 575 4015 puts·

129 4031 238 4092 rentur,
273 4025 347 4101 quod
380 4046 490 4083 cernere
518 4046 575 4085 non

127 4119 228 4187 posset,
244 4112 292 4190 qui
309 4110 356 4174 ille
368 4113 505 4192 hamingo
515 4122 573 4171 tan·

719 2210 776 2256 tum
786 2200 899 2257 telorum
909 2220 1164 2258 nnmerumcocon-

718 2287 788 2343 lene
805 2292 945 2365 potuisset,
965 2288 1064 2345 Sorani
1075 2297 1164 2344 tamen

718 2374 845 2432 videntur
862 2379 980 2432 exercitu
992 2396 1104 2432 romano
1122 2395 1163 2431 rc·

718 2473 793 2519 moto
822 2484 902 2540 quam
931 2465 1046 2521 maxima
1074 2482 1164 2520 esrum

718 2569 826 2607 suarum
835 2549 933 2607 fiducia
944 2551 1036 2620 luisse,
1045 2560 1075 2609 ut
1083 2553 1164 2607 etiam

717 2635 830 2704 milites,
859 2639 952 2713 quiin
971 2658 1032 2693 arec
1050 2637 1164 2705 lucrant,

718 2724 753 2778 ad
772 2743 836 2779 suos
858 2724 1022 2780 descendere
1044 2724 1079 2780 ad
1096 2733 1163 2781 tcm-

718 2829 769 2885 pus
787 2820 950 2884 paterentur.
975 2813 1017 2866 sic
1039 2811 1098 2868 ficri
1115 2831 1163 2888 po-

717 2898 770 2951 tuit
787 2905 818 2952 ut
836 2898 960 2955 omnibus
972 2899 1065 2954 insciis
1082 2900 1110 2953 in
1122 2917 1163 2954 ar-

719 3003 776 3039 cem
800 2995 827 3040 et
848 2984 900 3040 tela
923 2984 1036 3042 missilia
1058 2984 1163 3041 conlcr·
1255 3043 1258 3051 ,
1280 3008 1284 3021 ·

718 3079 812 3127 rentur
828 3081 856 3128 et
873 3072 972 3131 milites
993 3075 1096 3132 romani
1114 3072 1163 3130 du-

717 3169 850 3220 ceremur.

664 3283 691 3341 9.
719 3284 763 3338 ad
779 3283 835 3339 doc
853 3283 1096 3353 („ausserdcm“):
1115 3281 1165 3339 ΡΜ

718 3369 766 3441 al.]
787 3369 821 3424 ad
843 3371 960 3428 hacc-
979 3370 1017 3426 lll:
1037 3370 1164 3438 „adhoc
1255 3437 1257 3444 Ι

718 3464 880 3514 suxerant“:
898 3457 926 3516 h.
937 3478 961 3517 e.
980 3468 1128 3517 sasacraut.

649 3568 692 3626 11.
720 3569 771 3624 oti
781 3588 847 3625 cum
858 3571 1060 3626 constituisset
1067 3587 1164 3625 roma·

719 3675 791 3712 nos:
810 3656 831 3711 P
848 3676 883 3714 m.
902 3654 1059 3714 2.1t1.-P
1076 3657 1163 3712 m.1.:

719 3743 766 3798 ubi
784 3745 932 3799 astituissct
949 3759 1084 3796 romanos.

649 3853 692 3912 15.
717 3861 748 3909 ct
767 3853 853 3909 locus
872 3871 929 3927 pro
948 3852 1033 3907 uobis
1054 3858 1084 3906 et
1100 3869 1165 3906 nox

716 3940 775 3997 erit
791 3959 870 4014 quae
882 3940 982 3995 omnia
994 3957 1036 3994 ccc
1051 3939 1163 3993 incerto

715 4024 962 4083 maiora'territis
981 4032 1123 4082 osterum
1141 4022 1164 4079 Ρ

644 4146 647 4151 ·
714 4132 752 4175 ιι.
763 4116 790 4176 2.
801 4112 880 4175 ld·
894 4114 964 4175 l'm.
978 4115 1018 4175 1.=
1029 4110 1162 4171 ostendat.
