2618 4590
171 214 239 283 252
492 234 495 250 ·
596 198 740 284 'nmen
756 224 816 286 vn.

146 470 149 479 ἱ
174 391 260 458 eiore
280 391 373 461 hoste
395 387 586 472 conflictum,
609 399 642 457 et
663 389 830 474 Samnites,
854 414 928 457 cum
950 400 1157 480 quaereretur
1179 415 1270 483 quae-

174 520 249 565 nam
269 497 371 586 prima
393 516 488 561 eausa
510 504 576 560 tam
598 493 773 562 obstinatos
795 495 949 561 movisset
969 495 1002 560 in
1018 495 1136 584 fugam,
1160 497 1268 564 oculos

175 600 235 666 sibi
256 600 474 667 Romanorum
496 598 606 665 ardere
628 599 714 666 visos
737 600 863 667 aiebant
884 623 1085 690 vesanosque
1111 601 1220 668 uultus
1242 612 1272 668 et

174 706 308 773 furentia
331 729 402 772 ora:
424 703 498 770 inde
520 703 592 793 plus
616 729 713 793 quam
736 730 778 772 ex
800 706 860 771 alia
877 705 942 772 ulla
956 730 991 772 re
1007 706 1134 772 terroris
1152 717 1270 772 ortum:

143 827 161 882 5
175 835 274 902 quem
294 821 451 878 terrorem
472 832 538 876 non
559 832 684 899 pugnae
707 810 813 877 solum
828 822 945 878 eventu
960 811 1018 877 sed
1032 821 1187 879 noctuma
1204 836 1272 901 pro·

172 915 311 984 tectione
340 913 478 984 confessi
505 925 588 980 sunt.
626 925 756 1003 postero
785 915 835 981 dic
857 916 965 982 vacuis
993 915 1136 981 hostimn
1164 916 1272 982 castris

171 1021 336 1089 Romanus
357 1021 486 1113 potitur,
508 1042 574 1109 quo
597 1043 632 1086 se
648 1020 751 1087 omnis
767 1019 1005 1110 Campanorum
1021 1020 1193 1088 multitudo
1210 1045 1273 1112 gra-

171 1125 344 1194 tulabunda
367 1125 487 1192 effudit.

258 1231 408 1300 XXXIV.
454 1229 606 1297 Ceterum
633 1229 697 1298 hoc
724 1231 875 1321 gaudium
902 1254 1017 1320 magna
1046 1254 1148 1321 prope
1184 1230 1274 1297 clade

125 1337 205 1405 1oin
227 1337 359 1403 Samnio
385 1335 550 1403 foedatum
578 1345 637 1402 est.
674 1359 751 1402 nam
780 1337 819 1402 ab
842 1335 982 1404 Saticula
1012 1336 1175 1424 profectus
1198 1335 1275 1402 Cor-

168 1441 271 1508 nelius
294 1441 407 1508 consul
435 1441 611 1508 exercitum
639 1439 766 1507 incaute
788 1441 821 1507 in
843 1442 960 1509 saltum
988 1464 1065 1509 cava
1094 1441 1179 1508 valle
1206 1465 1277 1530 per-

168 1546 257 1613 vium
278 1546 426 1637 circaque
448 1546 606 1614 insessum
628 1547 669 1613 ab
691 1546 785 1614 hoste
806 1545 943 1629 induxit,
971 1570 1032 1613 nec
1059 1545 1147 1634 prius
1175 1569 1277 1635 quam

166 1651 264 1742 recipi
285 1662 355 1719 tuto
383 1651 472 1742 signa
499 1674 566 1718 non
594 1662 759 1742 poterant,
790 1649 996 1718 inminentem
1025 1651 1118 1740 capiti
1143 1650 1277 1717 hostem

167 1752 255 1827 vidit.
294 1756 371 1823 dum
393 1755 427 1822 id
454 1779 564 1824 morae
587 1757 782 1825 Samnitibus
811 1768 860 1823 est
887 1757 995 1846 quoad
1022 1767 1126 1823 totum
1153 1755 1187 1821 in
1209 1755 1276 1823 val-

33 1927 52 1957 t,
121 1858 156 1928 15
168 1861 234 1931 lem
255 1862 399 1929 infimam
423 1862 605 1929 demitteret
627 1887 749 1952 agmen,
771 1861 808 1929 P.
825 1861 945 1931 Decius
967 1860 1112 1930 tribunus
1135 1860 1278 1929 militum

167 1968 323 2057 conspicit
344 1992 445 2033 unum
468 1966 590 2037 editum
611 1966 644 2034 in
666 1968 751 2033 saltu
773 1965 891 2033 collem
905 1965 1115 2033 inminentem
1129 1964 1277 2032 hostium

167 2073 292 2156 eastris,
315 2073 402 2140 aditu
424 2070 560 2139 arduum
581 2069 723 2159 inpedito
747 2069 877 2160 agmini,
906 2070 1061 2160 expeditis
1083 2070 1171 2137 haud
1194 2069 1277 2135 diffi-

166 2177 271 2245 cilem.
319 2176 430 2267 itaque
464 2175 588 2245 consuti
621 2175 732 2245 territo
760 2175 856 2243 animi
889 2175 1043 2258 „videsne
1077 2180 1136 2243 tu“
1168 2172 1276 2262 inquit

237 2351 297 2390 eum
314 2332 489 2409 pertinatiore
502 2342 552 2391 cet.
566 2366 600 2378 κ·-
611 2332 634 2389 Ρ
646 2353 680 2391 m.

235 2422 275 2478 1.=
307 2438 366 2475 cum
394 2429 567 2495 quaereretur
594 2429 681 2498 nequi

825 2332 957 2390 cornelius
968 2340 1023 2390 cos.
1034 2331 1152 2386 exercito
1161 2332 1234 2386 couti
1243 2330 1275 2386 in

822 2421 892 2478 saltu
911 2440 975 2476 caua
987 2418 1056 2475 ualle
1066 2419 1190 2496 peruium
1204 2427 1257 2472 cet.

232 2509 319 2586 prima
339 2523 419 2563 eausa
438 2516 487 2563 cet.
506 2507 528 2564 P
546 2529 582 2568 m.
599 2512 625 2568 9.
640 2509 680 2566 M:
753 2510 796 2570 1⁴.
821 2510 894 2565 dum
913 2509 946 2564 id
967 2526 1069 2563 morae
1086 2505 1274 2564 Samnitibus

233 2599 679 2674 cumquacrereturquaenampri·

232 2702 274 2738 ma
302 2702 382 2738 causa
401 2691 451 2741 cet.
479 2714 514 2726 -
542 2681 677 2744 Pm.1.:

232 2770 329 2828 aiebat.
366 2801 400 2814 -
434 2769 478 2827 M:
512 2790 680 2847 uesanosque

213 2856 322 2935 ‚uultus
340 2866 367 2914 et
384 2857 533 2914 furentiora
552 2856 615 2913 inde
628 2867 679 2919 eet.

230 2976 267 2992 -ι
283 2945 365 3007 Rece.
378 2945 473 3004 coritis
491 2944 544 3002 ulla
563 2944 615 3002 alia
632 2966 669 3005 re.

176 3080 203 3138 6.
230 3080 366 3150 confessi
391 3086 475 3133 sunt:
502 3076 551 3133 PM
578 3074 612 3136 el.
643 3108 677 3117 -

230 3165 297 3224 Patr.
323 3167 348 3223 1.
369 3166 395 3222 3.
416 3163 493 3219 Voss.
512 3183 538 3221 n.
561 3163 610 3220 at:
639 3174 677 3220 te·

228 3254 293 3311 stati
302 3259 417 3311 suut-
426 3250 466 3312 M:
476 3252 569 3311 uacuis
578 3252 677 3307 ostium

199 3386 202 3403 .
229 3342 335 3400 castris.

159 3473 202 3529 10.
230 3473 260 3527 in
272 3470 411 3529 Somnio:
429 3469 461 3530 P.
476 3504 511 3516 -
529 3471 570 3527 M:
588 3471 616 3526 in
634 3491 676 3527 sa-

227 3560 283 3617 nio.
307 3590 343 3602 -
369 3559 405 3615 P:
431 3579 493 3614 nam
511 3559 544 3614 ab
563 3558 676 3614 saticula

227 3645 364 3719 profectus
383 3646 518 3702 cornelius
530 3652 586 3706 cos.
600 3667 675 3702 exer-

229 3733 283 3787 citu
308 3735 414 3789 incaute
436 3736 465 3788 in
489 3733 587 3792 saltum
610 3755 675 3790 caua

228 3813 298 3870 uelle
315 3823 367 3885 (m,
385 3823 425 3878 Ἅι
442 3820 530 3891 ualle)
550 3824 676 3899 peruium

226 3905 351 3980 circaque
378 3906 510 3962 insessum
535 3910 568 3964 ob
596 3909 675 3964 hoste

225 3991 340 4051 induxit.
354 4024 387 4035 -
406 3991 446 4049 M:
465 4015 527 4051 nam
546 3997 579 4051 ab
597 3998 674 4053 satri·

226 4079 284 4137 cula
313 4080 373 4151 (cii
395 4084 431 4167 7,
447 4083 508 4152 32.)
535 4083 674 4162 profectus

822 2606 870 2654 est
887 2595 990 2672 quood
1000 2602 1093 2650 totum
1109 2594 1140 2648 in
1158 2594 1273 2648 uallem

821 2685 955 2760 infimam
971 2683 1136 2738 demitteret
1146 2699 1272 2759 egerem

820 2771 852 2830 P.
870 2801 906 2814 ··-
927 2769 967 2826 M:
987 2768 1099 2825 dumio
1118 2786 1271 2824 moreesa·

821 2858 927 2916 mnitib.
946 2877 999 2933 (pro
1018 2856 1053 2911 ad
1066 2865 1154 2912 totum
1170 2857 1200 2910 in
1213 2853 1270 2911 ual-

818 2943 1155 3003 leminfimamdemitteret
1164 2962 1269 3019 agmen.

820 3032 897 3091 Leid.
910 3053 928 3089 1.
948 3032 993 3090 at:
1013 3030 1167 3089 dimitteret.
1189 3030 1211 3090 Ι.
1224 3029 1268 3090 Fr.

818 3120 904 3179 Gron.
924 3113 1111 3175 demitterent
1128 3119 1206 3186 (sivo
1221 3118 1270 3174 Sa·

819 3210 917 3264 mnites
944 3209 1001 3263 sire
1024 3207 1157 3277 Romani)
1184 3207 1270 3264 scribi

819 3295 947 3362 malebat,
975 3295 1023 3350 sed
1046 3297 1075 3351 in
1100 3295 1271 3351 demitteret

819 3385 891 3439 inest
909 3381 1051 3439 Cornelius
1068 3402 1146 3441 cons.

749 3474 792 3530 15.
818 3469 853 3528 P.
866 3472 977 3526 Decius
995 3481 1032 3528 tr.
1045 3472 1105 3528 mil.
1123 3470 1270 3544 conspicit

819 3579 910 3615 unum
919 3559 1030 3614 editum
1044 3560 1073 3614 in
1082 3559 1197 3613 saltum
1208 3555 1268 3611 col-

818 3645 1268 3721 leminminentemleostiumca·

818 3738 908 3792 stris:
927 3733 987 3788 PM:
1005 3733 1153 3808 eodemque
1164 3729 1267 3785 mendo

816 3821 858 3879 M:
894 3821 970 3877 aditu
1000 3820 1111 3875 arduum
1146 3817 1271 3894 inpediti

817 3910 923 3982 agmini.
943 3907 979 3962 P:
998 3907 1080 3963 aditu.
1096 3934 1130 3948 -·
1148 3903 1228 3964 Leid.
1248 3926 1266 3966 r.

816 3995 895 4054 Voss.
905 4015 930 4052 u.
949 3993 998 4053 at:
1014 3992 1044 4051 P.
1063 3992 1165 4048 Decius
1178 4001 1214 4053 tr.
1227 3994 1267 4068 pi.

746 4088 788 4143 18.
816 4084 918 4159 itnqem
929 4080 1156 4138 consuliterrito
1169 4083 1281 4141 aninre’.
