2618 4590
130 208 198 280 672
603 218 765 285 LIBER&

30 468 35 482 ,
132 387 351 479 pervenirent,
379 380 524 455 Senones
545 384 628 455 Galli
655 385 855 455 multitudine
884 384 1024 478 ingenti
1049 380 1094 452 ad
1116 382 1219 453 clun

131 503 289 560 venemnt
316 491 476 582 legionem
503 489 682 571 Romanam
709 503 876 580 castraque
912 490 1157 582 oppugnaturi.
1185 490 1219 556 Sti
1236 500 1258 525 “·

131 595 204 688 pio,
225 597 280 686 qui
302 597 412 664 castris
434 605 593 687 praeerat,
621 595 695 663 loco
718 595 934 662 adiuvandam
959 594 1220 685 paucitatcmsu

131 724 204 767 rum
224 701 362 768 militum
382 713 469 768 ratus
483 700 516 766 in
531 698 657 782 collem,
679 697 734 790 qui
750 699 831 765 inter
845 699 970 766 urbem
995 710 1036 766 et
1061 710 1165 767 castra
1177 709 1219 778 cot

102 806 233 877 taciem
256 807 371 874 erexit:
409 805 468 873 sed
488 815 526 871 ut
546 804 578 870 in
606 826 640 870 re
663 803 766 870 subita
787 822 901 892 parum
936 803 1129 895 explorato
1149 802 1220 871 itiner

131 909 171 975 ad
192 910 302 1000 iugum
323 908 472 1001 perrexit,
495 909 582 998 quod
596 908 706 975 hostes
722 919 873 998 ceperant
895 919 998 998 parte
1016 907 1087 975 alia
1104 907 1220 999 adgreaa'r

129 1013 174 1080 ite
196 1036 289 1081 caesa
312 1015 352 1080 ab
376 1026 465 1104 tergo
488 1012 570 1101 legio
594 1024 690 1102 atque
711 1013 745 1079 in
765 1012 889 1095 medio,
916 1037 1006 1079 cum
1040 1012 1152 1080 hostis
1169 1011 1221 1078 ml

132 1142 197 1209 quc
218 1129 354 1209 urgeret,
377 1118 601 1184 circumventa.
635 1118 775 1185 deletam
796 1140 929 1207 quoque
955 1117 1006 1182 ibi
1032 1116 1221 1207 legionemita

129 1232 167 1289 ut
187 1223 315 1289 nuntius
335 1245 402 1287 non
424 1231 606 1310 superesset
628 1221 757 1311 quidam
779 1232 927 1288 auctores
953 1232 1058 1304 sunt,
1097 1244 1161 1289 uec
1181 1230 1223 1286 nt

85 1344 121 1401 ιο
134 1326 173 1392 ad
196 1324 353 1403 consuler,
376 1325 432 1416 qui
453 1325 517 1391 iarn
538 1324 624 1392 haud
646 1325 759 1415 procul
782 1324 927 1392 aClusio
954 1325 1118 1410 aberant,
1140 1326 1224 1393 famu

130 1429 199 1496 eins
221 1429 319 1496 cladis
336 1429 496 1520 perlatam
510 1453 608 1520 quam
621 1430 655 1496 in
669 1441 845 1526 conspectu
859 1428 953 1496 lucre
972 1429 1160 1498 Gallorum
1172 1429 1226 1520 eqni

129 1544 180 1601 tes
201 1534 385 1624 pectoribus
407 1557 564 1626 equomm
586 1556 741 1623 suspensa
762 1545 924 1624 gestantes
939 1535 1063 1624 capita
1080 1545 1118 1602 et
1140 1533 1227 1602 lancc'a

129 1636 226 1705 infixa
249 1650 446 1729 ovantesque
467 1638 564 1706 moris
579 1638 629 1704 sui
643 1639 792 1706 carmine.
814 1648 889 1706 sunt
903 1638 965 1728 qui
984 1638 1146 1710 Umbros
1160 1639 1229 1706 fuis

129 1765 196 1810 non
218 1743 328 1811 Gallos
350 1744 474 1811 tradant
495 1766 556 1810 nec
577 1753 702 1811 tantum
723 1743 822 1811 cladis
843 1754 1036 1832 acceptum,
1067 1755 1106 1812 et
1129 1743 1250 1847 circum

199 1889 226 1948 ll
249 1912 284 1950 m.
308 1892 334 1951 3.
352 1889 388 1948 P:
411 1889 581 1950 multitudine
603 1892 643 1949 in·

202 1981 283 2053 genti.
313 1978 393 2039 llm.
412 1983 450 2039 l.r
472 1979 644 2037 multitudine

201 2069 283 2143 genti.
305 2098 340 2108 -
365 2068 387 2125 P
406 2088 440 2127 m.
459 2069 485 2126 2.
503 2066 542 2124 ll:
562 2067 643 2142 legio·

198 2173 260 2211 nem
278 2175 415 2212 romanam
439 2164 577 2230 castraque
595 2175 643 2230 op·

197 2244 348 2316 pugnaturi.
366 2242 388 2297 P
405 2263 440 2298 m.
461 2248 500 2300 1.:
518 2251 642 2297 castram-

199 2347 259 2401 que.
271 2327 347 2384 Leid.
358 2347 374 2383 r.
387 2326 451 2384 Pall.
466 2331 489 2381 1.
502 2329 527 2384 3.
539 2325 605 2384 Lov.
617 2329 642 2384 l.

202 2411 248 2469 al:
268 2422 457 2486 oppugnatum.

119 2521 120 2525 ¹
145 2500 173 2557 l.
199 2499 230 2554 iu
247 2498 352 2553 collem
371 2500 424 2572 qui
448 2500 523 2554 inter
541 2500 642 2556 urbem

199 2594 229 2641 et
251 2593 351 2641 caetra
374 2593 439 2640 erat
459 2587 553 2642 aciem
580 2606 641 2643 ere·

200 2674 262 2728 xit:
281 2671 340 2730 cod.
358 2671 431 2731 Port.
454 2672 485 2728 ln
503 2671 551 2729 ΡΜ
569 2676 641 2730 etin

199 2756 257 2818 rell.
285 2757 364 2818 codd.
391 2762 521 2837 scriptum
544 2771 585 2817 eat
611 2762 642 2816 in

197 2848 288 2915 colle,
312 2866 365 2922 quo
383 2847 481 2903 mendo
500 2847 567 2903 nihil
584 2868 641 2903 eac·
669 2845 671 2853 ’

197 2935 259 3009 pins
285 2936 314 2989 in
337 2937 472 3008 mscriptis
499 2936 641 2995 invenitur.

197 3040 259 3076 nam
271 3019 344 3097 quod
357 3023 436 3076 etiam
449 3022 477 3075 in
489 3020 547 3078 Put.
561 3023 604 3087 27,
615 3025 641 3080 2.

197 3105 293 3182 legitur
311 3108 369 3175 ‚rita
387 3112 476 3163 tamen
498 3109 582 3163 aciem
600 3110 640 3164 iu·

197 3204 352 3251 struxerunt
380 3204 411 3251 nt
439 3193 545 3251 Poenus
576 3193 639 3251 dcx-

197 3291 267 3338 tr‘nm
280 3299 364 3338 cornu
381 3283 409 3338 in
421 3280 640 3358 collcterigcrct“‚

195 3369 342 3444 eademque
359 3390 438 3426 manu
456 3371 564 3447 antiqua
577 3380 589 3425 t
600 3371 639 3426 in-

199 3459 358 3532 terpositum
383 3457 520 3514 inductum
543 3467 585 3514 est
611 3465 641 3513 ut

196 3542 228 3597 iu
245 3544 322 3599 colle
346 3545 474 3622 erigeret
493 3544 581 3613 fieret,
608 3543 639 3600 id

196 3631 345 3685 rectissime
362 3632 400 3687 ibi
418 3649 448 3686 se
466 3630 558 3699 habet,
577 3651 638 3689 cum

194 3714 301 3773 Poenus
319 3715 394 3773 illum
412 3716 517 3783 collems
528 3721 581 3775 iam
600 3728 639 3775 tc·

194 3806 286 3860 unisse
304 3804 415 3866 dicatur.
433 3805 485 3862 hcc
497 3806 580 3864 altero
599 3816 638 3863 ta-

192 3910 255 3947 nren
272 3891 332 3948 loeo
355 3891 454 3950 latinae
473 3894 578 3968 liuguae
596 3913 639 3950 ra·

192 3979 267 4032 tione
297 3983 479 4038 accusativum
507 3981 639 4059 postulari

192 4070 236 4117 tot
249 4065 352 4122 similes
369 4066 423 4130 loci
441 4069 539 4140 (231.
557 4070 637 4137 3,18.

786 1891 813 1961 7,
830 1892 875 1948 34.
893 1893 920 1961 9,
934 1893 985 1951 31.
1007 1893 1059 1960 21,
1068 1894 1120 1951 32.
1139 1892 1188 1962 al.)
1201 1890 1253 1969 lut

784 1988 847 2036 cent
864 1987 894 2035 nt
911 1997 957 2034 res
974 1990 1061 2036 extra
1077 2000 1189 2038 omnam
1201 1978 1232 2034 lu

784 2066 943 2123 bitationem
960 2066 1106 2125 videatur
1126 2085 1192 2126 esse.
1211 2064 1232 2122 cl

784 2154 828 2220 98,
848 2155 905 2212 15.r
928 2155 1142 2211 cunctantibus
1163 2157 1190 2210 in
1203 2150 1232 2207 al·

784 2257 892 2296 uersum
910 2238 1015 2295 collem
1037 2244 1153 2318 erigere
1169 2243 1234 2298 ecim

783 2325 913 2383 Romanis
933 2325 1048 2398 (Pae).
1062 2358 1103 2372 --
1123 2329 1148 2386 P
1165 2330 1233 2387 u.1.:

783 2414 856 2492 qnod
869 2412 961 2469 hostes
974 2426 1100 2492 ceperat
1113 2413 1234 2494 partealir

784 2501 912 2575 adgressi.
958 2520 996 2559 m.
1032 2505 1078 2562 2⁶2
1113 2510 1233 2576 ceperant

782 2585 823 2643 ll:
847 2595 1001 2664 coeperant.
1026 2621 1063 2632 —
1089 2589 1163 2648 Pall.
1180 2594 1202 2645 1.
1216 2592 1234 2646 3.

785 2671 865 2731 Vcas.
875 2691 915 2732 ιιι
931 2693 993 2729 cum
1008 2674 1115 2733 hostes
1129 2677 1235 2752 undiquc

782 2760 912 2832 uigerent
947 2760 1019 2818 Tres
1045 2777 1125 2824 racc.
1155 2763 1234 2822 cedda

783 2866 842 2902 cum
856 2845 947 2904 hostes
956 2848 1087 2927 undique
1100 2859 1228 2928 urgerent

713 2935 755 2994 10.
775 2933 871 3006 samri
883 2936 946 2991 eiua
958 2937 1065 2995 cladis
1071 2941 1233 3014 perlatam:

781 3019 1234 3084 llm.3r-llm.1.P:nec

782 3116 843 3165 ante
868 3107 901 3164 ad
927 3115 983 3168 cota
1007 3115 1060 3188 qui
1083 3115 1142 3170 iam
1170 3110 1234 3168 haul

781 3193 1234 3271 proculaclusioabcratfamaeins

782 3279 866 3338 eladis
884 3283 1022 3359 perlatam.
1046 3317 1085 3328 -
1108 3286 1192 3346 [aeid.
1207 3307 1234 3344 n:

781 3367 857 3426 luere
874 3370 903 3426 in
920 3381 1081 3446 conspectu,
1100 3406 1138 3417 -
1158 3374 1187 3431 ll
1203 3393 1234 3431 m.

782 3459 821 3515 1.:
840 3462 1108 3533 ouantesquamoria
1121 3462 1168 3518 eui
1181 3481 1233 3516 cara

778 3546 876 3605 minos.
892 3547 897 3615 Ι
910 3565 931 3620 ς
942 3545 1056 3602 umbros
1070 3559 1124 3607 cet.
1145 3568 1182 3607 m.
1194 3551 1232 3605 a:

780 3634 962 3690 carminosurrt
977 3639 982 3698 Ι
997 3655 1017 3710 q
1034 3636 1162 3694 umbros.

711 3717 755 3781 14.
780 3728 811 3778 et
826 3720 1034 3777 circumuentis
1043 3723 1231 3795 pabulatori-

780 3807 852 3864 bus:
870 3806 926 3863 ΡΜ.
939 3827 973 3847 -·
986 3805 1042 3865 Pala
1061 3810 1090 3867 Sa
1109 3809 1182 3869 [ιον.
1194 3813 1230 3867 al:

778 3892 991 3972 populatoribus.
1019 3926 1053 3936 -
1073 3895 1133 3952 Alii
1153 3899 1231 3971 igitur

778 3979 1230 4057 scriptorestradideranthlllan·

776 4065 842 4124 lium
855 4067 977 4142 legatum,
996 4066 1157 4144 pabulatum
1171 4091 1229 4128 cun
