2618 4590
484 276 593 338 nmen
609 278 666 341 vn.
1061 267 1127 337 rto

27 447 143 517 exodia
164 447 282 535 'postea
309 440 470 530 appellata
497 452 748 533 conservataque
776 442 901 511 fabellis
924 444 1125 534 potissimum

99 651 160 688 esse
173 626 245 685 haud
256 584 465 701 ignorarentur
476 624 545 682 duee

99 708 221 774 diversae
231 715 377 792 scripturae
387 711 420 768 ab
433 708 543 787 diligen,-

100 804 216 861 tioribus
236 796 464 857 librariis'eod'em
480 798 543 854 loeo

686 627 771 709 adiuti
787 635 859 686 sunt
888 625 929 683 illi
946 628 1026 702 igitur
1042 629 1127 687 scribi

626 788 639 797 ,Ι
684 716 821 772 iusserunt
838 713 932 783 „unde
949 715 1044 773 exodia
1060 737 1128 793 qnae

670 798 781 859 ‘exodia
798 811 893 878 postea
911 799 1077 879 appellata“:
1099 804 1129 858 in
1228 876 1232 883 Ι

100 893 257 948 coniunctae
276 886 469 953 scriberentur,
496 883 542 942 alii

101 979 131 1034 in
143 977 194 1035 alia
207 976 339 1052 scriptura
354 992 448 1033 verum
464 990 542 1050 repe·

100 1066 169 1121 risse
176 1064 230 1121 sibi
236 1060 403 1121 videbantur.
420 1060 461 1117 sie
470 1060 541 1116 enim

96 1147 541 1224 inLeidr.legitur„iaotitareooe·

95 1238 139 1314 pit
150 1257 218 1312 quae
225 1234 339 1292 exordia
347 1242 440 1313 postea
452 1230 544 1312 appel*

96 1322 150 1380 lata
155 1328 181 1392 ⁶⁴,
190 1326 219 1381 in
228 1321 302 1381 Harl.
311 1343 330 1379 r.
343 1319 542 1409 „quaerordia

93 1406 543 1490 posteaappellata“‚iureeo.codd.

95 1517 187 1574 „quae
206 1498 301 1555 exodia
315 1507 410 1576 postea
425 1494 542 1575 appella·

93 1589 149 1645 aa‘t
158 1585 323 1662 inhisigitur
332 1585 455 1642 omnibus
464 1582 543 1639 libris

94 1674 314 1746 praetenuisaum
330 1680 373 1729 est
390 1670 477 1728 unde.
492 1689 544 1724 nee

95 1767 185 1816 tamen
198 1760 228 1816 id
245 1769 346 1817 temere
364 1755 543 1815 omittendum

97 1864 159 1901 esse
182 1847 327 1903 arbitratus
348 1844 475 1902 librarius
498 1862 543 1899 eo·

98 1931 168 1989 dieis
185 1931 209 1989 P
225 1932 337 2009 scripsit
359 1950 451 2007 „quae
471 1929 545 1986 unde

96 2019 193 2076 exodia
233 2029 328 2096 postea
372 2015 544 2096 appellata“:

95 2106 172 2184 quod
190 2126 253 2165 eum
274 2127 330 2165 non
346 2105 484 2165 rideretur
505 2103 543 2160 le·

96 2193 219 2263 rendum,
237 2197 268 2252 in
280 2192 360 2255 Voss.
370 2213 391 2253 r.
408 2201 436 2249 et
446 2188 476 2247 S.
489 2189 542 2247 Ge·

96 2281 162 2338 lonii
177 2281 238 2341 ond.
253 2283 383 2358 seriptum
395 2289 438 2335 est
449 2298 543 2354 „quae

96 2368 161 2426 inde
170 2367 265 2425 exodia
275 2377 369 2445 postea
378 2364 542 2444 appellate&

97 2476 167 2533 quae
183 2458 316 2532 scriptura
329 2456 411 2511 etiam
421 2451 543 2510 Draken-

98 2542 211 2601 borehio
228 2543 341 2621 probata
358 2551 409 2602 est.
427 2541 467 2601 in
483 2537 543 2594 solo

97 2640 188 2687 tamen
204 2629 326 2687 Medieeo
344 2630 417 2694 etin
430 2624 543 2704 Neapol.

97 2717 200 2775 Latinii
222 2716 302 2773 codd.
324 2716 454 2790 integrior
478 2713 545 2769 seri·

100 2814 179 2883 ptura
189 2811 345 2860 conservata
354 2811 404 2861 est.
421 2803 451 2857 in
459 2798 546 2873 Neap0

102 2892 177 2949 enim
189 2909 251 2947 ease
262 2887 361 2947 dicitnr
378 2885 473 2957 „unda
484 2904 546 2942 exo-

100 2978 146 3035 dia
164 2997 234 3056 qnae
255 2974 367 3034 exordia
388 2981 482 3053 postea
501 2990 547 3048 ap·

101 3065 240 3145 pellate“‚
265 3063 297 3123 id
318 3061 496 3140 quodetiam
518 3061 548 3116 in
579 3100 582 3109 .

98 3155 188 3231 prino.
206 3151 249 3209 ed.
263 3150 343 3217 Rom.
361 3147 487 3217 otl’arm.
506 3165 548 3205 re·

30 3246 33 3251 ’
100 3244 214 3319 peritur.
231 3235 301 3297 inlll
317 3236 435 3297 vidimus
452 3231 548 3304 „unde

99 3347 152 3386 exo
167 3330 173 3399 Ι
189 3327 234 3384 dia
250 3346 304 3404 que
325 3323 436 3382 exordia
453 3329 549 3400 postea

101 3413 267 3493 appellata“.
296 3412 392 3469 sedin
409 3407 453 3466 his
470 3407 549 3465 libris

99 3503 247 3583 permutati
263 3509 328 3556 sunt
337 3498 392 3554 lori
403 3495 550 3561 verborum

101 3589 234 3648 exordio
264 3595 291 3642 et
321 3585 446 3651 exodia,
475 3579 551 3659 qnod

101 3675 225 3737 mutandi
236 3691 320 3750 genus
337 3680 366 3726 et
381 3669 446 3728 elias
457 3670 487 3725 in
504 3687 550 3725 en·

101 3765 186 3841 liquis
221 3761 299 3819 libris
334 3754 552 3834 deprehenditur.

101 3870 154 3907 nec
172 3849 203 3906 id
225 3847 321 3907 fefollit
337 3845 502 3904 Tarvisenos
519 3841 551 3898 li·

103 3935 225 4007 brarios,
251 3936 345 4013 quiin
366 3933 486 3990 editione
503 3947 552 3986 sua

103 4023 224 4096 paranda
246 4026 306 4081 sine
323 4021 407 4081 dubio
429 4018 552 4093 antiquo·

106 4127 169 4165 rum
196 4113 386 4188 inscriptorum
413 4109 553 4165 venustate

62 4228 92 4275 Τ.
105 4227 159 4275 Livi
173 4243 224 4289 pars
237 4228 270 4274 11.

683 909 737 967 qun
750 890 884 966 scripture
896 886 965 945 nihil
977 886 1129 944 desideran-

683 976 748 1035 dum
760 974 905 1043 videbitur,
922 976 947 1032 si
959 976 1053 1052 priora
1069 974 1131 1030 loeo

683 1064 714 1121 id
731 1062 806 1140 qnod
821 1065 875 1119 iam
887 1064 997 1138 antiqno
1010 1070 1132 1140 tempore

684 1159 841 1227 eomuptum
863 1157 933 1218 erst,
959 1157 1068 1206 exorta
1089 1167 1131 1204 re·

684 1239 859 1295 stituerimns.
877 1267 912 1279 -
939 1233 1047 1294 Deinde
1064 1234 1131 1292 seri·

683 1328 787 1404 psimus
810 1342 871 1380 enm
897 1324 1086 1400 antiquissimo
1107 1318 1131 1377 P

684 1421 713 1468 et
739 1410 801 1469 eod
822 1409 972 1468 Kloeliano
999 1428 1131 1480 „conser-

685 1503 826 1576 nutaque“
839 1517 890 1573 pro
900 1502 1130 1575 ‚‚conssrtaque“.

685 1605 748 1643 eum
766 1589 837 1641 enim
857 1584 920 1641 illae
936 1584 1075 1642 Atellanae
1092 1584 1131 1641 ia·

685 1673 772 1730 bellae
796 1671 917 1727 eiusdem
938 1672 1044 1746 generis
1060 1670 1131 1727 ludi-

686 1762 727 1818 cri
744 1768 836 1816 essem
852 1777 906 1835 quo
919 1754 1032 1813 ridicula
1048 1755 1132 1811 versi·

686 1848 739 1906 bus
760 1848 862 1903 intexta
879 1844 1018 1902 Romanae
1039 1844 1133 1899 iuven·
1157 1900 1160 1905 ,

686 1938 763 2002 tutio,
784 1952 840 1991 non
858 1941 917 1988 erat
933 1930 1043 2009 quidem
1059 1926 1134 2006 qnod

687 2021 755 2079 lraee
781 2018 924 2078 vernacula
947 2015 1078 2074 Atellanis
1104 2016 1134 2072 in

686 2108 795 2167 Latiam
813 2107 931 2163 induetis
955 2105 1061 2161 conseri
1079 2122 1134 2159 non

686 2205 813 2276 possent:
829 2193 880 2251 sed
890 2211 939 2249 cnr
948 2191 977 2248 id
991 2187 1135 2258 diceretur,

685 2284 763 2363 quod
779 2284 859 2341 nemo
877 2281 971 2338 larum
982 2296 1071 2337 rernm
1089 2295 1136 2355 pe·

685 2377 756 2430 ritns
773 2391 827 2429 nnn
850 2369 951 2426 sciret?
978 2366 1060 2442 longe
1076 2382 1134 2445 me·

685 2459 738 2519 lius
748 2479 803 2516 oon
815 2457 896 2516 modo
909 2456 940 2513 id
951 2458 1040 2532 ipsum
1050 2451 1134 2511 verbo

618 2578 623 2585 ·
686 2554 924 2620 consumoque
945 2542 1058 2610 dieitur,
1084 2538 1135 2596 sed

641 2672 645 2683 ·
687 2635 769 2691 etiam
788 2632 819 2689 id
835 2634 866 2689 in
878 2631 973 2688 eodem
985 2630 1136 2694 hoe-inest,

687 2720 802 2794 vestigia
829 2718 937 2775 illorum
954 2717 1136 2772 Romanorum

688 2804 872 2872 ludicrorum,
912 2823 982 2880 quae
1016 2798 1137 2874 alioquin

690 2891 770 2968 eulpa
804 2900 957 2967 temporum
994 2887 1138 2962 perissent,

636 3024 640 3031 .
691 2987 849 3035 eousarveta
871 2995 931 3033 asse
948 2972 1079 3032 Atellanis
1098 2970 1137 3030 ia·

631 3116 634 3121 4
671 3064 778 3125 ¹trallis.
814 3073 872 3122 tum
897 3062 1021 3132 demum,
1045 3061 1073 3119 si
1099 3061 1148 3116 ita¹

632 3178 648 3209 ·:
686 3154 892 3232 scripserimus,
919 3153 1022 3228 optime
1043 3168 1074 3206 se
1090 3147 1137 3204 lra-

633 3264 644 3293 ··.
674 3242 740 3300 tet
762 3241 963 3316 potiendum,
991 3257 1061 3315 quae
1083 3252 1137 3293 vox

691 3348 729 3386 ex
748 3326 834 3383 altera
853 3327 986 3402 scriptura
1007 3342 1066 3379 non
1083 3342 1137 3378 ma·

691 3417 733 3490 gia
751 3412 841 3471 locum
861 3412 961 3468 habere
973 3428 1063 3490 ¹posse
1079 3409 1139 3467 visa

691 3501 774 3560 fuerit
791 3519 873 3576 qnam
889 3498 958 3556 illud
980 3496 1058 3556 inde.
1094 3492 1138 3554 (is.
1249 3512 1254 3523 ·

693 3585 941 3646 etiam·l)iomedes
959 3604 996 3646 nr.
1012 3584 1137 3664 psidie

694 3675 808 3745 „Tertia
819 3676 924 3752 speeies
936 3671 1140 3732 est-fabularum

693 3761 863 3830 Latinarum,
893 3758 969 3840 qnae·
988 3783 1005 3819 a
1031 3762 1141 3818 civitate

694 3851 832 3920 Oscorum
848 3851 945 3921 Atella,
967 3852 996 3907 in
1015 3868 1066 3926 qua
1083 3847 1139 3923 pri·

658 4016 661 4020 Ι
694 3957 769 3995 mum
792 3927 923 4017 onepma‚³
943 3935 1081 3993 Atellanae
1098 3931 1139 3990 dl·⁴

695 4035 755 4081 ctas
771 4035 842 4093 sunt,
868 4023 1031 4100 argumentis
1048 4020 1140 4077 dictis·

695 4132 750 4189 qne
767 4111 930 4171 iocularibus
946 4105 1141 4182 similesssaty·

899 4202 942 4268 10
