2618 4590
1148 278 1191 341 ΣΙ

88 422 188 539 plum
212 437 246 527 9,
262 436 320 510 36.
339 435 447 510 etiam
466 459 510 509 ex
523 432 839 538 Borbetomagensi
854 436 977 514 codice
997 438 1075 516 aB.
1091 439 1190 517 Rho-

89 556 346 633 nanoallatum
368 556 530 647 vidimus,
555 555 593 630 id
614 556 702 632 nihil
725 557 908 649 referebat,
932 561 1103 639 cumillis
1126 562 1188 639 ad-

87 679 350 771 notationibus,
380 677 544 780 quamvis
575 702 638 752 eae
666 676 795 754 mediis
823 680 861 753 in
883 681 1000 757 verbis
1025 682 1185 762 Liuianis

88 801 319 901 interpositae
349 799 567 902 legerentur,
600 800 713 876 oratio
743 800 881 903 integra
913 801 1061 879 Liviana
1095 806 1207 885 nihil.

88 931 290 997 mutaretur.
330 909 459 998 sedet
481 923 521 998 in
535 923 603 997 hac
627 949 669 998 re
691 921 824 1024 aliquid
845 922 929 996 boni
943 922 1065 999 inesse
1088 924 1185 1002 vide·

88 1044 198 1119 batur.
224 1070 303 1118 cum
330 1043 423 1118 enim
447 1044 507 1119 illa
532 1054 739 1144 argumenta
753 1069 828 1119 non
842 1069 887 1118 eo
907 1071 981 1145 quo
995 1043 1184 1123 Medicens

10 1248 14 1259 .
85 1165 240 1267 scriptus
266 1177 324 1242 est
347 1175 509 1268 tempore
532 1164 599 1242 sed
623 1165 738 1271 longe¹
759 1164 957 1266 antiquiore
984 1167 1077 1243 sacta
1101 1168 1186 1260 sint,

39 1298 42 1305 “
82 1289 213 1361 necin
237 1286 402 1365 Parisino
429 1287 621 1388 quidquam
653 1289 730 1363 eius
761 1287 901 1391 generis
926 1282 1105 1364 adiectum
1127 1315 1185 1365 re·

82 1409 256 1510 periatur,
285 1408 325 1483 hi
350 1408 420 1484 duo
450 1408 558 1510 igitur
584 1408 667 1484 libri
698 1435 910 1511 quamquam
941 1409 991 1485 ita
1022 1411 1117 1486 inter
1140 1437 1183 1488 se

33 1516 36 1529 ¹
83 1532 349 1625 eonsentientes
363 1541 423 1643 nt
438 1531 550 1607 maior
567 1533 782 1634 scriptorum
797 1531 966 1606 librorum
981 1558 1182 1610 consensus

78 1653 141 1730 'vix
167 1653 315 1755 cogitari
338 1653 471 1755 possit,
495 1664 616 1729 tamen
639 1679 714 1731 non
739 1679 783 1728 ex
807 1653 942 1729 eisdem
966 1653 1032 1729 sed
1056 1654 1181 1731 alienis

40 1781 42 1786 '
83 1773 213 1850 studiis
238 1775 467 1876 consiliisque
490 1775 642 1877 profecti
665 1774 749 1865 sint,
772 1775 841 1850 iam
858 1775 963 1875 sequi
980 1773 1123 1853 videtur
1140 1786 1181 1851 ut
1302 1876 1306 1883 1

83 1894 270 1994 integritas
296 1896 451 1971 omnium
476 1922 598 1971 eorum
623 1895 793 1988 locorum,
818 1898 949 1998 quibus
973 1896 1069 1971 nulla
1094 1897 1181 1971 acri·

26 2075 30 2078 .
80 2026 209 2117 pturae
233 2016 471 2117 discrepantia
494 2016 532 2093 in
548 2015 622 2093 PM
645 2017 853 2107 inveniatur,
879 2026 1010 2117 quanta
1032 2018 1181 2092 maxima

79 2138 255 2214 habeatur
279 2148 453 2240 oporteat.

176 2260 432 2362 Quaerendum
456 2257 614 2361 denique
638 2269 711 2351 est,
741 2255 827 2334 num
857 2258 921 2361 qui
948 2257 1029 2333 libri
1053 2284 1098 2334 ex
1122 2257 1180 2335 illa

79 2381 242 2457 codicum
265 2383 372 2459 huius
398 2382 548 2457 decadis·
566 2408 673 2458 manu
697 2381 911 2484 scriptorum
935 2381 1047 2485 copia,
1072 2409 1179 2482 quarn

80 2504 185 2578 etiam
210 2513 364 2579 exeunte
387 2504 502 2577 media
529 2530 634 2604 quam
657 2514 787 2581 vocant
811 2513 928 2578 aetate
951 2530 1180 2605 permagnam

77 2624 190 2700 luisse
214 2626 357 2717 scimus,
381 2623 546 2701 Parisino
560 2624 802 2724 Mediceoque
818 2625 1040 2725 antiquiores
1063 2625 1101 2699 in
1124 2652 1181 2701 re·
1279 2706 1287 2713 ,

78 2748 224 2823 condito
248 2746 368 2847 aliquo
391 2746 472 2821 loco
497 2746 626 2822 abiecti
649 2746 812 2821 homines
836 2745 960 2820 talium
976 2773 1095 2822 rerum
1120 2773 1180 2821 en-

78 2869 196 2967 riosos
222 2868 338 2942 adhuc
354 2867 553 2944 fefellerint.
585 2876 624 2941 et
639 2867 734 2942 inter
748 2867 846 2942 viros
862 2865 989 2941 doctos
1010 2868 1072 2966 qui
1090 2865 1181 2945 haec

78 2989 196 3064 studia
220 2989 368 3068 Liviana
394 2988 597 3090 gratissimo
622 3013 689 3062 suo
713 2986 835 3063 lavore
860 2986 1079 3077 adiuverunt,
1107 2985 1180 3063 duo
1208 3062 1211 3067 .

77 3111 273 3188 extiterunt
296 3113 349 3186 rei
373 3111 536 3213 publicae
559 3108 796 3187 litteratorum
819 3108 1009 3192 hominum]
1031 3109 1179 3186 summis

76 3233 300 3334 maximeque
325 3233 461 3309 meritis
486 3231 650 3307 laudibus
675 3229 852 3321 celebrati,
879 3232 943 3332 qui
966 3231 1179 3309 benevolen·
1247 3236 1252 3245 '

77 3348 218 3430 tissime
243 3383 309 3457 pro
335 3382 399 3431 sua
425 3354 642 3428 humanitate
662 3363 701 3428 et
722 3350 801 3455 eiqs
815 3354 868 3428 rei
885 3379 944 3427 me
961 3353 1181 3429 admonitum

75 3475 276 3553 voluerunt.
317 3475 565 3552 Fordinandus
590 3475 685 3550 enim
701 3473 865 3550 Handins
889 3501 955 3575 per
969 3474 1107 3574 litteras
1121 3499 1180 3551 me

77 3599 227 3688 monuit,
250 3623 298 3671 ne
321 3624 379 3671 me
403 3598 599 3700 praeterire
618 3597 773 3673 sinerem
790 3594 950 3670 codicem
967 3597 1101 3699 primae
1119 3596 1180 3672 de-

77 3718 176 3792 cadis
201 3718 414 3818 rescriptum
438 3720 695 3809 Veronensem,
720 3718 821 3793 cuius
846 3718 891 3791 ab
914 3718 1055 3820 Angelo
1078 3717 1194 3823 Maio·

77 3839 212 3915 mentio
236 3839 329 3915 lacta
359 3853 474 3922 esset:
499 3853 537 3917 et
560 3839 678 3917 With.
695 3839 806 3914 Henr.
822 3837 956 3914 Bardili
980 3840 1178 3917 Uracensis

77 3960 269 4052 certiorem
300 3989 358 4038 me
387 3962 487 4054 lecit,
517 3963 563 4043 ab
586 3960 718 4063 suph,
742 3961 952 4036 Bernhardo
981 3962 1027 4036 in.
1049 3962 1182 4039 litteris

33 4150 36 4154 ,
78 4107 113 4166 a.
127 4082 229 4158 1749.
239 4083 321 4160 Joh.
333 4086 409 4163 Jac.
420 4085 570 4164 Reiskio
581 4085 702 4161 missis
717 4082 782 4181 (cf.
800 4083 873 4161 uita
885 4083 1182 4185 Reisk..p.3tn)
