2618 4590
162 257 207 328 66
627 267 798 332 umus-vt

163 418 366 504 addictumue
388 429 462 500 duci
487 430 621 524 potier“.
657 432 690 501 id
712 456 790 503 vero
817 433 861 502 itu
890 435 1034 504 accendit
1059 438 1198 522 animos,
1227 452 1266 510 ut

162 564 222 632 per
244 526 410 607 66666166
432 561 470 605 ac
491 536 582 604 nefas
603 538 743 606 secuturi
763 538 923 607 vindicem
947 538 1100 607 libertatis
1122 542 1265 613 videren

162 657 226 713 tur.
262 642 387 712 adhoc
414 641 502 710 donni
529 642 739 710 contionantis
766 641 799 710 in
826 645 961 712 modum
986 667 1151 715 sermones
1177 647 1266 739 pleni

163 750 328 820 criminum
350 748 383 814 in
405 758 525 839 patres:
548 745 629 814 inter
651 769 734 836 quos
756 771 832 815 omn
849 748 968 816 omisso
987 748 1165 818 discrimine
1187 774 1265 820 vere

230 901 286 939 uon
303 881 392 955 potuit
406 881 478 936 enim
488 875 602 934 61661166
614 898 677 955 pro·

229 970 324 1026 hibere
336 987 386 1024 nec
398 966 494 1034 voluit,
511 969 618 1043 nequis
631 967 677 1023 de·

229 1058 304 1121 bitor
328 1057 357 1111 in
380 1053 510 1110 iudicium
527 1064 677 1122 vocaretur,

230 1145 280 1200 sed
298 1162 333 1198 ne
351 1141 494 1198 duceretur
511 1162 527 1199 6
545 1140 677 1198 creditore

229 1229 387 1309 prohibuit:
405 1239 444 1297 ut,
457 1248 517 1286 666
528 1228 677 1306 66166666-

180 1387 183 1391 ,
230 1315 297 1394 pulo
334 1316 512 1374 creditoribus
546 1314 677 1384 solveret,

231 1403 357 1460 omnibus
382 1411 456 1460 tantu
480 1403 560 1459 unius
589 1404 676 1459 virtus

229 1491 400 1569 conspectior
415 1489 501 1549 fieret.
519 1490 553 1550 ci.
572 1492 599 1558 6,
618 1492 676 1549 ici:

228 1579 397 1651 „iudicatum
407 1579 537 1654 pecuniae
547 1577 675 1634 cumduci

228 1666 350 1734 vidisset,
368 1665 458 1723 medio
476 1666 612 1723 ferocum
630 1685 674 1720 ce·

227 1764 303 1810 terve
321 1773 370 1810 sua
390 1754 507 1811 accurrit
524 1762 550 1808 et
567 1772 675 1811 menum

228 1841 354 1897 iniecit“.

74 1953 88 1996 ,ι
173 1929 201 1990 6.
218 1927 272 1985 >au
291 1927 347 1984 roc
372 1925 456 1983 comt
478 1909 675 1984 contionante

227 2016 260 2072 in
281 2013 403 2070 modum
423 2032 591 2071 sermones:
617 2013 674 2074 ΡΜ.

224 2132 262 2146 -
278 2099 466 2160 1666666666
484 2099 520 2158 66
535 2100 611 2161 hece.
628 2100 672 2161 Cf.

169 2238 170 2243 ,
225 2189 298 2247 idem
316 2191 342 2256 6,
362 2191 405 2245 16.

173 2278 209 2336 6.“
227 2277 304 2331 inter
323 2295 399 2351 quos
416 2292 483 2329 cum
497 2275 607 2331 omisso
619 2272 673 2346 (Pr

225 2361 328 2429 omiso)
347 2360 519 2418 discrimine
541 2381 615 2418 uero
631 2382 673 2419 un

226 2467 308 2504 6666
331 2448 441 2518 iaceret
462 2457 525 2507 cet:
550 2448 608 2508 ΡΜ.
637 2483 672 2492 -

224 2533 496 2592 1666666666666
513 2555 590 2595 6666.
626 2535 671 2596 Cf.

225 2623 255 2688 6,
274 2622 332 2680 tn:
356 2621 415 2689 „ed
438 2621 550 2678 666616
568 2626 672 2680 novite-

223 2717 278 2764 tem
301 2710 407 2782 generis
433 2709 597 2786 originisque
619 2731 672 2789 quc

221 2815 285 2853 6666
312 2815 364 2871 que
392 2793 458 2851 16166
488 2798 606 2857 16666614.
636 2796 671 2842 -’-

220 2881 243 2941 1.
253 2881 299 2942 Fr.
311 2880 396 2942 Gron.
410 2879 523 2940 6666666
541 2887 609 2942 iecit
625 2885 670 2942 66-

223 2968 273 3025 1661
291 2969 377 3025 voluit
395 2975 405 3038 (
415 2969 449 3028 ci.
468 2973 495 3038 6,
516 2973 555 3031 1.=
576 2974 670 3030 urbem

224 3053 346 3112 eandem.
373 3057 398 3121 6,
416 3058 473 3113 37.:
494 3059 598 3113 incerto
617 3059 669 3115 cla·

221 3144 339 3209 moret),
357 3139 594 3198 Drakenborchius
612 3144 669 3201 alii-

222 3247 276 3304 que
293 3247 368 3286 cum.
394 3227 444 3284 sed
468 3238 610 3306 utrumque
627 3252 669 3288 re·

220 3316 339 3375 ctissime
370 3334 400 3370 se
430 3314 517 3374 hebet.
557 3319 667 3376 iaceret

218 3403 290 3458 enim
308 3401 409 3480 pendet
424 3423 456 3460 ex
468 3424 542 3471 cum,
560 3424 614 3459 non
633 3425 666 3462 cx

217 3491 327 3545 omisso
355 3491 544 3547 discrimine:
579 3491 666 3548 etad
716 3481 745 3576 J

101 3580 109 3588 ‘
217 3593 291 3630 uero
312 3595 353 3631 an
374 3596 454 3634 6666
477 3577 550 3634 incili
576 3580 667 3641 conie2

217 3669 290 3716 eture
300 3663 478 3740 supplendum
491 3674 533 3722 est
544 3667 663 3733 „omisso

216 3745 373 3804 discrimine
389 3761 479 3808 utrum
497 3772 606 3829 eaquae
624 3755 663 3810 iu·

138 3844 148 3869 ’
215 3844 288 3890 cenet
309 3855 371 3891 6666
394 3858 428 3893 66
448 3859 515 3895 6666
539 3846 662 3898 essent:“

185 3952 187 3959 v
214 3921 289 3999 qnod
308 3922 416 3980 brevius
440 3924 549 3983 dicendi
576 3947 661 4002 genus

215 4008 354 4066 66666666
366 4031 421 4066 666
433 4022 531 4091 potest,
551 4012 612 4072 cnm
624 4014 660 4070 61·

144 4127 150 4136 =
187 4114 189 4121 ’
213 4105 301 4157 terum
317 4097 430 4159 6666666
447 4120 498 4178 pro
516 4099 600 4160 sltero
618 4120 660 4159 re-

363 4299 366 4308 ,
451 4272 458 4303 1

817 888 860 937 cte
877 881 915 936 itu
932 877 988 936 6161
1005 881 1133 957 potuerit.
1156 878 1265 950 „Win-

817 965 885 1024 rend
897 985 927 1022 er
937 967 967 1023 in
981 966 1075 1023 diesen
1086 967 1265 1027 1166661166·

818 1053 883 1111 ehes
905 1052 977 1109 6666
999 1051 1145 1113 66666166
1168 1055 1265 1114 rohten

817 1141 853 1197 66
876 1159 906 1196 es
926 1138 1004 1195 wahe
1027 1139 1094 1197 oder
1115 1150 1264 1219 ungegrdn·

817 1225 864 1283 det
880 1228 921 1283 rei
939 1225 1019 1283 161166
1041 1226 1120 1297 11666,
1143 1249 1175 1286 66
1194 1231 1268 1289 werf

817 1333 849 1370 er
864 1312 933 1371 6666
951 1313 1044 1371 desso
1057 1314 1114 1384 hin,
1132 1315 1196 1374 durs
1214 1318 1265 1375 dus

817 1399 869 1457 den
879 1399 998 1459 Geiliern
1007 1401 1111 1460 wieder
1122 1403 1265 1480 66566666-

815 1506 894 1544 mene
918 1486 990 1545 Gold
1015 1509 1068 1546 von
1091 1489 1145 1548 den
1162 1489 1266 1550 Vttern

814 1572 949 1632 versucit
980 1575 1104 1651 gehrltcn
1137 1579 1265 1642 werde“.

815 1660 951 1719 Peniculo
968 1682 1009 1720 on
1026 1684 1107 1740 saepe
1118 1663 1214 1724 Livius
1225 1668 1264 1723 ite

816 1751 1264 1828 mmestseepius'iaeitnecuius

815 1838 953 1913 ingenium
970 1841 1085 1896 maxime
1095 1839 1217 1918 proclive
1228 1840 1264 1897 66

818 1923 996 1982 dubitandum
1023 1936 1104 1987 esset.
1132 1925 1177 1986 Gi.
1198 1926 1264 1988 Τ66.

815 2011 887 2072 Anu.
906 2014 933 2080 6,
951 2014 1009 2071 dd:
1037 2013 1105 2082 „ille
1122 2013 1206 2071 finem
1221 2015 1263 2072 vi·

813 2082 866 2155 ted
879 2131 914 2142 -
929 2109 1042 2174 »sponte
1068 2121 1108 2158 66
1127 2101 1202 2174 sato
1227 2131 1264 2145 -

813 2185 959 2263 inplerit“.
980 2188 1007 2256 6,
1024 2189 1083 2247 ase
1100 2187 1176 2245 siluit
1192 2188 1263 2245 Hor-

813 2271 884 2329 tclus
902 2277 1166 2348 66666666661666
1184 2275 1264 2334 nobi-

812 2357 897 2416 litutis
919 2361 1000 2417 etiem
1026 2362 1098 2418 inter
1123 2363 1263 2437 angustius

814 2446 936 2503 fortunae
945 2449 1096 2507 retinens“.
1108 2446 1143 2510 61.
1160 2447 1223 2506 Liv.
1234 2451 1278 2519 6,·

815 2533 872 2590 606
902 2535 962 2590 sine
987 2537 1063 2611 prius
1089 2555 1170 2612 quum
1197 2556 1262 2594 con·

812 2618 922 2698 plexum
934 2623 1039 2702 accipio
1051 2624 1144 2693 scium,
1162 2623 1197 2681 66
1210 2625 1259 2680 66·

812 2717 883 2764 stem
907 2729 941 2764 66
963 2708 997 2764 66
1020 2709 1107 2766 filiurn
1129 2712 1260 2778 venerim,

813 2797 918 2873 ceptivr
928 2805 1047 2854 materne
1059 2798 1087 2853 in
1100 2800 1197 2856 666616
1205 2799 1261 2856 tuis

786 2891 788 2895 '
812 2884 873 2942 sim.
891 2885 989 2952 3‚15.:
1008 2885 1104 2941 incerti
1116 2885 1191 2961 quod
1205 2906 1260 2943 666-

810 2967 868 3028 lnm'
885 2972 1053 3049 repentinum
1065 3002 1101 3014 -
1118 2983 1259 3033 externum

810 3076 846 3113 66
864 3060 1034 3126 intestinum,
1056 3059 1090 3116 66
1113 3057 1178 3116 6616
1200 3059 1257 3138 ple·

810 3142 853 3198 bis
876 3164 910 3198 on
933 3144 966 3200 66
991 3145 1084 3204 servili
1106 3145 1201 3203 fraude
1222 3177 1258 3189 -

809 3229 903 3286 urbem
916 3231 1059 3289 invasisset
1068 3243 1120 3294 cet.
1139 3237 1184 3303 to,
1196 3235 1257 3293 36.=

809 3315 887 3391 elige,
904 3337 965 3375 cnm
984 3322 1043 3377 cive
1061 3341 1095 3377 66
1109 3321 1188 3378 hoste
1205 3341 1256 3399 pu·

807 3421 889 3478 gnare
906 3404 993 3464 mulis.
1022 3409 1073 3476 30,
1090 3408 1129 3467 66
1154 3417 1183 3465 et
1199 3408 1261 3465 clu-.

806 3509 876 3558 mor,
893 3492 964 3548 inter
978 3494 1086 3551 caedem
1103 3503 1130 3551 et
1141 3493 1255 3552 6616666

806 3575 928 3635 sublatus
955 3600 989 3636 66
1012 3600 1046 3638 ex
1071 3581 1255 3658 trepidatione

804 3674 938 3723 nocturno¹
947 3677 1027 3737 esset,
1045 3668 1173 3727 confusus
1190 3691 1253 3729 sen·

803 3771 865 3809 eum
874 3755 931 3811 veri
940 3756 1085 3813 adimebat:
1095 3757 1251 3826 6.6.,,6666

803 3840 930 3899 musaeus
940 3853 971 3900 ut
983 3843 1100 3901 discerni
1118 3864 1173 3902 non
1185 3866 1251 3924 pos·

801 3936 844 3984 set
854 3938 944 3985 utrum
956 3932 1026 3987 inter
1037 3931 1147 3990 caedem
1155 3942 1184 3989 et
1190 3933 1249 3992 661-

800 4033 864 4070 6666
883 4013 1003 4074 sublatus
1024 4027 1095 4074 esset
1117 4024 1177 4077 66“
1196 4009 1249 4082 cetss

800 4133 835 4147 -
858 4102 934 4162 Pru.
955 4101 1026 4162 nn
1048 4108 1143 4168 m.1.=
1165 4107 1247 4175 then·
