<?xml version="1.0" encoding="UTF-8"?>
<!DOCTYPE html PUBLIC "-//W3C//DTD XHTML 1.0 Transitional//EN"
    "http://www.w3.org/TR/xhtml1/DTD/xhtml1-transitional.dtd">
<html xmlns="http://www.w3.org/1999/xhtml" xml:lang="en" lang="en">
 <head>
  <title>
</title>
<meta http-equiv="Content-Type" content="text/html;charset=utf-8" />
  <meta name='ocr-system' content='tesseract 3.04.00' />
  <meta name='ocr-capabilities' content='ocr_page ocr_carea ocr_par ocr_line ocrx_word'/>
</head>
<body>
  <div class='ocr_page' id='page_1' title='image "./titilivirerumro01alscgoog_0621.png"; bbox 0 0 2818 4728; ppageno 0'>
   <div class='ocr_carea' id='block_1_1' title="bbox 466 283 1194 430">
    <p class='ocr_par' dir='ltr' id='par_1_1' title="bbox 466 283 1194 430">
     <span class='ocr_line' id='line_1_1' title="bbox 466 283 1194 430; baseline -0.005 -46"><span class='ocrx_word' id='word_1_1' title='bbox 466 319 467 322; x_wconf 66' lang='lat'>‘</span> <span class='ocrx_word' id='word_1_2' title='bbox 570 325 677 386; x_wconf 81' lang='lat' dir='ltr'><strong>arnse</strong></span> <span class='ocrx_word' id='word_1_3' title='bbox 695 325 730 384; x_wconf 84' lang='lat' dir='ltr'><strong>x.</strong></span> <span class='ocrx_word' id='word_1_4' title='bbox 834 283 839 303; x_wconf 67' lang='grc'>’</span> <span class='ocrx_word' id='word_1_5' title='bbox 1008 379 1010 384; x_wconf 78' lang='grc'>,</span> <span class='ocrx_word' id='word_1_6' title='bbox 1128 313 1194 430; x_wconf 75' lang='lat' dir='ltr'><strong>tat</strong></span> 
     </span>
    </p>
   </div>
   <div class='ocr_carea' id='block_1_2' title="bbox 85 485 1266 1102">
    <p class='ocr_par' dir='ltr' id='par_1_2' title="bbox 85 485 1266 1102">
     <span class='ocr_line' id='line_1_2' title="bbox 89 485 1266 582; baseline 0.005 -30"><span class='ocrx_word' id='word_1_7' title='bbox 89 485 162 576; x_wconf 88' lang='lat' dir='ltr'><strong>pita</strong></span> <span class='ocrx_word' id='word_1_8' title='bbox 185 485 287 576; x_wconf 89' lang='lat' dir='ltr'><strong>plebis</strong></span> <span class='ocrx_word' id='word_1_9' title='bbox 310 485 484 556; x_wconf 84' lang='lat' dir='ltr'><strong>consuleris</strong></span> <span class='ocrx_word' id='word_1_10' title='bbox 506 487 776 578; x_wconf 72' lang='lat' dir='ltr'>triumphalesque</span> <span class='ocrx_word' id='word_1_11' title='bbox 799 485 1115 582; x_wconf 84' lang='lat' dir='ltr'><strong>plebeios‚.quorum</strong></span> <span class='ocrx_word' id='word_1_12' title='bbox 1136 487 1195 557; x_wconf 80' lang='lat' dir='ltr'><strong>lro·</strong></span> <span class='ocrx_word' id='word_1_13' title='bbox 1262 527 1266 538; x_wconf 50' lang='lat' dir='ltr'>v</span> 
     </span>
     <span class='ocr_line' id='line_1_3' title="bbox 87 591 1192 685; baseline 0.004 -29"><span class='ocrx_word' id='word_1_14' title='bbox 87 591 227 658; x_wconf 85' lang='lat' dir='ltr'><strong>nuribus</strong></span> <span class='ocrx_word' id='word_1_15' title='bbox 248 591 325 658; x_wconf 87' lang='lat' dir='ltr'>nihil</span> <span class='ocrx_word' id='word_1_16' title='bbox 354 605 480 682; x_wconf 90' lang='lat' dir='ltr'><strong>praeter</strong></span> <span class='ocrx_word' id='word_1_17' title='bbox 508 593 700 676; x_wconf 81' lang='lat' dir='ltr'><strong>sacerdotia,</strong></span> <span class='ocrx_word' id='word_1_18' title='bbox 732 615 814 682; x_wconf 88' lang='lat' dir='ltr'><strong>quae</strong></span> <span class='ocrx_word' id='word_1_19' title='bbox 841 591 985 659; x_wconf 91' lang='lat' dir='ltr'><strong>nondum</strong></span> <span class='ocrx_word' id='word_1_20' title='bbox 1012 593 1192 685; x_wconf 84' lang='lat' dir='ltr'><strong>promiscua</strong></span> 
     </span>
     <span class='ocr_line' id='line_1_4' title="bbox 88 676 1192 788; baseline 0.004 -28"><span class='ocrx_word' id='word_1_21' title='bbox 88 706 201 778; x_wconf 89' lang='lat' dir='ltr'><strong>erant,</strong></span> <span class='ocrx_word' id='word_1_22' title='bbox 232 696 393 764; x_wconf 79' lang='lat' dir='ltr'><strong>deessent.</strong></span> <span class='ocrx_word' id='word_1_23' title='bbox 429 676 627 788; x_wconf 80' lang='lat' dir='ltr'><strong>rcigatienem</strong></span> <span class='ocrx_word' id='word_1_24' title='bbox 659 720 734 787; x_wconf 81' lang='lat' dir='ltr'><strong>ergo</strong></span> <span class='ocrx_word' id='word_1_25' title='bbox 768 695 1086 788; x_wconf 63' lang='lat' dir='ltr'><strong>promulgarunt¹ut‚</strong></span> <span class='ocrx_word' id='word_1_26' title='bbox 1117 719 1192 764; x_wconf 89' lang='lat' dir='ltr'><strong>curn</strong></span> 
     </span>
     <span class='ocr_line' id='line_1_5' title="bbox 85 801 1194 893; baseline 0.004 -29"><span class='ocrx_word' id='word_1_27' title='bbox 85 809 245 887; x_wconf 86' lang='lat' dir='ltr'><strong>quattuor</strong></span> <span class='ocrx_word' id='word_1_28' title='bbox 272 823 406 891; x_wconf 82' lang='lat' dir='ltr'>augures</span> <span class='ocrx_word' id='word_1_29' title='bbox 433 813 584 893; x_wconf 86' lang='lat' dir='ltr'><strong>quattuor</strong></span> <span class='ocrx_word' id='word_1_30' title='bbox 609 801 776 891; x_wconf 85' lang='lat' dir='ltr'><strong>pontifices</strong></span> <span class='ocrx_word' id='word_1_31' title='bbox 805 823 843 867; x_wconf 87' lang='lat' dir='ltr'><strong>ea</strong></span> <span class='ocrx_word' id='word_1_32' title='bbox 870 811 1060 890; x_wconf 82' lang='lat' dir='ltr'><strong>tempestate</strong></span> <span class='ocrx_word' id='word_1_33' title='bbox 1087 811 1194 868; x_wconf 89' lang='lat' dir='ltr'><strong>essent</strong></span> 
     </span>
     <span class='ocr_line' id='line_1_6' title="bbox 87 902 1266 996; baseline 0.007 -28"><span class='ocrx_word' id='word_1_34' title='bbox 87 902 299 994; x_wconf 83' lang='lat' dir='ltr'><strong>placeretque</strong></span> <span class='ocrx_word' id='word_1_35' title='bbox 322 905 429 995; x_wconf 84' lang='lat' dir='ltr'><strong>augeri</strong></span> <span class='ocrx_word' id='word_1_36' title='bbox 450 905 653 974; x_wconf 80' lang='lat' dir='ltr'><strong>sacerdotum</strong></span> <span class='ocrx_word' id='word_1_37' title='bbox 681 927 864 988; x_wconf 88' lang='lat' dir='ltr'><strong>numerum,</strong></span> <span class='ocrx_word' id='word_1_38' title='bbox 894 915 1047 996; x_wconf 68' lang='lat' dir='ltr'><strong>⁴quattuor</strong></span> <span class='ocrx_word' id='word_1_39' title='bbox 1068 902 1227 994; x_wconf 82' lang='lat' dir='ltr'><strong>pontifi-5</strong></span> <span class='ocrx_word' id='word_1_40' title='bbox 1255 925 1266 948; x_wconf 59' lang='lat'><strong>⁸</strong></span> 
     </span>
     <span class='ocr_line' id='line_1_7' title="bbox 87 1008 1193 1102; baseline 0.002 -28"><span class='ocrx_word' id='word_1_41' title='bbox 87 1029 148 1076; x_wconf 90' lang='lat' dir='ltr'><strong>ces</strong></span> <span class='ocrx_word' id='word_1_42' title='bbox 169 1008 311 1099; x_wconf 81' lang='lat' dir='ltr'><strong>quinque</strong></span> <span class='ocrx_word' id='word_1_43' title='bbox 333 1032 468 1099; x_wconf 78' lang='lat' dir='ltr'><strong>augures</strong></span> <span class='ocrx_word' id='word_1_44' title='bbox 496 1010 537 1078; x_wconf 89' lang='lat' dir='ltr'><strong>de</strong></span> <span class='ocrx_word' id='word_1_45' title='bbox 563 1009 659 1102; x_wconf 84' lang='lat' dir='ltr'><strong>plebe</strong></span> <span class='ocrx_word' id='word_1_46' title='bbox 685 1013 798 1078; x_wconf 88' lang='lat' dir='ltr'><strong>omnes</strong></span> <span class='ocrx_word' id='word_1_47' title='bbox 826 1009 1056 1100; x_wconf 79' lang='lat' dir='ltr'><strong>adlegerentur.</strong></span> <span class='ocrx_word' id='word_1_48' title='bbox 1094 1033 1193 1098; x_wconf 88' lang='lat' dir='ltr'><strong>quem</strong></span> 
     </span>
    </p>
   </div>
   <div class='ocr_carea' id='block_1_3' title="bbox 3 1217 1194 3461">
    <p class='ocr_par' dir='ltr' id='par_1_3' title="bbox 3 1217 1193 1469">
     <span class='ocr_line' id='line_1_8' title="bbox 3 1217 1192 1294; baseline 0.005 -24"><span class='ocrx_word' id='word_1_49' title='bbox 3 1241 4 1246; x_wconf 14' lang='grc' dir='ltr'><strong>κ</strong></span> <span class='ocrx_word' id='word_1_50' title='bbox 108 1217 136 1275; x_wconf 84' lang='lat'><strong>1.</strong></span> <span class='ocrx_word' id='word_1_51' title='bbox 163 1218 332 1275; x_wconf 80' lang='lat' dir='ltr'><strong>consuleris</strong></span> <span class='ocrx_word' id='word_1_52' title='bbox 354 1217 608 1294; x_wconf 77' lang='lat' dir='ltr'><strong>triumphalesque</strong></span> <span class='ocrx_word' id='word_1_53' title='bbox 748 1238 796 1276; x_wconf 86' lang='lat' dir='ltr'><strong>ves</strong></span> <span class='ocrx_word' id='word_1_54' title='bbox 828 1227 1017 1293; x_wconf 82' lang='lat' dir='ltr'><strong>superessent</strong></span> <span class='ocrx_word' id='word_1_55' title='bbox 1026 1221 1053 1277; x_wconf 80' lang='lat'><strong>“.</strong></span> <span class='ocrx_word' id='word_1_56' title='bbox 1088 1221 1120 1286; x_wconf 85' lang='grc'><strong>9,</strong></span> <span class='ocrx_word' id='word_1_57' title='bbox 1152 1219 1192 1276; x_wconf 61' lang='grc' dir='ltr'><strong>ἃς</strong></span> 
     </span>
     <span class='ocr_line' id='line_1_9' title="bbox 106 1293 1193 1385; baseline 0.001 -26"><span class='ocrx_word' id='word_1_58' title='bbox 106 1297 111 1320; x_wconf 78' lang='lat'>⁸</span> <span class='ocrx_word' id='word_1_59' title='bbox 161 1303 608 1380; x_wconf 79' lang='lat' dir='ltr'><strong>plebeiosrPlll]consulerescet.</strong></span> <span class='ocrx_word' id='word_1_60' title='bbox 662 1293 666 1299; x_wconf 39' lang='lat'>¹</span> <span class='ocrx_word' id='word_1_61' title='bbox 748 1325 799 1362; x_wconf 86' lang='lat' dir='ltr'><strong>uec</strong></span> <span class='ocrx_word' id='word_1_62' title='bbox 821 1308 963 1384; x_wconf 79' lang='lat' dir='ltr'><strong>quicquum</strong></span> <span class='ocrx_word' id='word_1_63' title='bbox 982 1325 1015 1385; x_wconf 63' lang='lat' dir='ltr'><strong>eu</strong></span> <span class='ocrx_word' id='word_1_64' title='bbox 1032 1325 1063 1360; x_wconf 87' lang='lat' dir='ltr'><strong>ca</strong></span> <span class='ocrx_word' id='word_1_65' title='bbox 1087 1315 1193 1381; x_wconf 86' lang='lat' dir='ltr'><strong>praeter</strong></span> 
     </span>
     <span class='ocr_line' id='line_1_10' title="bbox 107 1389 1193 1469; baseline 0.005 -26"><span class='ocrx_word' id='word_1_66' title='bbox 107 1389 136 1448; x_wconf 81' lang='grc'><strong>3.</strong></span> <span class='ocrx_word' id='word_1_67' title='bbox 166 1389 374 1450; x_wconf 78' lang='lat' dir='ltr'><strong>deessentrPM</strong></span> <span class='ocrx_word' id='word_1_68' title='bbox 383 1391 608 1454; x_wconf 80' lang='lat' dir='ltr'><strong>Leid.1.Voss.u.</strong></span> <span class='ocrx_word' id='word_1_69' title='bbox 748 1413 828 1469; x_wconf 75' lang='lat' dir='ltr'><strong>quam</strong></span> <span class='ocrx_word' id='word_1_70' title='bbox 846 1411 960 1468; x_wconf 84' lang='lat' dir='ltr'><strong>corpora</strong></span> <span class='ocrx_word' id='word_1_71' title='bbox 982 1401 1074 1450; x_wconf 85' lang='lat' dir='ltr'><strong>nostra</strong></span> <span class='ocrx_word' id='word_1_72' title='bbox 1096 1391 1193 1448; x_wconf 86' lang='lat' dir='ltr'><strong>deben-</strong></span> 
     </span>
    </p>

    <p class='ocr_par' dir='ltr' id='par_1_4' title="bbox 163 1476 1041 1554">
     <span class='ocr_line' id='line_1_11' title="bbox 163 1476 1041 1554; baseline 0.005 -22"><span class='ocrx_word' id='word_1_73' title='bbox 163 1476 268 1554; x_wconf 87' lang='lat' dir='ltr'><strong>multiq.</strong></span> <span class='ocrx_word' id='word_1_74' title='bbox 296 1477 342 1536; x_wconf 87' lang='lat' dir='ltr'><strong>alii</strong></span> <span class='ocrx_word' id='word_1_75' title='bbox 369 1479 467 1552; x_wconf 75' lang='lat' dir='ltr'><strong>codd]</strong></span> <span class='ocrx_word' id='word_1_76' title='bbox 495 1481 607 1541; x_wconf 80' lang='lat' dir='ltr'><strong>deesset.</strong></span> <span class='ocrx_word' id='word_1_77' title='bbox 748 1488 793 1536; x_wconf 90' lang='lat' dir='ltr'><strong>tur</strong></span> <span class='ocrx_word' id='word_1_78' title='bbox 810 1479 985 1539; x_wconf 83' lang='lat' dir='ltr'><strong>Samnitibus.</strong></span> <span class='ocrx_word' id='word_1_79' title='bbox 1037 1539 1041 1548; x_wconf 56' lang='grc'><strong>,</strong></span> 
     </span>
    </p>

    <p class='ocr_par' dir='ltr' id='par_1_5' title="bbox 156 1566 1194 2514">
     <span class='ocr_line' id='line_1_12' title="bbox 158 1566 1193 1645; baseline 0.004 -26"><span class='ocrx_word' id='word_1_80' title='bbox 158 1579 199 1612; x_wconf 74' lang='lat'><strong>2-</strong></span> <span class='ocrx_word' id='word_1_81' title='bbox 221 1567 356 1640; x_wconf 71' lang='lat' dir='ltr'><strong>‚‚Denen‚</strong></span> <span class='ocrx_word' id='word_1_82' title='bbox 373 1587 419 1624; x_wconf 90' lang='lat' dir='ltr'><strong>um</strong></span> <span class='ocrx_word' id='word_1_83' title='bbox 437 1567 488 1623; x_wconf 81' lang='lat' dir='ltr'><strong>alle</strong></span> <span class='ocrx_word' id='word_1_84' title='bbox 505 1566 607 1625; x_wconf 80' lang='lat' dir='ltr'><strong>libren-</strong></span> <span class='ocrx_word' id='word_1_85' title='bbox 696 1567 723 1625; x_wconf 85' lang='grc'><strong>3.</strong></span> <span class='ocrx_word' id='word_1_86' title='bbox 747 1568 932 1645; x_wconf 80' lang='lat' dir='ltr'><strong>rogationem</strong></span> <span class='ocrx_word' id='word_1_87' title='bbox 962 1581 1035 1644; x_wconf 83' lang='lat' dir='ltr'><strong>ergo</strong></span> <span class='ocrx_word' id='word_1_88' title='bbox 1061 1566 1193 1642; x_wconf 83' lang='lat' dir='ltr'><strong>promul·</strong></span> 
     </span>
     <span class='ocr_line' id='line_1_13' title="bbox 161 1651 1193 1734; baseline 0.004 -28"><span class='ocrx_word' id='word_1_89' title='bbox 161 1659 246 1708; x_wconf 79' lang='lat' dir='ltr'><strong>amter</strong></span> <span class='ocrx_word' id='word_1_90' title='bbox 275 1651 410 1710; x_wconf 84' lang='lat' dir='ltr'><strong>belleidet</strong></span> <span class='ocrx_word' id='word_1_91' title='bbox 443 1673 477 1710; x_wconf 82' lang='lat' dir='ltr'><strong>au</strong></span> <span class='ocrx_word' id='word_1_92' title='bbox 511 1654 607 1721; x_wconf 81' lang='lat' dir='ltr'><strong>haben,</strong></span> <span class='ocrx_word' id='word_1_93' title='bbox 746 1661 860 1734; x_wconf 79' lang='lat' dir='ltr'><strong>gerunt</strong></span> <span class='ocrx_word' id='word_1_94' title='bbox 877 1661 990 1710; x_wconf 78' lang='lat' dir='ltr'><strong>etcum</strong></span> <span class='ocrx_word' id='word_1_95' title='bbox 1008 1671 1193 1732; x_wconf 76' lang='lat' dir='ltr'><strong>ruroregures</strong></span> 
     </span>
     <span class='ocr_line' id='line_1_14' title="bbox 160 1737 1194 1816; baseline 0.002 -22"><span class='ocrx_word' id='word_1_96' title='bbox 160 1737 249 1795; x_wconf 80' lang='lat' dir='ltr'><strong>nicbte</strong></span> <span class='ocrx_word' id='word_1_97' title='bbox 261 1740 356 1796; x_wconf 84' lang='lat' dir='ltr'><strong>weiter</strong></span> <span class='ocrx_word' id='word_1_98' title='bbox 367 1739 407 1796; x_wconf 87' lang='lat' dir='ltr'><strong>ols</strong></span> <span class='ocrx_word' id='word_1_99' title='bbox 426 1740 470 1798; x_wconf 87' lang='lat' dir='ltr'><strong>die</strong></span> <span class='ocrx_word' id='word_1_100' title='bbox 479 1741 607 1798; x_wconf 87' lang='lat' dir='ltr'><strong>Priester·</strong></span> <span class='ocrx_word' id='word_1_101' title='bbox 749 1759 786 1796; x_wconf 88' lang='lat' dir='ltr'><strong>rur</strong></span> <span class='ocrx_word' id='word_1_102' title='bbox 801 1739 958 1816; x_wconf 73' lang='lat' dir='ltr'><strong>pontefices</strong></span> <span class='ocrx_word' id='word_1_103' title='bbox 975 1757 1012 1796; x_wconf 88' lang='lat' dir='ltr'><strong>eo</strong></span> <span class='ocrx_word' id='word_1_104' title='bbox 1022 1747 1194 1814; x_wconf 81' lang='lat' dir='ltr'><strong>tempestate</strong></span> 
     </span>
     <span class='ocr_line' id='line_1_15' title="bbox 162 1823 606 1906; baseline 0.011 -27"><span class='ocrx_word' id='word_1_105' title='bbox 162 1823 257 1880; x_wconf 88' lang='lat' dir='ltr'><strong>stellen</strong></span> <span class='ocrx_word' id='word_1_106' title='bbox 275 1825 406 1887; x_wconf 85' lang='lat' dir='ltr'><strong>lehlten“.</strong></span> <span class='ocrx_word' id='word_1_107' title='bbox 442 1828 525 1903; x_wconf 82' lang='lat' dir='ltr'><strong>Quod</strong></span> <span class='ocrx_word' id='word_1_108' title='bbox 546 1847 606 1906; x_wconf 91' lang='lat' dir='ltr'><strong>per·</strong></span> 
     </span>
     <span class='ocr_line' id='line_1_16' title="bbox 161 1911 606 1984; baseline 0.004 -14"><span class='ocrx_word' id='word_1_109' title='bbox 161 1911 253 1970; x_wconf 89' lang='lat' dir='ltr'><strong>multis</strong></span> <span class='ocrx_word' id='word_1_110' title='bbox 260 1911 330 1970; x_wconf 86' lang='lat' dir='ltr'><strong>loeis</strong></span> <span class='ocrx_word' id='word_1_111' title='bbox 342 1913 433 1971; x_wconf 85' lang='lat' dir='ltr'><strong>videre</strong></span> <span class='ocrx_word' id='word_1_112' title='bbox 441 1913 513 1984; x_wconf 87' lang='lat' dir='ltr'><strong>licet,</strong></span> <span class='ocrx_word' id='word_1_113' title='bbox 524 1915 606 1973; x_wconf 81' lang='lat' dir='ltr'><strong>verba</strong></span> 
     </span>
     <span class='ocr_line' id='line_1_17' title="bbox 163 2001 651 2078; baseline 0.004 -22"><span class='ocrx_word' id='word_1_114' title='bbox 163 2019 219 2058; x_wconf 91' lang='lat' dir='ltr'><strong>nou</strong></span> <span class='ocrx_word' id='word_1_115' title='bbox 236 2021 343 2077; x_wconf 86' lang='lat' dir='ltr'><strong>semper</strong></span> <span class='ocrx_word' id='word_1_116' title='bbox 359 2001 394 2058; x_wconf 86' lang='lat' dir='ltr'><strong>ad</strong></span> <span class='ocrx_word' id='word_1_117' title='bbox 405 2002 474 2059; x_wconf 83' lang='lat' dir='ltr'><strong>iusta</strong></span> <span class='ocrx_word' id='word_1_118' title='bbox 487 2003 607 2062; x_wconf 87' lang='lat' dir='ltr'><strong>subiecta</strong></span> <span class='ocrx_word' id='word_1_119' title='bbox 645 2058 651 2078; x_wconf 46' lang='lat'><strong><em>¹</em></strong></span> 
     </span>
     <span class='ocr_line' id='line_1_18' title="bbox 161 2088 606 2167; baseline 0.007 -23"><span class='ocrx_word' id='word_1_120' title='bbox 161 2088 209 2144; x_wconf 88' lang='lat' dir='ltr'><strong>sed</strong></span> <span class='ocrx_word' id='word_1_121' title='bbox 227 2088 261 2144; x_wconf 84' lang='lat' dir='ltr'><strong>&#39;ad</strong></span> <span class='ocrx_word' id='word_1_122' title='bbox 280 2091 402 2164; x_wconf 83' lang='lat' dir='ltr'><strong>proxima</strong></span> <span class='ocrx_word' id='word_1_123' title='bbox 420 2108 541 2167; x_wconf 80' lang='lat' dir='ltr'><strong>quaeque</strong></span> <span class='ocrx_word' id='word_1_124' title='bbox 557 2110 606 2147; x_wconf 85' lang='lat' dir='ltr'><strong>no·</strong></span> 
     </span>
     <span class='ocr_line' id='line_1_19' title="bbox 161 2174 605 2254; baseline 0.007 -23"><span class='ocrx_word' id='word_1_125' title='bbox 161 2176 234 2232; x_wconf 89' lang='lat' dir='ltr'><strong>mina</strong></span> <span class='ocrx_word' id='word_1_126' title='bbox 262 2196 277 2232; x_wconf 83' lang='lat' dir='ltr'><strong>u</strong></span> <span class='ocrx_word' id='word_1_127' title='bbox 300 2174 380 2235; x_wconf 83' lang='lat' dir='ltr'><strong>Livio</strong></span> <span class='ocrx_word' id='word_1_128' title='bbox 406 2175 535 2254; x_wconf 78' lang='lat' dir='ltr'><strong>applicari</strong></span> <span class='ocrx_word' id='word_1_129' title='bbox 560 2195 605 2234; x_wconf 89' lang='lat' dir='ltr'><strong>so·</strong></span> 
     </span>
     <span class='ocr_line' id='line_1_20' title="bbox 161 2261 603 2334; baseline 0.005 -16"><span class='ocrx_word' id='word_1_130' title='bbox 161 2261 216 2318; x_wconf 89' lang='lat' dir='ltr'><strong>lere</strong></span> <span class='ocrx_word' id='word_1_131' title='bbox 243 2262 294 2334; x_wconf 79' lang='lat' dir='ltr'><strong>(ot</strong></span> <span class='ocrx_word' id='word_1_132' title='bbox 318 2263 348 2332; x_wconf 69' lang='lat' dir='ltr'><strong>b,</strong></span> <span class='ocrx_word' id='word_1_133' title='bbox 370 2265 410 2323; x_wconf 81' lang='lat'><strong>3.:</strong></span> <span class='ocrx_word' id='word_1_134' title='bbox 439 2284 474 2320; x_wconf 91' lang='lat' dir='ltr'><strong>ne</strong></span> <span class='ocrx_word' id='word_1_135' title='bbox 500 2264 603 2321; x_wconf 86' lang='lat' dir='ltr'><strong>reddita</strong></span> 
     </span>
     <span class='ocr_line' id='line_1_21' title="bbox 161 2348 658 2410; baseline 0.004 -4"><span class='ocrx_word' id='word_1_136' title='bbox 161 2349 231 2406; x_wconf 88' lang='lat' dir='ltr'><strong>bona</strong></span> <span class='ocrx_word' id='word_1_137' title='bbox 250 2348 314 2407; x_wconf 88' lang='lat' dir='ltr'><strong>belli</strong></span> <span class='ocrx_word' id='word_1_138' title='bbox 325 2349 507 2410; x_wconf 75' lang='lat' dir='ltr'><strong>adiumentum</strong></span> <span class='ocrx_word' id='word_1_139' title='bbox 519 2361 603 2408; x_wconf 75' lang='lat' dir='ltr'><strong>estete</strong></span> <span class='ocrx_word' id='word_1_140' title='bbox 656 2387 658 2394; x_wconf 77' lang='lat'><em>=</em></span> 
     </span>
     <span class='ocr_line' id='line_1_22' title="bbox 156 2437 607 2514; baseline 0.007 -22"><span class='ocrx_word' id='word_1_141' title='bbox 156 2439 206 2514; x_wconf 85' lang='grc' dir='ltr'><strong>Ι10,</strong></span> <span class='ocrx_word' id='word_1_142' title='bbox 218 2439 257 2495; x_wconf 70' lang='lat' dir='ltr'><strong>il:</strong></span> <span class='ocrx_word' id='word_1_143' title='bbox 274 2447 394 2514; x_wconf 85' lang='lat' dir='ltr'><strong>poterat:</strong></span> <span class='ocrx_word' id='word_1_144' title='bbox 406 2437 467 2510; x_wconf 78' lang='lat' dir='ltr'><strong>ul),</strong></span> <span class='ocrx_word' id='word_1_145' title='bbox 485 2437 516 2502; x_wconf 84' lang='lat' dir='ltr'><strong>id</strong></span> <span class='ocrx_word' id='word_1_146' title='bbox 526 2440 607 2495; x_wconf 85' lang='lat' dir='ltr'><strong>eliam</strong></span> 
     </span>
    </p>

    <p class='ocr_par' dir='ltr' id='par_1_6' title="bbox 159 2521 606 3105">
     <span class='ocr_line' id='line_1_23' title="bbox 161 2521 606 2601; baseline 0.007 -21"><span class='ocrx_word' id='word_1_147' title='bbox 161 2524 190 2580; x_wconf 92' lang='lat' dir='ltr'><strong>in</strong></span> <span class='ocrx_word' id='word_1_148' title='bbox 213 2521 256 2580; x_wconf 88' lang='lat' dir='ltr'><strong>his</strong></span> <span class='ocrx_word' id='word_1_149' title='bbox 279 2523 386 2583; x_wconf 86' lang='lat' dir='ltr'><strong>dicendi</strong></span> <span class='ocrx_word' id='word_1_150' title='bbox 406 2527 549 2601; x_wconf 80' lang='lat' dir='ltr'><strong>generibus</strong></span> <span class='ocrx_word' id='word_1_151' title='bbox 567 2526 606 2583; x_wconf 84' lang='lat' dir='ltr'><strong>le·</strong></span> 
     </span>
     <span class='ocr_line' id='line_1_24' title="bbox 160 2612 606 2682; baseline 0.004 -14"><span class='ocrx_word' id='word_1_152' title='bbox 160 2620 233 2669; x_wconf 86' lang='lat' dir='ltr'><strong>ctum</strong></span> <span class='ocrx_word' id='word_1_153' title='bbox 251 2612 387 2682; x_wconf 86' lang='lat' dir='ltr'><strong>videmus,</strong></span> <span class='ocrx_word' id='word_1_154' title='bbox 405 2622 435 2670; x_wconf 88' lang='lat' dir='ltr'><strong>ut</strong></span> <span class='ocrx_word' id='word_1_155' title='bbox 451 2612 532 2670; x_wconf 83' lang='lat' dir='ltr'><strong>verba</strong></span> <span class='ocrx_word' id='word_1_156' title='bbox 549 2633 606 2672; x_wconf 88' lang='lat' dir='ltr'><strong>uon</strong></span> 
     </span>
     <span class='ocr_line' id='line_1_25' title="bbox 161 2695 606 2776; baseline 0.007 -24"><span class='ocrx_word' id='word_1_157' title='bbox 161 2696 196 2752; x_wconf 81' lang='lat' dir='ltr'><strong>ad</strong></span> <span class='ocrx_word' id='word_1_158' title='bbox 213 2695 297 2766; x_wconf 77' lang='lat' dir='ltr'><strong>nihil,</strong></span> <span class='ocrx_word' id='word_1_159' title='bbox 315 2717 368 2774; x_wconf 90' lang='lat' dir='ltr'><strong>quo</strong></span> <span class='ocrx_word' id='word_1_160' title='bbox 385 2702 520 2776; x_wconf 85' lang='lat' dir='ltr'><strong>pertinere</strong></span> <span class='ocrx_word' id='word_1_161' title='bbox 531 2695 606 2756; x_wconf 86' lang='lat' dir='ltr'><strong>vide·</strong></span> 
     </span>
     <span class='ocr_line' id='line_1_26' title="bbox 160 2783 605 2859; baseline 0.004 -19"><span class='ocrx_word' id='word_1_162' title='bbox 160 2791 263 2850; x_wconf 78' lang='lat' dir='ltr'><strong>rentur,</strong></span> <span class='ocrx_word' id='word_1_163' title='bbox 274 2783 324 2840; x_wconf 88' lang='lat' dir='ltr'><strong>sed</strong></span> <span class='ocrx_word' id='word_1_164' title='bbox 336 2783 371 2840; x_wconf 85' lang='lat' dir='ltr'><strong>ud</strong></span> <span class='ocrx_word' id='word_1_165' title='bbox 383 2804 413 2839; x_wconf 90' lang='lat' dir='ltr'><strong>ea</strong></span> <span class='ocrx_word' id='word_1_166' title='bbox 425 2786 533 2840; x_wconf 87' lang='lat' dir='ltr'><strong>uomina</strong></span> <span class='ocrx_word' id='word_1_167' title='bbox 546 2785 605 2859; x_wconf 84' lang='lat' dir='ltr'><strong>qui·</strong></span> 
     </span>
     <span class='ocr_line' id='line_1_27' title="bbox 162 2867 605 2948; baseline 0 -22"><span class='ocrx_word' id='word_1_168' title='bbox 162 2869 214 2927; x_wconf 89' lang='lat' dir='ltr'><strong>bus</strong></span> <span class='ocrx_word' id='word_1_169' title='bbox 232 2889 276 2928; x_wconf 81' lang='lat' dir='ltr'><strong>res</strong></span> <span class='ocrx_word' id='word_1_170' title='bbox 300 2871 511 2948; x_wconf 84' lang='lat' dir='ltr'><strong>exprimerentur</strong></span> <span class='ocrx_word' id='word_1_171' title='bbox 529 2867 605 2927; x_wconf 79' lang='lat' dir='ltr'><strong>&#39;exci-</strong></span> 
     </span>
     <span class='ocr_line' id='line_1_28' title="bbox 159 2948 606 3036; baseline 0 -22"><span class='ocrx_word' id='word_1_172' title='bbox 159 2948 290 3036; x_wconf 84' lang='lat' dir='ltr'><strong>piendae,</strong></span> <span class='ocrx_word' id='word_1_173' title='bbox 308 2957 479 3017; x_wconf 84' lang='lat' dir='ltr'><strong>referrentur.</strong></span> <span class='ocrx_word' id='word_1_174' title='bbox 508 2977 559 3014; x_wconf 89' lang='lat' dir='ltr'><strong>nee</strong></span> <span class='ocrx_word' id='word_1_175' title='bbox 574 2956 606 3014; x_wconf 84' lang='lat' dir='ltr'><strong>id</strong></span> 
     </span>
     <span class='ocr_line' id='line_1_29' title="bbox 160 3041 605 3105; baseline 0 -5"><span class='ocrx_word' id='word_1_176' title='bbox 160 3046 221 3101; x_wconf 88' lang='lat' dir='ltr'><strong>siue</strong></span> <span class='ocrx_word' id='word_1_177' title='bbox 249 3063 328 3102; x_wconf 82' lang='lat' dir='ltr'><strong>eausa</strong></span> <span class='ocrx_word' id='word_1_178' title='bbox 357 3047 464 3105; x_wconf 86' lang='lat' dir='ltr'><strong>videtur</strong></span> <span class='ocrx_word' id='word_1_179' title='bbox 493 3041 605 3102; x_wconf 76' lang='lat' dir='ltr'><strong>factum</strong></span> 
     </span>
    </p>

    <p class='ocr_par' dir='ltr' id='par_1_7' title="bbox 141 3131 608 3461">
     <span class='ocr_line' id='line_1_30' title="bbox 141 3131 608 3196; baseline 0.013 -9"><span class='ocrx_word' id='word_1_180' title='bbox 141 3191 143 3196; x_wconf 68' lang='grc'>,</span> <span class='ocrx_word' id='word_1_181' title='bbox 160 3152 221 3188; x_wconf 89' lang='lat' dir='ltr'><strong>cum</strong></span> <span class='ocrx_word' id='word_1_182' title='bbox 238 3133 310 3189; x_wconf 91' lang='lat' dir='ltr'><strong>enim</strong></span> <span class='ocrx_word' id='word_1_183' title='bbox 327 3152 382 3190; x_wconf 90' lang='lat' dir='ltr'><strong>non</strong></span> <span class='ocrx_word' id='word_1_184' title='bbox 399 3136 427 3191; x_wconf 92' lang='lat' dir='ltr'><strong>in</strong></span> <span class='ocrx_word' id='word_1_185' title='bbox 446 3153 513 3190; x_wconf 86' lang='lat' dir='ltr'><strong>voce</strong></span> <span class='ocrx_word' id='word_1_186' title='bbox 530 3131 608 3193; x_wconf 78' lang='lat' dir='ltr'><strong>nihil</strong></span> 
     </span>
     <span class='ocr_line' id='line_1_31' title="bbox 162 3216 606 3296; baseline 0.002 -21"><span class='ocrx_word' id='word_1_187' title='bbox 162 3216 212 3276; x_wconf 86' lang='lat' dir='ltr'><strong>scd</strong></span> <span class='ocrx_word' id='word_1_188' title='bbox 236 3217 332 3278; x_wconf 89' lang='lat' dir='ltr'><strong>iubis</strong></span> <span class='ocrx_word' id='word_1_189' title='bbox 358 3219 427 3296; x_wconf 85' lang='lat' dir='ltr'><strong>ipris</strong></span> <span class='ocrx_word' id='word_1_190' title='bbox 451 3220 606 3280; x_wconf 83' lang='lat' dir='ltr'><strong>nominibus</strong></span> 
     </span>
     <span class='ocr_line' id='line_1_32' title="bbox 159 3305 606 3385; baseline 0.004 -23"><span class='ocrx_word' id='word_1_191' title='bbox 159 3326 223 3366; x_wconf 81' lang='lat' dir='ltr'><strong>uera</strong></span> <span class='ocrx_word' id='word_1_192' title='bbox 244 3305 436 3364; x_wconf 85' lang='lat' dir='ltr'><strong>sententiarum</strong></span> <span class='ocrx_word' id='word_1_193' title='bbox 453 3309 495 3370; x_wconf 84' lang='lat' dir='ltr'><strong>vis</strong></span> <span class='ocrx_word' id='word_1_194' title='bbox 517 3309 606 3385; x_wconf 81' lang='lat' dir='ltr'><strong>posita</strong></span> 
     </span>
     <span class='ocr_line' id='line_1_33' title="bbox 159 3389 606 3461; baseline 0 -10"><span class='ocrx_word' id='word_1_195' title='bbox 159 3391 305 3461; x_wconf 84' lang='lat' dir='ltr'><strong>videretur,</strong></span> <span class='ocrx_word' id='word_1_196' title='bbox 317 3389 368 3449; x_wconf 74' lang='lat' dir='ltr'><strong>liae</strong></span> <span class='ocrx_word' id='word_1_197' title='bbox 380 3394 557 3452; x_wconf 82' lang='lat' dir='ltr'><strong>connectendi</strong></span> <span class='ocrx_word' id='word_1_198' title='bbox 565 3415 606 3451; x_wconf 83' lang='lat' dir='ltr'><strong>ru·</strong></span> 
     </span>
    </p>
   </div>
   <div class='ocr_carea' id='block_1_4' title="bbox 694 1821 1209 3470">
    <p class='ocr_par' dir='ltr' id='par_1_8' title="bbox 747 1821 1194 2166">
     <span class='ocr_line' id='line_1_34' title="bbox 748 1821 1194 1885; baseline -0.007 0"><span class='ocrx_word' id='word_1_199' title='bbox 748 1835 850 1885; x_wconf 79' lang='lat' dir='ltr'><strong>essent</strong></span> <span class='ocrx_word' id='word_1_200' title='bbox 867 1835 930 1885; x_wconf 74' lang='lat' dir='ltr'><strong>ectr</strong></span> <span class='ocrx_word' id='word_1_201' title='bbox 949 1821 1007 1885; x_wconf 89' lang='lat' dir='ltr'><strong>Plll.</strong></span> <span class='ocrx_word' id='word_1_202' title='bbox 1021 1823 1138 1884; x_wconf 78' lang='lat' dir='ltr'><strong>-‘Lov.</strong></span> <span class='ocrx_word' id='word_1_203' title='bbox 1152 1827 1194 1884; x_wconf 69' lang='lat' dir='ltr'><strong>‘lt</strong></span> 
     </span>
     <span class='ocr_line' id='line_1_35' title="bbox 747 1911 1192 1989; baseline -0.009 -18"><span class='ocrx_word' id='word_1_204' title='bbox 747 1915 913 1989; x_wconf 81' lang='lat' dir='ltr'><strong>rogationem</strong></span> <span class='ocrx_word' id='word_1_205' title='bbox 936 1913 1017 1987; x_wconf 81' lang='lat' dir='ltr'><strong>igilur</strong></span> <span class='ocrx_word' id='word_1_206' title='bbox 1042 1911 1192 1989; x_wconf 80' lang='lat' dir='ltr'><strong>promulga-</strong></span> 
     </span>
     <span class='ocr_line' id='line_1_36' title="bbox 747 1999 1192 2068; baseline -0.004 -10"><span class='ocrx_word' id='word_1_207' title='bbox 747 2011 818 2060; x_wconf 83' lang='lat' dir='ltr'><strong>runt.</strong></span> <span class='ocrx_word' id='word_1_208' title='bbox 831 1999 958 2058; x_wconf 83' lang='lat' dir='ltr'><strong>Gelenius</strong></span> <span class='ocrx_word' id='word_1_209' title='bbox 967 2001 1192 2068; x_wconf 82' lang='lat' dir='ltr'><strong>coniunctionem,</strong></span> 
     </span>
     <span class='ocr_line' id='line_1_37' title="bbox 748 2085 1192 2166; baseline 0.002 -22"><span class='ocrx_word' id='word_1_210' title='bbox 748 2097 817 2166; x_wconf 82' lang='lat' dir='ltr'><strong>quae</strong></span> <span class='ocrx_word' id='word_1_211' title='bbox 831 2088 937 2144; x_wconf 85' lang='lat' dir='ltr'><strong>duobus</strong></span> <span class='ocrx_word' id='word_1_212' title='bbox 947 2087 1099 2156; x_wconf 81' lang='lat' dir='ltr'><strong>recentibus</strong></span> <span class='ocrx_word' id='word_1_213' title='bbox 1113 2085 1192 2146; x_wconf 87' lang='lat' dir='ltr'><strong>codd.</strong></span> 
     </span>
    </p>

    <p class='ocr_par' dir='ltr' id='par_1_9' title="bbox 696 2173 1193 2329">
     <span class='ocr_line' id='line_1_38' title="bbox 696 2173 1192 2258; baseline -0.006 -26"><span class='ocrx_word' id='word_1_214' title='bbox 696 2215 699 2222; x_wconf 82' lang='lat'>·</span> <span class='ocrx_word' id='word_1_215' title='bbox 747 2177 867 2251; x_wconf 78' lang='lat' dir='ltr'><strong>exeeptis</strong></span> <span class='ocrx_word' id='word_1_216' title='bbox 879 2177 908 2234; x_wconf 88' lang='lat' dir='ltr'><strong>iu</strong></span> <span class='ocrx_word' id='word_1_217' title='bbox 920 2173 993 2258; x_wconf 79' lang='lat' dir='ltr'><strong>nullo</strong></span> <span class='ocrx_word' id='word_1_218' title='bbox 1005 2175 1133 2250; x_wconf 83' lang='lat' dir='ltr'><strong>mseripto</strong></span> <span class='ocrx_word' id='word_1_219' title='bbox 1147 2173 1192 2230; x_wconf 90' lang='lat' dir='ltr'><strong>de·</strong></span> 
     </span>
     <span class='ocr_line' id='line_1_39' title="bbox 746 2259 1193 2329; baseline -0.004 -11"><span class='ocrx_word' id='word_1_220' title='bbox 746 2261 890 2329; x_wconf 81' lang='lat' dir='ltr'><strong>sideratur,</strong></span> <span class='ocrx_word' id='word_1_221' title='bbox 907 2260 1043 2318; x_wconf 82' lang='lat' dir='ltr'><strong>inductum</strong></span> <span class='ocrx_word' id='word_1_222' title='bbox 1055 2259 1148 2319; x_wconf 84' lang='lat' dir='ltr'><strong>voluit.</strong></span> <span class='ocrx_word' id='word_1_223' title='bbox 1161 2292 1193 2302; x_wconf 96' lang='lat'><em>-</em></span> 
     </span>
    </p>

    <p class='ocr_par' dir='ltr' id='par_1_10' title="bbox 722 2346 1209 3032">
     <span class='ocr_line' id='line_1_40' title="bbox 722 2346 1192 2428; baseline -0.002 -22"><span class='ocrx_word' id='word_1_224' title='bbox 722 2353 725 2360; x_wconf 79' lang='grc'><strong>“</strong></span> <span class='ocrx_word' id='word_1_225' title='bbox 745 2347 786 2406; x_wconf 85' lang='lat' dir='ltr'><strong>lll:</strong></span> <span class='ocrx_word' id='word_1_226' title='bbox 803 2346 942 2425; x_wconf 82' lang='lat' dir='ltr'><strong>placerent</strong></span> <span class='ocrx_word' id='word_1_227' title='bbox 958 2369 1026 2428; x_wconf 88' lang='lat' dir='ltr'><strong>quae</strong></span> <span class='ocrx_word' id='word_1_228' title='bbox 1044 2351 1135 2424; x_wconf 81' lang='lat' dir='ltr'><strong>augeri</strong></span> <span class='ocrx_word' id='word_1_229' title='bbox 1150 2369 1192 2405; x_wconf 88' lang='lat' dir='ltr'><strong>sa·</strong></span> 
     </span>
     <span class='ocr_line' id='line_1_41' title="bbox 747 2430 1209 2520; baseline -0.004 -28"><span class='ocrx_word' id='word_1_230' title='bbox 747 2434 888 2494; x_wconf 85' lang='lat' dir='ltr'><strong>cerdotum</strong></span> <span class='ocrx_word' id='word_1_231' title='bbox 909 2430 1049 2494; x_wconf 81' lang='lat' dir='ltr'><strong>numerum</strong></span> <span class='ocrx_word' id='word_1_232' title='bbox 1070 2452 1107 2491; x_wconf 90' lang='lat' dir='ltr'><strong>nn</strong></span> <span class='ocrx_word' id='word_1_233' title='bbox 1124 2454 1209 2520; x_wconf 54' lang='lat' dir='ltr'><strong>pon·N</strong></span> 
     </span>
     <span class='ocr_line' id='line_1_42' title="bbox 745 2521 1192 2600; baseline -0.009 -20"><span class='ocrx_word' id='word_1_234' title='bbox 745 2523 832 2582; x_wconf 79' lang='lat' dir='ltr'><strong>tilices</strong></span> <span class='ocrx_word' id='word_1_235' title='bbox 862 2543 881 2582; x_wconf 82' lang='lat' dir='ltr'>v</span> <span class='ocrx_word' id='word_1_236' title='bbox 908 2542 1020 2600; x_wconf 78' lang='lat' dir='ltr'><strong>augures</strong></span> <span class='ocrx_word' id='word_1_237' title='bbox 1050 2521 1085 2579; x_wconf 81' lang='lat' dir='ltr'><strong>cle</strong></span> <span class='ocrx_word' id='word_1_238' title='bbox 1113 2521 1192 2600; x_wconf 86' lang='lat' dir='ltr'><strong>plebe</strong></span> 
     </span>
     <span class='ocr_line' id='line_1_43' title="bbox 747 2609 1192 2684; baseline -0.009 -16"><span class='ocrx_word' id='word_1_239' title='bbox 747 2630 840 2668; x_wconf 88' lang='lat' dir='ltr'><strong>omues</strong></span> <span class='ocrx_word' id='word_1_240' title='bbox 853 2610 1022 2684; x_wconf 85' lang='lat' dir='ltr'><strong>udlegrentur</strong></span> <span class='ocrx_word' id='word_1_241' title='bbox 1034 2613 1085 2680; x_wconf 83' lang='lat' dir='ltr'><strong>(m.</strong></span> <span class='ocrx_word' id='word_1_242' title='bbox 1097 2611 1137 2668; x_wconf 83' lang='grc'><strong>3.;</strong></span> <span class='ocrx_word' id='word_1_243' title='bbox 1147 2609 1192 2666; x_wconf 88' lang='lat' dir='ltr'><strong>ad·</strong></span> 
     </span>
     <span class='ocr_line' id='line_1_44' title="bbox 745 2696 1192 2774; baseline -0.004 -20"><span class='ocrx_word' id='word_1_244' title='bbox 745 2697 921 2774; x_wconf 79' lang='lat' dir='ltr'><strong>legerentur).</strong></span> <span class='ocrx_word' id='word_1_245' title='bbox 956 2697 994 2754; x_wconf 87' lang='lat' dir='ltr'><strong>P:</strong></span> <span class='ocrx_word' id='word_1_246' title='bbox 1021 2696 1192 2774; x_wconf 88' lang='lat' dir='ltr'><strong>lacerentque</strong></span> 
     </span>
     <span class='ocr_line' id='line_1_45' title="bbox 745 2783 1192 2860; baseline 0 -20"><span class='ocrx_word' id='word_1_247' title='bbox 745 2787 837 2860; x_wconf 78' lang='lat' dir='ltr'><strong>augeri</strong></span> <span class='ocrx_word' id='word_1_248' title='bbox 857 2783 1026 2842; x_wconf 86' lang='lat' dir='ltr'><strong>sacerdotum</strong></span> <span class='ocrx_word' id='word_1_249' title='bbox 1052 2803 1192 2842; x_wconf 84' lang='lat' dir='ltr'><strong>numerum</strong></span> 
     </span>
     <span class='ocr_line' id='line_1_46' title="bbox 745 2867 1191 2947; baseline 0.013 -23"><span class='ocrx_word' id='word_1_250' title='bbox 745 2887 785 2938; x_wconf 87' lang='lat' dir='ltr'><strong>uu</strong></span> <span class='ocrx_word' id='word_1_251' title='bbox 809 2869 952 2947; x_wconf 84' lang='lat' dir='ltr'><strong>pontifices</strong></span> <span class='ocrx_word' id='word_1_252' title='bbox 977 2879 1028 2928; x_wconf 87' lang='lat' dir='ltr'><strong>eet.</strong></span> <span class='ocrx_word' id='word_1_253' title='bbox 1055 2899 1090 2912; x_wconf 80' lang='lat'><strong>·-</strong></span> <span class='ocrx_word' id='word_1_254' title='bbox 1121 2867 1191 2930; x_wconf 81' lang='lat' dir='ltr'><strong>cod.</strong></span> 
     </span>
     <span class='ocr_line' id='line_1_47' title="bbox 747 2951 1192 3032; baseline 0.011 -22"><span class='ocrx_word' id='word_1_255' title='bbox 747 2951 843 3014; x_wconf 81' lang='lat' dir='ltr'><strong>Kloet.</strong></span> <span class='ocrx_word' id='word_1_256' title='bbox 854 2956 901 3014; x_wconf 80' lang='lat' dir='ltr'><strong>al:</strong></span> <span class='ocrx_word' id='word_1_257' title='bbox 914 2960 1004 3032; x_wconf 81' lang='lat' dir='ltr'><strong>augeri</strong></span> <span class='ocrx_word' id='word_1_258' title='bbox 1014 2956 1192 3015; x_wconf 81' lang='lat' dir='ltr'><strong>secerdotium</strong></span> 
     </span>
    </p>

    <p class='ocr_par' dir='ltr' id='par_1_11' title="bbox 714 3043 894 3109">
     <span class='ocr_line' id='line_1_48' title="bbox 714 3043 894 3109; baseline 0.017 -9"><span class='ocrx_word' id='word_1_259' title='bbox 714 3043 715 3050; x_wconf 71' lang='grc'>’</span> <span class='ocrx_word' id='word_1_260' title='bbox 745 3057 894 3109; x_wconf 79' lang='lat' dir='ltr'><strong>numerum.</strong></span> 
     </span>
    </p>

    <p class='ocr_par' dir='ltr' id='par_1_12' title="bbox 694 3130 1192 3470">
     <span class='ocr_line' id='line_1_49' title="bbox 694 3130 1191 3207; baseline 0.004 -19"><span class='ocrx_word' id='word_1_261' title='bbox 694 3131 721 3191; x_wconf 83' lang='lat' dir='ltr'><strong>b.</strong></span> <span class='ocrx_word' id='word_1_262' title='bbox 749 3148 837 3207; x_wconf 81' lang='lat' dir='ltr'><strong>quem</strong></span> <span class='ocrx_word' id='word_1_263' title='bbox 848 3130 1023 3191; x_wconf 75' lang='lat' dir='ltr'><strong>admodum</strong></span> <span class='ocrx_word' id='word_1_264' title='bbox 1034 3131 1127 3189; x_wconf 84' lang='lat' dir='ltr'><strong>odnn</strong></span> <span class='ocrx_word' id='word_1_265' title='bbox 1140 3151 1191 3190; x_wconf 83' lang='lat' dir='ltr'><strong>au·</strong></span> 
     </span>
     <span class='ocr_line' id='line_1_50' title="bbox 744 3221 1192 3300; baseline 0.004 -25"><span class='ocrx_word' id='word_1_266' title='bbox 744 3238 854 3300; x_wconf 78' lang='lat' dir='ltr'><strong>garum</strong></span> <span class='ocrx_word' id='word_1_267' title='bbox 865 3238 1020 3276; x_wconf 83' lang='lat' dir='ltr'><strong>numerum</strong></span> <span class='ocrx_word' id='word_1_268' title='bbox 1031 3221 1092 3276; x_wconf 82' lang='lat' dir='ltr'><strong>nisi</strong></span> <span class='ocrx_word' id='word_1_269' title='bbox 1098 3228 1192 3278; x_wconf 82' lang='lat' dir='ltr'><strong>morte</strong></span> 
     </span>
     <span class='ocr_line' id='line_1_51' title="bbox 746 3305 1191 3386; baseline -0.004 -22"><span class='ocrx_word' id='word_1_270' title='bbox 746 3307 874 3364; x_wconf 83' lang='lat' dir='ltr'><strong>duorum</strong></span> <span class='ocrx_word' id='word_1_271' title='bbox 883 3305 917 3362; x_wconf 84' lang='lat' dir='ltr'><strong>id</strong></span> <span class='ocrx_word' id='word_1_272' title='bbox 927 3306 1027 3386; x_wconf 79' lang='lat' dir='ltr'><strong>redigi</strong></span> <span class='ocrx_word' id='word_1_273' title='bbox 1033 3307 1191 3386; x_wconf 80' lang='lat' dir='ltr'><strong>collegium</strong></span> 
     </span>
     <span class='ocr_line' id='line_1_52' title="bbox 743 3389 1191 3470; baseline 0.002 -19"><span class='ocrx_word' id='word_1_274' title='bbox 743 3394 876 3470; x_wconf 74' lang='lat' dir='ltr'><strong>potuerit</strong></span> <span class='ocrx_word' id='word_1_275' title='bbox 895 3413 957 3450; x_wconf 63' lang='lat' dir='ltr'><strong>,non</strong></span> <span class='ocrx_word' id='word_1_276' title='bbox 981 3389 1118 3450; x_wconf 79' lang='lat' dir='ltr'><strong>irueem‘o:¹</strong></span> <span class='ocrx_word' id='word_1_277' title='bbox 1141 3393 1191 3452; x_wconf 86' lang='lat' dir='ltr'><strong>Plll</strong></span> 
     </span>
    </p>
   </div>
   <div class='ocr_carea' id='block_1_5' title="bbox 159 3477 607 3734">
    <p class='ocr_par' dir='ltr' id='par_1_13' title="bbox 159 3477 607 3734">
     <span class='ocr_line' id='line_1_53' title="bbox 161 3477 606 3540; baseline 0.011 -6"><span class='ocrx_word' id='word_1_278' title='bbox 161 3479 236 3534; x_wconf 85' lang='lat' dir='ltr'><strong>tione</strong></span> <span class='ocrx_word' id='word_1_279' title='bbox 245 3477 317 3535; x_wconf 80' lang='lat' dir='ltr'><strong>illem</strong></span> <span class='ocrx_word' id='word_1_280' title='bbox 326 3481 381 3537; x_wconf 84' lang='lat' dir='ltr'><strong>vim</strong></span> <span class='ocrx_word' id='word_1_281' title='bbox 390 3483 468 3537; x_wconf 84' lang='lat' dir='ltr'><strong>etiarn</strong></span> <span class='ocrx_word' id='word_1_282' title='bbox 478 3483 606 3540; x_wconf 88' lang='lat' dir='ltr'><strong>maiorem</strong></span> 
     </span>
     <span class='ocr_line' id='line_1_54' title="bbox 160 3560 607 3637; baseline 0.002 -14"><span class='ocrx_word' id='word_1_283' title='bbox 160 3565 273 3624; x_wconf 83' lang='lat' dir='ltr'><strong>reddere</strong></span> <span class='ocrx_word' id='word_1_284' title='bbox 293 3560 443 3637; x_wconf 77' lang='lat' dir='ltr'><strong>¹voluerunt.</strong></span> <span class='ocrx_word' id='word_1_285' title='bbox 465 3587 521 3624; x_wconf 89' lang='lat' dir='ltr'><strong>uon</strong></span> <span class='ocrx_word' id='word_1_286' title='bbox 536 3587 607 3624; x_wconf 86' lang='lat' dir='ltr'><strong>sem·</strong></span> 
     </span>
     <span class='ocr_line' id='line_1_55' title="bbox 159 3651 605 3734; baseline 0 -24"><span class='ocrx_word' id='word_1_287' title='bbox 159 3673 209 3734; x_wconf 87' lang='lat' dir='ltr'><strong>per</strong></span> <span class='ocrx_word' id='word_1_288' title='bbox 225 3663 314 3709; x_wconf 86' lang='lat' dir='ltr'><strong>tamen</strong></span> <span class='ocrx_word' id='word_1_289' title='bbox 332 3651 385 3709; x_wconf 89' lang='lat' dir='ltr'><strong>boc</strong></span> <span class='ocrx_word' id='word_1_290' title='bbox 397 3651 504 3710; x_wconf 87' lang='lat' dir='ltr'><strong>dicendi</strong></span> <span class='ocrx_word' id='word_1_291' title='bbox 521 3672 605 3728; x_wconf 80' lang='lat' dir='ltr'><strong>genus</strong></span> 
     </span>
    </p>
   </div>
   <div class='ocr_carea' id='block_1_6' title="bbox 159 3741 681 3818">
    <p class='ocr_par' dir='ltr' id='par_1_14' title="bbox 159 3741 681 3818">
     <span class='ocr_line' id='line_1_56' title="bbox 159 3741 681 3818; baseline -0.002 -20"><span class='ocrx_word' id='word_1_292' title='bbox 159 3761 175 3798; x_wconf 81' lang='lat' dir='ltr'><strong>s</strong></span> <span class='ocrx_word' id='word_1_293' title='bbox 201 3741 319 3798; x_wconf 85' lang='lat' dir='ltr'><strong>librariis</strong></span> <span class='ocrx_word' id='word_1_294' title='bbox 341 3748 510 3818; x_wconf 88' lang='lat' dir='ltr'><strong>perspectum</strong></span> <span class='ocrx_word' id='word_1_295' title='bbox 537 3759 616 3808; x_wconf 62' lang='lat' dir='ltr'><strong>esse„</strong></span> <span class='ocrx_word' id='word_1_296' title='bbox 679 3747 681 3754; x_wconf 82' lang='grc'>’</span> 
     </span>
    </p>
   </div>
   <div class='ocr_carea' id='block_1_7' title="bbox 159 3825 605 3990">
    <p class='ocr_par' dir='ltr' id='par_1_15' title="bbox 159 3825 605 3990">
     <span class='ocr_line' id='line_1_57' title="bbox 161 3825 605 3896; baseline 0.007 -12"><span class='ocrx_word' id='word_1_297' title='bbox 161 3845 222 3884; x_wconf 88' lang='lat' dir='ltr'><strong>eum</strong></span> <span class='ocrx_word' id='word_1_298' title='bbox 240 3825 286 3883; x_wconf 83' lang='lat' dir='ltr'><strong>alii</strong></span> <span class='ocrx_word' id='word_1_299' title='bbox 294 3825 350 3883; x_wconf 91' lang='lat' dir='ltr'><strong>loci</strong></span> <span class='ocrx_word' id='word_1_300' title='bbox 362 3827 460 3884; x_wconf 88' lang='lat' dir='ltr'><strong>docent</strong></span> <span class='ocrx_word' id='word_1_301' title='bbox 471 3836 528 3884; x_wconf 85' lang='lat' dir='ltr'><strong>tum</strong></span> <span class='ocrx_word' id='word_1_302' title='bbox 541 3829 566 3896; x_wconf 91' lang='lat'><strong>1,</strong></span> <span class='ocrx_word' id='word_1_303' title='bbox 579 3828 605 3887; x_wconf 91' lang='lat'><strong>1.</strong></span> 
     </span>
     <span class='ocr_line' id='line_1_58' title="bbox 159 3914 605 3990; baseline -0.004 -18"><span class='ocrx_word' id='word_1_304' title='bbox 159 3916 207 3972; x_wconf 88' lang='lat' dir='ltr'><strong>ubi</strong></span> <span class='ocrx_word' id='word_1_305' title='bbox 224 3917 254 3972; x_wconf 89' lang='lat' dir='ltr'><strong>in</strong></span> <span class='ocrx_word' id='word_1_306' title='bbox 271 3933 325 3981; x_wconf 82' lang='lat' dir='ltr'><strong>uuo</strong></span> <span class='ocrx_word' id='word_1_307' title='bbox 343 3915 365 3971; x_wconf 88' lang='grc' dir='ltr'>Ρ</span> <span class='ocrx_word' id='word_1_308' title='bbox 382 3934 473 3973; x_wconf 85' lang='lat' dir='ltr'><strong>veram</strong></span> <span class='ocrx_word' id='word_1_309' title='bbox 490 3914 605 3990; x_wconf 84' lang='lat' dir='ltr'><strong>scriptu·</strong></span> 
     </span>
    </p>
   </div>
   <div class='ocr_carea' id='block_1_8' title="bbox 3 3999 610 4070">
    <p class='ocr_par' dir='ltr' id='par_1_16' title="bbox 3 3999 610 4070">
     <span class='ocr_line' id='line_1_59' title="bbox 3 3999 610 4070; baseline 0.026 -28"><span class='ocrx_word' id='word_1_310' title='bbox 3 4017 5 4042; x_wconf 73' lang='lat' dir='ltr'><strong>t</strong></span> <span class='ocrx_word' id='word_1_311' title='bbox 101 4039 107 4054; x_wconf 89' lang='grc'><em>,</em></span> <span class='ocrx_word' id='word_1_312' title='bbox 159 4020 217 4060; x_wconf 82' lang='lat' dir='ltr'><strong>ram</strong></span> <span class='ocrx_word' id='word_1_313' title='bbox 239 4010 371 4060; x_wconf 73' lang='lat' dir='ltr'><strong>renatam</strong></span> <span class='ocrx_word' id='word_1_314' title='bbox 392 3999 525 4058; x_wconf 85' lang='lat' dir='ltr'><strong>videmus:</strong></span> <span class='ocrx_word' id='word_1_315' title='bbox 547 4009 610 4070; x_wconf 84' lang='lat' dir='ltr'><strong>„ut</strong></span> 
     </span>
    </p>
   </div>
   <div class='ocr_carea' id='block_1_9' title="bbox 158 4089 603 4262">
    <p class='ocr_par' dir='ltr' id='par_1_17' title="bbox 158 4089 603 4262">
     <span class='ocr_line' id='line_1_60' title="bbox 159 4089 603 4167; baseline -0.005 -21"><span class='ocrx_word' id='word_1_316' title='bbox 159 4089 257 4167; x_wconf 83' lang='lat' dir='ltr'><strong>quibus</strong></span> <span class='ocrx_word' id='word_1_317' title='bbox 274 4089 308 4146; x_wconf 80' lang='lat' dir='ltr'><strong>ab</strong></span> <span class='ocrx_word' id='word_1_318' title='bbox 326 4091 448 4146; x_wconf 89' lang='lat' dir='ltr'><strong>inmenso</strong></span> <span class='ocrx_word' id='word_1_319' title='bbox 466 4108 551 4166; x_wconf 90' lang='lat' dir='ltr'><strong>prope</strong></span> <span class='ocrx_word' id='word_1_320' title='bbox 562 4107 603 4144; x_wconf 89' lang='lat' dir='ltr'><strong>er·</strong></span> 
     </span>
     <span class='ocr_line' id='line_1_61' title="bbox 158 4175 602 4262; baseline -0.005 -28"><span class='ocrx_word' id='word_1_321' title='bbox 158 4184 220 4236; x_wconf 89' lang='lat' dir='ltr'><strong>r&#39;ore</strong></span> <span class='ocrx_word' id='word_1_322' title='bbox 231 4175 299 4234; x_wconf 86' lang='lat' dir='ltr'><strong>nihil</strong></span> <span class='ocrx_word' id='word_1_323' title='bbox 311 4185 418 4262; x_wconf 85' lang='lat' dir='ltr'><strong>praeter</strong></span> <span class='ocrx_word' id='word_1_324' title='bbox 429 4195 501 4234; x_wconf 79' lang='lat' dir='ltr'><strong>erma</strong></span> <span class='ocrx_word' id='word_1_325' title='bbox 514 4184 542 4232; x_wconf 85' lang='lat' dir='ltr'><strong>et</strong></span> <span class='ocrx_word' id='word_1_326' title='bbox 556 4194 602 4232; x_wconf 83' lang='lat' dir='ltr'><strong>ur·</strong></span> 
     </span>
    </p>
   </div>
   <div class='ocr_carea' id='block_1_10' title="bbox 745 3473 1191 3898">
    <p class='ocr_par' dir='ltr' id='par_1_18' title="bbox 745 3473 1191 3898">
     <span class='ocr_line' id='line_1_62' title="bbox 746 3473 1191 3555; baseline -0.002 -18"><span class='ocrx_word' id='word_1_327' title='bbox 746 3473 821 3540; x_wconf 69' lang='lat' dir='ltr'><strong>rell}</strong></span> <span class='ocrx_word' id='word_1_328' title='bbox 832 3481 911 3550; x_wconf 83' lang='lat' dir='ltr'><strong>„wie</strong></span> <span class='ocrx_word' id='word_1_329' title='bbox 923 3477 970 3536; x_wconf 84' lang='lat' dir='ltr'><strong>dar</strong></span> <span class='ocrx_word' id='word_1_330' title='bbox 980 3476 1131 3555; x_wconf 78' lang='lat' dir='ltr'><strong>Collegium</strong></span> <span class='ocrx_word' id='word_1_331' title='bbox 1143 3481 1191 3536; x_wconf 90' lang='lat' dir='ltr'><strong>der</strong></span> 
     </span>
     <span class='ocr_line' id='line_1_63' title="bbox 747 3565 1191 3644; baseline -0.005 -20"><span class='ocrx_word' id='word_1_332' title='bbox 747 3567 858 3644; x_wconf 82' lang='lat' dir='ltr'><strong>Augurn</strong></span> <span class='ocrx_word' id='word_1_333' title='bbox 870 3587 918 3626; x_wconf 85' lang='lat' dir='ltr'><strong>uus</strong></span> <span class='ocrx_word' id='word_1_334' title='bbox 930 3568 987 3625; x_wconf 87' lang='lat' dir='ltr'><strong>vier</strong></span> <span class='ocrx_word' id='word_1_335' title='bbox 997 3565 1133 3624; x_wconf 87' lang='lat' dir='ltr'><strong>Personen</strong></span> <span class='ocrx_word' id='word_1_336' title='bbox 1145 3567 1191 3624; x_wconf 90' lang='lat' dir='ltr'><strong>be·</strong></span> 
     </span>
     <span class='ocr_line' id='line_1_64' title="bbox 745 3653 1191 3724; baseline -0.002 -12"><span class='ocrx_word' id='word_1_337' title='bbox 745 3655 859 3712; x_wconf 82' lang='lat' dir='ltr'><strong>standan</strong></span> <span class='ocrx_word' id='word_1_338' title='bbox 882 3653 970 3712; x_wconf 86' lang='lat' dir='ltr'><strong>lraben</strong></span> <span class='ocrx_word' id='word_1_339' title='bbox 996 3653 1080 3724; x_wconf 85' lang='lat' dir='ltr'><strong>laun,</strong></span> <span class='ocrx_word' id='word_1_340' title='bbox 1109 3673 1191 3712; x_wconf 85' lang='lat' dir='ltr'><strong>wenn</strong></span> 
     </span>
     <span class='ocr_line' id='line_1_65' title="bbox 746 3741 1191 3818; baseline 0 -20"><span class='ocrx_word' id='word_1_341' title='bbox 746 3741 822 3800; x_wconf 81' lang='lat' dir='ltr'><strong>nielrl</strong></span> <span class='ocrx_word' id='word_1_342' title='bbox 844 3751 915 3799; x_wconf 77' lang='lat' dir='ltr'><strong>elwa</strong></span> <span class='ocrx_word' id='word_1_343' title='bbox 937 3741 1034 3818; x_wconf 80' lang='lat' dir='ltr'><strong>genade</strong></span> <span class='ocrx_word' id='word_1_344' title='bbox 1057 3744 1125 3798; x_wconf 81' lang='lat' dir='ltr'><strong>rwei</strong></span> <span class='ocrx_word' id='word_1_345' title='bbox 1147 3761 1191 3818; x_wconf 80' lang='lat' dir='ltr'><strong>ge-</strong></span> 
     </span>
     <span class='ocr_line' id='line_1_66' title="bbox 745 3821 1191 3898; baseline 0.002 -12"><span class='ocrx_word' id='word_1_346' title='bbox 745 3829 855 3886; x_wconf 84' lang='lat' dir='ltr'><strong>storben</strong></span> <span class='ocrx_word' id='word_1_347' title='bbox 873 3821 973 3898; x_wconf 79' lang='lat' dir='ltr'><strong>waren,</strong></span> <span class='ocrx_word' id='word_1_348' title='bbox 990 3825 1061 3885; x_wconf 79' lang='lat' dir='ltr'><strong>lanu</strong></span> <span class='ocrx_word' id='word_1_349' title='bbox 1074 3829 1121 3885; x_wconf 91' lang='lat' dir='ltr'><strong>iclr</strong></span> <span class='ocrx_word' id='word_1_350' title='bbox 1138 3830 1191 3887; x_wconf 89' lang='lat' dir='ltr'><strong>mir</strong></span> 
     </span>
    </p>
   </div>
   <div class='ocr_carea' id='block_1_11' title="bbox 689 3910 1190 3976">
    <p class='ocr_par' dir='ltr' id='par_1_19' title="bbox 689 3910 1190 3976">
     <span class='ocr_line' id='line_1_67' title="bbox 689 3910 1190 3976; baseline 0.006 -6"><span class='ocrx_word' id='word_1_351' title='bbox 689 3916 691 3924; x_wconf 81' lang='grc'>’</span> <span class='ocrx_word' id='word_1_352' title='bbox 746 3913 823 3975; x_wconf 88' lang='lat' dir='ltr'><strong>niebt</strong></span> <span class='ocrx_word' id='word_1_353' title='bbox 840 3910 992 3973; x_wconf 80' lang='lat' dir='ltr'><strong>erlltren“.</strong></span> <span class='ocrx_word' id='word_1_354' title='bbox 1025 3915 1121 3976; x_wconf 85' lang='lat' dir='ltr'><strong>Livius</strong></span> <span class='ocrx_word' id='word_1_355' title='bbox 1143 3937 1190 3975; x_wconf 88' lang='lat' dir='ltr'><strong>ne·</strong></span> 
     </span>
    </p>
   </div>
   <div class='ocr_carea' id='block_1_12' title="bbox 744 4002 1189 4082">
    <p class='ocr_par' dir='ltr' id='par_1_20' title="bbox 744 4002 1189 4082">
     <span class='ocr_line' id='line_1_68' title="bbox 744 4002 1189 4082; baseline 0.011 -24"><span class='ocrx_word' id='word_1_356' title='bbox 744 4010 790 4078; x_wconf 78' lang='lat' dir='ltr'><strong>gat</strong></span> <span class='ocrx_word' id='word_1_357' title='bbox 806 4021 837 4058; x_wconf 88' lang='lat' dir='ltr'><strong>se</strong></span> <span class='ocrx_word' id='word_1_358' title='bbox 853 4002 1010 4077; x_wconf 58' lang='lat' dir='ltr'><strong>intelligere</strong></span> <span class='ocrx_word' id='word_1_359' title='bbox 1028 4006 1075 4082; x_wconf 86' lang='lat' dir='ltr'><strong>qui</strong></span> <span class='ocrx_word' id='word_1_360' title='bbox 1091 4003 1124 4062; x_wconf 84' lang='lat' dir='ltr'><strong>ab</strong></span> <span class='ocrx_word' id='word_1_361' title='bbox 1142 4025 1189 4076; x_wconf 77' lang='lat' dir='ltr'><strong>ru·</strong></span> 
     </span>
    </p>
   </div>
   <div class='ocr_carea' id='block_1_13' title="bbox 679 4087 1188 4264">
    <p class='ocr_par' dir='ltr' id='par_1_21' title="bbox 679 4087 1188 4264">
     <span class='ocr_line' id='line_1_69' title="bbox 689 4087 1187 4172; baseline 0.01 -27"><span class='ocrx_word' id='word_1_362' title='bbox 689 4102 693 4122; x_wconf 76' lang='lat'>¹</span> <span class='ocrx_word' id='word_1_363' title='bbox 745 4091 829 4166; x_wconf 81' lang='lat' dir='ltr'><strong>liquis</strong></span> <span class='ocrx_word' id='word_1_364' title='bbox 850 4087 1027 4168; x_wconf 81' lang='lat' dir='ltr'><strong>scriptoribus</strong></span> <span class='ocrx_word' id='word_1_365' title='bbox 1052 4091 1121 4149; x_wconf 85' lang='lat' dir='ltr'><strong>tradi</strong></span> <span class='ocrx_word' id='word_1_366' title='bbox 1137 4112 1187 4172; x_wconf 89' lang='lat' dir='ltr'><strong>po-</strong></span> 
     </span>
     <span class='ocr_line' id='line_1_70' title="bbox 679 4176 1188 4264; baseline 0.012 -30"><span class='ocrx_word' id='word_1_367' title='bbox 679 4257 683 4264; x_wconf 29' lang='grc'><em>.</em></span> <span class='ocrx_word' id='word_1_368' title='bbox 744 4177 843 4248; x_wconf 86' lang='lat' dir='ltr'><strong>tuerit,</strong></span> <span class='ocrx_word' id='word_1_369' title='bbox 860 4176 907 4236; x_wconf 91' lang='lat' dir='ltr'><strong>illo</strong></span> <span class='ocrx_word' id='word_1_370' title='bbox 925 4188 1044 4260; x_wconf 86' lang='lat' dir='ltr'><strong>tempore</strong></span> <span class='ocrx_word' id='word_1_371' title='bbox 1061 4188 1188 4258; x_wconf 83' lang='lat' dir='ltr'><strong>quattuor</strong></span> 
     </span>
    </p>
   </div>
   <div class='ocr_carea' id='block_1_14' title="bbox 0 0 1414 4728">
    <p class='ocr_par' dir='ltr' id='par_1_22' title="bbox 0 0 1414 4728">
     <span class='ocr_line' id='line_1_71' title="bbox 0 0 1414 4728; baseline 0 1"><span class='ocrx_word' id='word_1_372' title='bbox 0 0 1414 4728; x_wconf 95' lang='lat' dir='ltr'><strong> </strong></span> 
     </span>
    </p>
   </div>
  </div>
 </body>
</html>
