2618 4590
527 232 724 294 ursanum.
1082 174 1174 299 Ι359

72 396 235 487 paenitere
258 421 294 467 se
310 395 426 464 virium
441 418 572 464 suarum
593 394 620 461 si
641 394 765 462 bellum
786 393 921 484 placeat.
943 404 1085 464 ceterum
1106 419 1174 465 nou
1289 384 1292 389 ’

70 526 168 592 posse
192 499 391 568 dissimulare
415 522 508 588 aegre
524 499 590 590 pati
606 498 766 567 civitatem
780 497 980 583 Samnitium,
1001 501 1089 588 quod
1100 500 1173 571 Fre-

70 607 171 698 gellas
193 631 235 674 ex
257 605 386 673 Vulseis
409 614 518 693 captas
541 603 724 694 dirutasque
746 603 787 669 ab
810 626 846 670 se
868 603 1038 670 restituerit
1058 605 1173 672 Roma-

69 736 131 779 nus
160 710 315 800 populus,
347 707 571 797 coloniamque
599 708 632 774 in
654 708 846 776 Samnitium
874 731 950 799 agro
977 707 1174 797 inposuerint

69 838 170 905 quam
183 814 290 882 coloni
304 837 417 881 eorum
427 812 588 903 Fregellas
600 813 780 903 appellent:
803 836 876 880 earn
891 834 926 879 se
943 812 1171 882 contumeliam
1186 835 1203 888 5

68 919 288 1008 iniuriarnque,
309 919 342 985 ni
364 917 424 985 sibi
446 917 484 983 ab
508 905 557 985 his
580 917 635 1008 qui
657 917 790 986 fecerint
804 918 959 1000 dematur,
980 916 1069 1006 ipsos
1086 919 1174 987 omni

68 1024 100 1092 vi
128 1024 318 1115 depulsuros
340 1046 421 1092 esse.
457 1045 533 1089 cum
547 1022 711 1107 Romanus
725 1022 848 1113 legatus
868 1023 908 1089 ad
926 1021 1181 1110 disceptandum·

68 1151 126 1195 eos
148 1129 189 1194 ad
211 1149 399 1196 communes
421 1127 527 1194 socios
549 1138 645 1218 atque
669 1127 789 1195 amieos
810 1137 956 1209 vocaret,
977 1126 1078 1216 „quid
1105 1118 1174 1216 per-

66 1233 162 1323 plexe
185 1233 341 1322 agimus“,
355 1232 479 1322 inquit:
502 1243 634 1316 „nostra
651 1231 824 1299 certamina
838 1230 975 1299 Romani
996 1255 1062 1299 non
1077 1231 1174 1300 verba
1254 1300 1260 1309 ,

66 1328 244 1426 legatorum
257 1362 327 1405 uec
348 1335 518 1405 hominum
542 1336 714 1426 quisquam
737 1337 931 1426 disceptator
952 1335 1010 1402 sed
1039 1358 1174 1427 campus
1186 1353 1222 1409 ιο

67 1443 260 1532 Campanus,
282 1442 316 1508 in
338 1466 403 1531 quo
421 1441 677 1509 concurrendum
696 1452 755 1524 est,
777 1453 811 1508 et
832 1465 920 1511 arma
943 1453 977 1508 et
993 1440 1173 1507 eommunis

64 1545 152 1613 Mars
175 1547 252 1613 belli
274 1547 442 1613 decernet}
480 1545 615 1635 proinde
642 1545 726 1612 inter
748 1546 895 1636 Capuam
920 1545 1174 1637 Suessulamque
1269 1612 1275 1618 .

66 1663 169 1718 castra
202 1652 312 1719 eastris
346 1650 549 1718 conferamus
583 1660 616 1716 et
643 1649 770 1716 Samnis
796 1642 1005 1717 Romanusne
1039 1650 1174 1740 imperio

67 1754 190 1823 ltaliam
221 1767 333 1845 regant
367 1756 622 1823 deeemamus“..
652 1754 749 1844 legati
776 1756 997 1823 Romanorum
1032 1776 1108 1820 eum
1133 1777 1174 1831 se

68 1883 135 1927 uon
165 1882 230 1948 quo
258 1857 360 1926 hostis
383 1869 554 1926 vocassent
581 1858 638 1924 sed
669 1882 734 1948 quo
762 1859 972 1949 imperatores
1000 1858 1050 1924 sui
1072 1856 1223 1927 dunis-15

66 1975 139 2034 seut
159 1965 260 2032 ituros
284 1987 356 2031 esse
378 1962 632 2053 respondissent,
653 1963 718 2030 iam
731 1964 895 2039 Publilius
918 1964 1000 2030 inter
1022 1962 1174 2052 Palaepo-

102 2151 107 2161 ‘
138 2154 309 2213 Streitlrrttl'te
327 2154 508 2214 volllomruen
525 2174 585 2213 ser·
728 2153 771 2211 eul
798 2152 869 2211 vallo
893 2151 1033 2210 Romanus
1057 2153 1175 2220 aberant,

135 2243 223 2299 lassen
242 2241 393 2302 lbnnteu“.
489 2262 494 2273 “
725 2234 916 2319 ¹cepissentque
930 2243 1175 2319 tautoimpetucu·

85 2332 111 2386 d.
138 2327 584 2405 inposuerint:lllllarl.1.Leid.r.
726 2337 791 2397 stra,
809 2331 839 2384 ni
858 2338 908 2384 cet.
927 2327 961 2388 al.

138 2416 207 2476 Lov.
226 2419 252 2477 d.
270 2416 321 2488 al]
340 2418 508 2493 imposuerit.
539 2414 584 2475 Cf.
656 2417 699 2472 15.
726 2438 785 2492 quo
810 2416 907 2472 hostis
932 2423 1105 2474 uocassent.-
1127 2412 1176 2470 ΡΜ

137 2508 164 2573 7,
182 2507 240 2565 32:
259 2515 408 2563 numerent.
431 2537 465 2546 -
489 2503 525 2560 P:
542 2505 583 2560 in·
726 2502 803 2562 Leid.
822 2522 840 2562 r.
863 2501 915 2575 al]
942 2524 995 2582 quo
1019 2502 1106 2558 bostis
1128 2521 1176 2559 ro·

137 2603 297 2671 posuerunt.
334 2591 379 2650 Cf.
396 2595 429 2660 3,
447 2594 486 2650 2:
506 2591 586 2647 dede·
729 2598 824 2649 casset.
846 2619 881 2632 —
904 2589 986 2651 Reec.
1004 2589 1097 2648 codd:
1121 2608 1176 2667 quo

139 2681 184 2738 rit.
206 2711 240 2719 —
264 2678 347 2734 Paulo
373 2689 435 2734 ante
456 2681 587 2755 seriptum
730 2677 823 2733 bostes
840 2688 990 2737 uocassent.
1010 2708 1044 2719 —
1065 2672 1139 2735 Harl.
1157 2696 1175 2734 1.

142 2775 184 2820 est
201 2767 231 2820 in
242 2763 263 2821 P
283 2785 324 2822 ex
334 2766 447 2834 uulsis,
464 2768 493 2821 iu
508 2764 535 2820 Μ
547 2784 588 2822 ex

140 2853 245 2911 uulsis.

86 2943 113 3000 6.
140 2928 173 2995 ‘m'
190 2939 248 2994 sibi
265 2938 303 2993 ab
321 2936 369 2993 his
389 2938 442 3014 qui
456 2935 589 3008 fecerint

140 3028 292 3084 dematur:
311 3023 378 3097 ΡΜ]
398 3025 427 3080 ni
438 3024 492 3101 sibi
505 3023 538 3081 ab
553 3025 588 3079 iis

140 3115 243 3190 quiret.
254 3145 288 3155 -
298 3110 366 3170 Lov.
376 3111 402 3173 d.
412 3110 462 3174 al:
472 3113 526 3169 nisi
535 3112 588 3167 sibi
602 3164 613 3173 ,

140 3202 174 3258 ab
192 3201 235 3257 bis
254 3211 305 3260 eet.
322 3199 406 3257 Paulo
425 3199 540 3278 postlll:
553 3199 587 3256 ad

35 3324 40 3333 ι
142 3307 296 3344 communes
311 3291 405 3346 sotios.
417 3319 451 3331 —
463 3287 507 3345 M:
526 3289 589 3355 „in-

706 2778 709 2789 ·
728 2763 807 2820 Leid.
819 2782 837 2822 1.
857 2763 936 2823 Voss.
950 2785 977 2823 rr.
991 2764 1109 2823 al.:-sed
1120 2783 1175 2840 quo

730 2853 906 2927 imperatores
921 2854 964 2906 sui
976 2850 1117 2907 dixissent.
1136 2849 1176 2906 ll:

730 2937 781 2992 sed
799 2955 853 3012 quo
871 2938 1048 3012 imperatores
1066 2938 1109 2992 sui
1128 2935 1177 2993 du·

728 3026 833 3080 xissent
849 3025 903 3078 iam
915 3021 1043 3100 publilius
1057 3033 1107 3079 cet.
1124 3021 1177 3078 Re·

730 3113 851 3168 eentiore
874 3109 938 3167 dein
961 3104 1042 3167 manu
1063 3111 1177 3186 margini

730 3199 895 3276 adscriptum
908 3207 960 3255 est:
978 3201 1076 3256 ituros
1088 3219 1121 3255 se
1133 3217 1177 3255 re·

729 3287 929 3362 spondiseent.

141 3372 587 3453 quid“:seilisquimododixerat.
662 3375 704 3434 16.
732 3376 792 3430 ium
807 3374 952 3447 publilius
970 3371 1178 3446 interpolepo·

16 3536 21 3543 ἱ
72 3466 116 3522 13.
145 3462 267 3521 Samnis
286 3462 479 3518 Romanusne
502 3463 589 3534 impe·
626 3476 630 3481 ·

142 3552 187 3606 rio
211 3549 333 3604 Italiam
360 3556 481 3625 regant:
505 3548 533 3602 Μ
554 3568 591 3604 m.

143 3639 184 3708 1.]
208 3634 317 3691 Samnis
344 3632 516 3689 Romanusne
541 3634 591 3690 im·

142 3726 218 3802 perio
238 3721 343 3778 ltaliam
362 3732 438 3796 regat
454 3719 499 3790 (ll
517 3741 552 3779 m.
565 3724 591 3779 d.

143 3812 190 3880 P).
227 3809 272 3870 cf.
290 3814 338 3877 30,
362 3812 419 3869 32:
447 3807 533 3865 Roma
558 3827 592 3864 an

144 3899 280 3973 Carthago
309 3899 368 3954 iura
394 3897 518 3972 gentibus
545 3895 591 3951 da-

148 3997 221 4053 rent,
245 3995 306 4041 ante
325 3988 467 4041 crastinam
487 3992 592 4040 noctem
648 4042 651 4047 ,

149 4075 274 4132 scituros.
308 4075 358 4143 28,
381 4075 437 4130 m:
459 4092 509 4128 nee
530 4092 592 4146 pro-

732 3463 792 3519 lim.
799 3458 1082 3534 l.nepolimqueloco
1093 3479 1177 3534 opor·

732 3557 804 3604 tune
816 3556 900 3620 capto
915 3547 1075 3602 diremerat
1087 3545 1179 3603 hesti-

731 3637 788 3692 bus
806 3630 972 3690 sotietatem
990 3634 1101 3691 ausilii
1119 3653 1180 3689 mu·

732 3723 790 3778 tui:
814 3720 849 3778 ll.
872 3754 906 3763 -
935 3721 968 3777 P:
995 3722 1048 3778 iam
1070 3719 1180 3798 publius

732 3810 804 3865 inter
826 3807 988 3886 palaepolim
1009 3806 1181 3885 uepolimque
1297 3819 1300 3825 '

733 3898 794 3953 loeo
814 3906 946 3975 oportune
969 3905 1049 3972 capto
1067 3895 1181 3951 direme-

733 3994 775 4041 rat
793 3984 916 4065 hostibus
934 3987 1090 4040 societatem
1108 3984 1181 4039 auri·

734 4071 765 4129 lii
788 4064 898 4151 mutui.¹
918 4071 1044 4128 Dukerus
1066 4069 1181 4129 malebat
