2618 4590
126 290 192 361 596
426 344 429 349 .
595 294 703 356 Linus
720 295 755 355 x.

129 466 236 537 citium
263 464 361 532 ictum
382 472 432 530 est
460 458 582 529 loedus.
621 458 789 548 multiplex
815 454 930 527 deinde
958 462 1106 521 exortus
1128 458 1233 516 terror:

101 598 105 607 ·
129 570 286 641 Etruriam
312 565 467 635 rebellare
494 565 535 632 ab
556 563 774 631 Arretinorum
800 558 1012 629 seditionibus
1043 564 1148 623 motu
1174 562 1234 621 orto

132 673 347 756 nuntiabatur,
376 671 431 737 nbi
453 668 591 737 Cilnium
612 690 713 758 genus
734 675 925 757 praepotens
952 661 1151 730 divitiarum
1172 655 1233 723 invi·

133 779 185 847 din
206 778 283 870 pelli
304 776 400 845 armis
421 785 587 866 coeptum:
621 772 716 839 simul
739 771 862 837 lllarsos
890 789 1005 858 agnem
1027 763 1066 833 vi
1090 760 1233 844 tueri,iu

103 890 231 975 5quem
252 880 378 949 colonia
400 877 542 947 Carseoli
563 877 697 944 deducta
720 887 788 943 erat
808 883 958 965 quattuor
980 869 1126 937 milibus
1147 864 1234 935 homi

132 1010 213 1055 num
233 985 368 1077 seriptis,
401 984 509 1074 itaque
530 993 662 1073 propter
688 1004 746 1048 eos
767 977 922 1047 tumultus
945 974 1054 1042 dictus
1078 973 1132 1041 Μ.
1155 969 1234 1039 Vale

133 1091 202 1158 rius
222 1089 383 1157 Maximus
405 1087 538 1154 dictator
559 1087 745 1176 magistrum
766 1084 910 1174 equitum
931 1079 993 1146 sibi
1016 1078 1105 1169 legit
1127 1076 1176 1143 Μ.
1188 1074 1234 1141 Aa·

133 1194 256 1263 milium
277 1191 426 1261 Paulum:
448 1189 482 1255 id
503 1191 603 1281 magis
625 1191 721 1258 eredo
744 1212 842 1279 quam
856 1188 897 1274 Q.
912 1183 1052 1251 Fabium
1078 1196 1124 1249 'ea
1146 1190 1234 1247 aene

136 1310 232 1389 atque
255 1296 300 1364 eis
322 1295 497 1363 bonoribus
512 1296 641 1365 Valerio
663 1294 856 1363 subiectum:
878 1300 1025 1359 ceterum
1046 1312 1098 1355 ex
1114 1282 1235 1353 Maximi

151 1446 178 1503 ὃ.
205 1444 358 1503 Etruriam
375 1443 522 1502 rebellare
538 1445 577 1501 ab
592 1446 648 1502 Ar·
788 1438 900 1501 milibus
915 1440 969 1509 (ιιι.
982 1438 1024 1496 ia
1036 1435 1189 1503 mllisbus)
1199 1433 1235 1488 bo
1279 1447 1280 1452 ¹

205 1530 650 1590 retiuorumsedr'tionibusmotu

206 1627 272 1677 orto
282 1616 558 1676 mememoratur:
571 1621 649 1688 istiu.

207 1736 242 1747 -
254 1702 335 1764 Voss.
349 1722 376 1762 ιι.
389 1702 435 1761 al:
446 1713 474 1761 et
483 1708 649 1763 etruriam-

207 1793 305 1851 sr‘mul.
328 1823 362 1832 -
385 1789 407 1846 P
423 1810 459 1850 m.
479 1795 518 1850 1.:
537 1792 585 1851 ubi
601 1794 651 1850 cil·

208 1882 290 1938 rium
307 1894 390 1954 genus
407 1888 568 1955 praepotens
582 1880 652 1937 diui-

99 2040 102 2045 .
206 1969 305 2024 tiorum
328 1964 432 2021 inuidia
452 1966 518 2043 pelli
540 1973 592 2037 (m.
610 1970 652 2022 Ἅι

102 2056 106 2077 ²
209 2052 292 2123 belli)
322 2052 404 2108 annis
432 2060 565 2131 coeptum.
612 2054 653 2111 li:

209 2140 279 2210 „ubi
297 2141 397 2196 ciuium
415 2139 533 2199 eilieium
549 2146 653 2218 geuus“

210 2235 261 2285 eet.
296 2226 346 2283 sed
371 2228 497 2284 cilicium
523 2230 561 2285 its
586 2230 654 2285 seri·

789 1532 891 1588 minum
902 1526 1014 1603 seriptis
1032 1538 1071 1584 ÷
1091 1525 1188 1601 itaque
1197 1529 1238 1578 eet.

790 1616 832 1676 lll:
849 1619 879 1673 in
896 1632 976 1693 quem
985 1611 1124 1669 coloniae
1136 1607 1240 1668 carseoli

791 1702 907 1761 deducta
924 1711 982 1757 erat
993 1719 1033 1755 uu
1052 1698 1148 1758 milib.
1165 1697 1238 1753 bomi-

792 1810 856 1849 num
868 1791 986 1868 seriptis.
1004 1786 1088 1845 Leid.
1101 1806 1121 1846 ι.
1133 1785 1209 1844 Voss.
1217 1803 1239 1841 n.

793 1874 841 1938 ab:
859 1874 964 1935 colonis
982 1876 1130 1932 erssseoll.
1149 1873 1193 1932 cl
1205 1874 1242 1935 to,

793 1968 837 2024 13.
855 1984 908 2042 quo
923 1963 984 2020 loeo
996 1960 1113 2019 colonia
1125 1958 1243 2020 Carseoli

794 2055 824 2110 in
845 2071 937 2127 agrum
958 2049 1179 2127 Aequicolorum
1203 2047 1242 2103 de·

794 2138 875 2196 (lueis
894 2138 1000 2197 dieitur.
1018 2141 1047 2206 9,
1064 2139 1129 2198 Q:
1148 2137 1241 2194 Suessa

795 2237 824 2284 et
834 2225 947 2283 Pontiae
963 2225 1091 2283 colonias
1106 2223 1241 2282 deductae.

208 2322 285 2389 ptum
312 2322 404 2369 estut
428 2315 507 2371 etiam
530 2333 581 2391 pro
604 2315 653 2371 eil·
741 2315 769 2376 o.
794 2317 896 2391 traque
914 2321 1039 2389 propter
1061 2332 1120 2369 eos
1137 2311 1240 2368 tumul·

209 2401 292 2455 nium
309 2397 403 2456 haberi
419 2410 519 2475 posset
539 2399 617 2460 Leid.
635 2420 654 2460 r.

208 2482 277 2543 Lov.
295 2486 333 2542 a:
361 2485 409 2542 ubi
426 2487 526 2544 oinium
543 2487 654 2546 cilnium

210 2592 302 2649 genus.
321 2569 365 2632 Cl.
386 2576 427 2641 10,
441 2576 483 2632 a:
501 2572 591 2632 Cilnio
609 2595 653 2651 ge·

209 2680 281 2718 nere.
299 2658 363 2719 Tae.
380 2659 451 2720 Anu.
468 2662 495 2729 6,
512 2663 552 2722 5.ι
576 2663 654 2732 „Au-

210 2755 304 2823 gustus
333 2744 411 2804 bellis
436 2748 566 2808 eirilibus
594 2752 654 2808 Cil-

209 2835 292 2891 nium
317 2831 496 2894 Maecenatem
522 2841 655 2915 equestris

210 2922 318 2979 ordinis
349 2925 453 2980 cunetis
480 2955 514 2966 -
543 2946 655 3004 praepo·

212 3009 301 3067 suit“.
317 3006 439 3083 Utroque
456 3010 516 3067 loeo
534 3011 655 3070 lesblai-

212 3094 290 3173 psius
307 3112 397 3150 veram
418 3098 578 3174 scripturum
600 3100 655 3175 pri·

210 3200 271 3238 mss
300 3183 439 3260 perspexit
467 3194 495 3240 et
529 3188 656 3245 restituit.

212 3266 289 3328 Fulv.
316 3267 431 3326 Ursinus
456 3278 545 3330 tomen
566 3272 657 3344 „Cili

211 3355 308 3413 uium“
324 3356 407 3412 scribi
424 3358 490 3418 vult.

792 2411 842 2460 ius
860 2400 956 2459 dictus
968 2399 1008 2457 M.
1022 2397 1173 2456 Valerius
1183 2398 1241 2454 Ma·

794 2491 896 2548 aimus
912 2488 1042 2545 elicietur
1057 2491 1142 2566 mog.
1164 2485 1240 2562 equi-

792 2584 857 2633 tum
873 2575 932 2633 sibi
944 2575 1019 2654 legit
1029 2573 1072 2634 M.
1083 2575 1241 2631 Aemilium

794 2660 939 2722 Paolums
954 2659 988 2722 Ρ.
1005 2689 1042 2704 -
1066 2658 1112 2719 bi:
1130 2663 1240 2736 „iraque

794 2752 907 2831 propter
923 2769 971 2806 eos
986 2745 1121 2806 tumultus
1135 2750 1144 2820 Ι
1158 2749 1240 2805 ‹lictm

794 2842 830 2898 sir.
848 2836 981 2895 semiliunt
1002 2832 1150 2912 paulum“.
1176 2855 1240 2911 quse

793 2923 984 3003 praetermissa
992 2930 1070 2979 eram
1077 2921 1161 2980 verbs
1173 2942 1208 2979 ιιι.
1217 2923 1239 2979 2.

795 3012 909 3087 margini
929 3009 1065 3085 adscripti
1090 3019 1166 3067 suut.
1201 3009 1239 3065 Si·

794 3098 856 3157 mili
871 3096 969 3155 mendo
988 3094 1089 3154 iactum
1104 3099 1168 3153 esse
1184 3105 1240 3175 pot·

734 3188 737 3193 '
794 3182 886 3242 'estut
904 3188 929 3253 9,
946 3184 990 3244 29.
1007 3182 1192 3265 „dictatorem
1209 3182 1240 3242 G.

765 3266 768 3273 ’
795 3266 903 3330 lunium
920 3268 1071 3329 Bubuleum
1089 3270 1185 3329 rlixit“
1202 3272 1239 3326 in·

797 3353 1127 3443 tegerseriptaralrivims
1136 3359 1241 3435 periret

159 3439 186 3499 4.
212 3440 305 3499 siaul
331 3443 453 3502 Marsos
483 3464 591 3526 agrum
626 3448 659 3506 ni
743 3448 773 3510 8,
797 3467 837 3507 eo
852 3457 950 3507 eante
966 3440 1240 3522 atqueeis'honori·

213 3528 307 3584 iunii
328 3528 352 3585 Ρ
369 3530 449 3590 Voss.
467 3551 496 3591 11.
514 3532 548 3593 al.
569 3564 604 3578 -
628 3533 658 3592 Ili

212 3610 309 3679 (Leid.
321 3621 371 3687 ι.)ι
384 3617 487 3686 „simul
495 3640 584 3678 marso
592 3627 658 3696 agri

213 3699 244 3757 si
272 3704 350 3762 tueri.
385 3702 465 3766 Voss.
490 3727 522 3767 r.=
551 3710 657 3767 marsis.

119 3804 122 3809 ⁴
215 3780 286 3846 Coti.
297 3786 405 3847 Kloeb:
423 3812 439 3848 s
456 3796 561 3854 marsis.
578 3793 656 3870 Sigo-

214 3874 277 3931 nius
287 3874 460 3937 seribentlum
469 3883 587 3938 coniecit
598 3884 657 3951 „si-

214 3959 271 4017 mul
293 3981 309 4018 ιι
330 3961 427 4022 llrrsis
449 3985 541 4042 agrum
562 3969 592 4026 ui
617 3978 657 4024 te·

213 4048 304 4106 oeri“.
325 4079 361 4092 -
378 4048 417 4108 Pr
440 4053 470 4111 in
487 4074 567 4131 quern
584 4054 656 4112 eolo·

213 4131 258 4187 nia
276 4134 390 4193 cerseoli
411 4136 526 4198 imma
544 4150 600 4198 erat
618 4161 669 4201 nur

797 3533 869 3594 bus:
885 3533 935 3593 Pit
952 3532 986 3595 sl.
1004 3565 1039 3576 -
1065 3531 1135 3593 Lar.
1153 3537 1192 3593 br
1211 3552 1240 3587 es

797 3632 884 3701 rents
910 3631 990 3698 stque
1015 3620 1058 3679 his
1084 3619 1241 3679 bonoribus.

797 3708 843 3770 (Ἰ.
860 3712 887 3779 3,
904 3711 949 3767 35.

744 3798 771 3856 9.
797 3804 926 3853 ceterum
941 3814 984 3853 ea·
994 3786 1125 3853 Maximi
1133 3811 1240 3873 eogno-

797 3882 989 3941 minoritam
1004 3900 1138 3940 errorem
1160 3878 1244 3938 baud

797 3968 969 4029 οόιινηίηιι
993 3968 1024 4028 Ρ.
1051 3999 1086 4010 -
1115 3966 1160 4026 Me
1190 3985 1244 4037 „ex

796 4058 906 4117 mutui
932 4063 980 4115 eoi
1002 4056 1143 4115 nemius“.
1179 4054 1243 4111 inde

744 4143 896 4204 ¹“fenum
930 4154 974 4202 est
1006 4139 1244 4202 etiamr.
