2818 4728
463 279 494 319 '⁸
533 339 641 400 rnen
658 343 693 401 x.
1003 375 1013 384 -.
1104 309 1173 398 ert

60 525 122 567 sua
147 513 261 592 sponte
290 503 434 571 oblatum
461 511 678 594 sperneretur:
712 505 820 596 piures
843 506 971 574 abeunti
993 507 1178 576 Volunrnio'

60 605 232 690 obsistere,
255 608 405 676 obtestari
420 631 460 676 ne
477 625 578 700 pra'vo
599 633 675 677 curn
698 609 824 701 college
836 611 1008 700 certamine
1020 615 1095 680 reni
1109 617 1175 700 pu·
1203 645 1208 668 ·

59 709 184 776 blicam
198 712 327 800 prodat:
350 712 376 778 si
392 735 456 802 qua
471 713 578 781 clades
594 713 763 798 incidisset,
785 715 939 804 desertori
954 715 1054 806 magis
1070 725 1175 804 quarn*

62 815 195 882 deserto
217 817 333 884 noxiae
356 819 439 885 fore:
463 823 503 886 eo
525 820 595 885 r'ern
610 821 780 888 adductam
794 831 832 888 ut
848 820 936 888 omni
956 818 1003 888 rei
1017 813 1099 886 b'ene
1114 813 1175 884 eut

61 939 161 984 secus
184 932 291 1009 gestae
313 922 346 988 in
360 923 494 990 Etruria
508 923 606 990 decus
623 925 827 1016 dedecusque
850 925 891 994 ad
906 925 942 993 L.
959 922 1169 994 Volumnium
1186 937 1203 994 5

59 1021 104 1088 sit
127 1023 324 1115 delegatum:
351 1028 513 1096 neminem
535 1027 753 1118 quaesiturum
775 1053 858 1119 quae
880 1028 983 1122 'verba
1004 1028 1089 1118 Appi
1110 1027 1169 1094 sed

61 1149 149 1216 quae
171 1128 298 1197 fortuna
321 1132 478 1199 exercitus
504 1132 611 1198 fuerit:
640 1133 753 1201 diniitti
776 1132 942 1222 ab'tippio
967 1155 1043 1200 eum
1056 1131 1169 1200 'teda

61 1255 98 1298 re
121 1232 261 1330 publiea⁴
274 1237 367 1332 etpb
391 1237 533 1304 exercitu
554 1236 694 1304 retineri:
717 1236 914 1328 experiretur
936 1237 1034 1304 modo
1057 1232 1182 1304 rotun-¹

60 1347 164 1403 tatem
186 1337 332 1409 militum.
370 1342 452 1409 haee
479 1342 641 1413 monendo
670 1341 925 1432 obtestandoque
953 1365 1057 1432 prope
1080 1340 1168 1408 resti-

58 1451 167 1509 tantes
189 1445 338 1512 eonsules
352 1445 385 1512 in
401 1447 584 1516 contionem
600 1455 833 1538 pertraxerunt
865 1445 909 1511 ibi
925 1445 1084 1513 orationes
1100 1444 1221 1518 ion-10*

665 1689 669 1696 ·
721 1656 912 1732 exprobratio
934 1651 1074 1733 cuiquam
1096 1665 1168 1712 vete·

721 1746 759 1800 ris
778 1743 899 1800 fortunae
917 1741 1081 1799 discerdiam
1098 1743 1169 1798 inter

665 1859 669 1870 ·
720 1830 830 1886 ordines
852 1838 963 1888 sereret.
992 1831 1025 1898 2,
1048 1831 1105 1887 65.:
1127 1827 1168 1884 sia

720 1935 809 1994 prope
816 1926 959 1974 oneratum
973 1925 1016 1972 est
1028 1917 1168 1972 sinistrum

131 1649 234 1714 Lete».
245 1675 391 1733 omnesque
401 1677 487 1736 prepe
495 1657 578 1717 Drei.

133 1739 227 1799 codd:
245 1743 318 1820 quod
335 1743 522 1820 accipiendum
538 1743 578 1802 ul·

131 1834 174 1882 tro
192 1827 281 1890 fuerit.

78 1916 106 1972 2.
133 1916 278 1974 ebrietere
295 1919 451 1976 obtestari:
469 1918 513 1990 Μ]
531 1911 578 1974 oii-

131 2003 229 2058 sistere
256 2015 335 2082 atque
360 2005 488 2062 obtestari
512 2004 577 2075 (P).

132 2121 166 2132 -
193 2089 306 2148 Medieei
332 2093 393 2153 eod.
417 2095 578 2170 scripturam

131 2176 213 2233 altera
241 2179 326 2238 multo
352 2180 493 2240 fortiorem
517 2199 578 2236 esee

131 2283 211 2322 nemo
241 2288 296 2324 non
325 2269 408 2328 videt.
442 2297 480 2310 -·
514 2267 576 2324 Pii:

130 2360 214 2432 remp.
232 2355 337 2432 prodat.
350 2387 385 2397 -
403 2353 451 2414 Ma
463 2355 511 2424 „si
524 2373 576 2434 qua

129 2432 219 2498 clades
247 2443 389 2506 incidisset
422 2443 573 2506 desertum!

130 2531 213 2603 magis
224 2551 303 2607 quam
314 2531 420 2608 deserto
434 2552 504 2592 noxe
516 2530 576 2586 iore

130 2617 355 2684 eo,†edductam“
375 2629 425 2674 eet.
456 2619 522 2674 Post
538 2639 574 2674 ao

132 2721 182 2756 uua
201 2699 287 2758 littera
301 2705 401 2766 iuerat„
413 2704 440 2760 Μ
452 2707 525 2764 m..3.
537 2702 573 2762 P:
586 2703 591 2716 ⁹

130 2777 363 2850 eore‘adductem.
375 2820 409 2832 ·-
422 2789 466 2847 Cf.
478 2793 505 2858 S,
518 2792 574 2848 18.:

129 2873 201 2932 haud
228 2877 347 2934 futurum
372 2878 483 2935 eretriae
504 2875 575 2932 iudi-

129 2972 208 3024 etum.

77 3053 102 3108 4.
129 3054 210 3108 omni
226 3054 271 3109 rei
282 3053 354 3110 bene
365 3062 419 3110 aut
431 3071 516 3109 aecus
524 3069 575 3130 ge·

126 3148 191 3195 stae
209 3141 240 3195 in
257 3141 383 3197 Etruria
403 3141 574 3197 decrescet:

127 3225 177 3282 ΡΜ
194 3226 270 3298 reli]
287 3247 366 3283 omne
383 3228 426 3282 rei
441 3225 509 3282 bene
527 3233 574 3282 eut
634 3293 637 3300 .

127 3319 204 3370 sedus
222 3323 312 3389 gerne
323 3317 352 3370 in
363 3314 472 3370 Etruria
489 3313 573 3370 decus

129 3411 178 3458 eet.
197 3400 276 3469 (Duo
295 3423 365 3461 reee.
383 3399 463 3457 oodd.
475 3399 572 3475 probb.

125 3483 161 3546 Μ.
179 3488 212 3546 Α.
236 3488 339 3545 Murato
362 3489 383 3548 i.
400 3487 445 3546 Fr.
464 3487 574 3556 Geren).

127 3561 192 3643 „Sd
211 3576 287 3632 stehe
311 3575 355 3632 die
378 3574 479 3644 seete,
509 3574 572 3632 dass

125 3662 251 3736 idrjedee
263 3663 317 3720 den
325 3663 444 3720 Rdmern
456 3666 485 3719 iu
493 3663 572 3721 Etru·

126 3752 184 3806 rien
207 3749 378 3828 bagagnende
396 3749 484 3808 Gltck
506 3750 573 3805 oder

125 3836 247 3914 Ungltet
264 3839 313 3896 der
330 3837 421 3895 Ruhrn
442 3837 509 3894 oder
527 3836 572 3894 die

124 3924 248 3981 Subando
271 3926 334 3983 dem
354 3925 386 3985 L.
410 3924 572 3983 Volumnius

124 4014 216 4069 werde
234 4033 267 4070 eu
284 4011 363 4070 Theil
381 4013 524 4074 werden“.
536 4045 570 4056 --

125 4099 169 4162 Cf.
181 4103 225 4170 23,
237 4103 295 4160 35.:
315 4103 406 4180 itiaque
416 4101 512 4178 legetis
524 4101 571 4157 trt-

125 4185 255 4270 buuisque
272 4198 454 4268 praeceperat,
472 4209 505 4246 ne
518 4207 571 4266 qua

720 2006 865 2062 Benrenie
896 2005 1167 2071 coruum.·10,·8.:

719 2085 856 2170 principes
886 2091 1021 2148 nobilitati
1053 2099 1166 2149 vestrae.

717 2211 754 2222 =·-
771 2177 799 2236 Μ
817 2182 905 2239 m.1.:
926 2179 1007 2236 decue
1021 2177 1166 2254 dedecusq.

719 2265 736 2326 i.
766 2265 906 2324 uolumnir‘r
936 2268 976 2352 sit
1009 2264 1172 2341 delegatum!
1250 2272 1255 2280 ’

681 2381 684 2392 ’
719 2373 754 2413 m.
772 2357 813 2414 2:
830 2355 866 2412 ad
883 2354 901 2414 i.
919 2354 1067 2412 uolumniir.

664 2489 690 2547 6.
718 2506 796 2562 quae
819 2473 911 2544 uerba
928 2487 1009 2562 Appi
1030 2483 1088 2556 (Μ)
1110 2483 1168 2541 sed

718 2561 1167 2652 quaeforturtaexercitueJsud-

717 2665 770 2725 rit:
784 2661 815 2720 R.
825 2692 858 2703 -
868 2659 908 2739 Μ.
919 2660 1014 2720 suerat.
1032 2658 1076 2716 Cf.
1087 2661 1114 2724 3,
1127 2659 1165 2714 2:

717 2748 883 2804 dederit-
904 2745 927 2802 P
945 2747 1041 2822 m.·1.:
1065 2743 1166 2824 dipitti

717 2834 809 2910 appio.
824 2828 848 2886 P
866 2851 902 2888 m.
920 2833 946 2889 2.
958 2827 999 2901 Μ·
1018 2825 1118 2892 diuritti
1131 2828 1164 2883 ab

717 2921 798 2994 appio
822 2937 883 2974 eum
905 2917 956 2979 sed
977 2939 994 2974 a
1015 2925 1064 2996 rep
1086 2923 1114 2972 et
1130 2915 1164 2972 ah

717 3007 836 3068 exercitu
853 3007 973 3068 retineri.

663 3143 689 3197 9.
717 3139 791 3195 haee
808 3136 957 3196 monendo
976 3132 1163 3192 obtestando·

717 3245 790 3300 que:
809 3225 845 3286 Μ.
863 3253 899 3287 -,-
922 3225 957 3282 P:
977 3218 1163 3279 obstestando·

714 3333 774 3388 que.
799 3343 834 3357 -ν
860 3311 962 3370 Peod.
981 3307 1053 3368 Geir
1077 3325 1163 3384 prope

714 3401 869 3456 restitantes
893 3403 982 3456 eonii.
1005 3397 1034 3452 in
1059 3395 1162 3452 contio·

714 3505 776 3542 uem
794 3494 990 3560 pertraxerunt.
1013 3481 1052 3538 tl:
1075 3499 1175 3559 prope,

671 3611 673 3616 ·
713 3575 871 3644 resistentes
889 3573 979 3630 eonse'.
998 3580 1049 3630 eet.
1079 3568 1161 3631 Reor.

714 3659 823 3738 quidam
833 3661 927 3720 codd:
939 3679 1026 3738 prope
1036 3660 1162 3714 resisteu·

685 3751 687 3762 ’
714 3760 756 3806 tes
769 3749 902 3806 eonsules.
920 3745 964 3808 Οἳ.
976 3749 1088 3813 30‚{ti.=
1101 3763 1162 3801 eum
1274 3745 1276 3755 '

714 3855 801 3914 prope
818 3855 903 3894 manu
914 3844 1067 3892 consertum
1085 3833 1161 3889 resti·

713 3933 815 3982 tantem
837 3945 869 3980 ae
891 3926 1110 3998 tergiversantem
1133 3920 1162 3975 in

714 4011 835 4068 Atrium
843 4011 1015 4088 adtraxerim,
1024 4005 1161 4066 nullasurn

713 4098 764 4155 tibi
782 4097 943 4158 verecundie
962 4097 1116 4155 obstrietus.
1133 4095 1160 4162 7,

712 4189 756 4246 39.
775 4189 802 4258 6,
820 4191 846 4245 7.
