<?xml version="1.0" encoding="UTF-8"?>
<!DOCTYPE html PUBLIC "-//W3C//DTD XHTML 1.0 Transitional//EN"
    "http://www.w3.org/TR/xhtml1/DTD/xhtml1-transitional.dtd">
<html xmlns="http://www.w3.org/1999/xhtml" xml:lang="en" lang="en">
 <head>
  <title>
</title>
<meta http-equiv="Content-Type" content="text/html;charset=utf-8" />
  <meta name='ocr-system' content='tesseract 3.04.00' />
  <meta name='ocr-capabilities' content='ocr_page ocr_carea ocr_par ocr_line ocrx_word'/>
</head>
<body>
  <div class='ocr_page' id='page_1' title='image "./titilivirerumro01alscgoog_0330.png"; bbox 0 0 2618 4590; ppageno 0'>
   <div class='ocr_carea' id='block_1_1' title="bbox 515 211 711 275">
    <p class='ocr_par' dir='ltr' id='par_1_1' title="bbox 515 211 711 275">
     <span class='ocr_line' id='line_1_1' title="bbox 515 211 711 275; baseline 0.015 -5"><span class='ocrx_word' id='word_1_1' title='bbox 515 211 625 275; x_wconf 79' lang='lat' dir='ltr'>LIBER</span> <span class='ocrx_word' id='word_1_2' title='bbox 642 212 711 274; x_wconf 81' lang='lat' dir='ltr'><strong>vtn</strong></span> 
     </span>
    </p>
   </div>
   <div class='ocr_carea' id='block_1_2' title="bbox 1101 199 1164 268">
    <p class='ocr_par' dir='ltr' id='par_1_2' title="bbox 1101 199 1164 268">
     <span class='ocr_line' id='line_1_2' title="bbox 1101 199 1164 268; baseline -0.016 0"><span class='ocrx_word' id='word_1_3' title='bbox 1101 199 1164 268; x_wconf 83' lang='lat' dir='ltr'><strong>sn</strong></span> 
     </span>
    </p>
   </div>
   <div class='ocr_carea' id='block_1_3' title="bbox 60 362 1210 1409">
    <p class='ocr_par' dir='ltr' id='par_1_3' title="bbox 60 362 1210 1409">
     <span class='ocr_line' id='line_1_3' title="bbox 69 362 1165 466; baseline 0.001 -23"><span class='ocrx_word' id='word_1_4' title='bbox 69 385 160 443; x_wconf 84' lang='lat' dir='ltr'><strong>scuta</strong></span> <span class='ocrx_word' id='word_1_5' title='bbox 180 375 287 448; x_wconf 85' lang='lat' dir='ltr'><strong>innixa</strong></span> <span class='ocrx_word' id='word_1_6' title='bbox 309 374 450 441; x_wconf 88' lang='lat' dir='ltr'><strong>humeris</strong></span> <span class='ocrx_word' id='word_1_7' title='bbox 472 362 564 442; x_wconf 76' lang='lat' dir='ltr'><strong>haita</strong></span> <span class='ocrx_word' id='word_1_8' title='bbox 586 374 752 442; x_wconf 82' lang='lat' dir='ltr'><strong>suberecta</strong></span> <span class='ocrx_word' id='word_1_9' title='bbox 774 375 905 466; x_wconf 83' lang='lat' dir='ltr'><strong>cuspide</strong></span> <span class='ocrx_word' id='word_1_10' title='bbox 931 375 964 443; x_wconf 92' lang='lat' dir='ltr'><strong>in</strong></span> <span class='ocrx_word' id='word_1_11' title='bbox 990 387 1074 446; x_wconf 86' lang='lat' dir='ltr'><strong>terra</strong></span> <span class='ocrx_word' id='word_1_12' title='bbox 1100 375 1165 444; x_wconf 77' lang='lat' dir='ltr'><strong>tina</strong></span> 
     </span>
     <span class='ocr_line' id='line_1_4' title="bbox 67 476 1164 569; baseline 0.001 -23"><span class='ocrx_word' id='word_1_13' title='bbox 67 481 154 549; x_wconf 88' lang='lat' dir='ltr'><strong>haud</strong></span> <span class='ocrx_word' id='word_1_14' title='bbox 174 503 267 548; x_wconf 89' lang='lat' dir='ltr'><strong>secus</strong></span> <span class='ocrx_word' id='word_1_15' title='bbox 290 503 387 569; x_wconf 88' lang='lat' dir='ltr'><strong>quam</strong></span> <span class='ocrx_word' id='word_1_16' title='bbox 410 478 494 547; x_wconf 87' lang='lat' dir='ltr'><strong>vallo</strong></span> <span class='ocrx_word' id='word_1_17' title='bbox 517 476 627 568; x_wconf 90' lang='lat' dir='ltr'><strong>saepta</strong></span> <span class='ocrx_word' id='word_1_18' title='bbox 649 479 824 549; x_wconf 84' lang='lat' dir='ltr'><strong>inhorreret</strong></span> <span class='ocrx_word' id='word_1_19' title='bbox 845 481 928 546; x_wconf 90' lang='lat' dir='ltr'><strong>acies</strong></span> <span class='ocrx_word' id='word_1_20' title='bbox 950 492 1104 550; x_wconf 87' lang='lat' dir='ltr'><strong>tenentes.</strong></span> <span class='ocrx_word' id='word_1_21' title='bbox 1137 481 1164 548; x_wconf 90' lang='lat' dir='ltr'><strong>si</strong></span> 
     </span>
     <span class='ocr_line' id='line_1_5' title="bbox 68 583 1165 677; baseline 0.001 -25"><span class='ocrx_word' id='word_1_22' title='bbox 68 585 155 677; x_wconf 85' lang='lat' dir='ltr'><strong>apud</strong></span> <span class='ocrx_word' id='word_1_23' title='bbox 177 585 335 675; x_wconf 76' lang='lat' dir='ltr'><strong>principes</strong></span> <span class='ocrx_word' id='word_1_24' title='bbox 358 607 489 672; x_wconf 88' lang='lat' dir='ltr'><strong>quoque</strong></span> <span class='ocrx_word' id='word_1_25' title='bbox 511 583 598 651; x_wconf 86' lang='lat' dir='ltr'><strong>haud</strong></span> <span class='ocrx_word' id='word_1_26' title='bbox 619 584 695 651; x_wconf 90' lang='lat' dir='ltr'><strong>satis</strong></span> <span class='ocrx_word' id='word_1_27' title='bbox 711 608 864 674; x_wconf 86' lang='lat' dir='ltr'><strong>prospere</strong></span> <span class='ocrx_word' id='word_1_28' title='bbox 881 594 967 665; x_wconf 82' lang='lat' dir='ltr'><strong>esset</strong></span> <span class='ocrx_word' id='word_1_29' title='bbox 980 597 1165 677; x_wconf 83' lang='lat' dir='ltr'><strong>pugnatum,</strong></span> 
     </span>
     <span class='ocr_line' id='line_1_6' title="bbox 66 687 1164 781; baseline -0.002 -24"><span class='ocrx_word' id='word_1_30' title='bbox 66 691 208 781; x_wconf 91' lang='lat' dir='ltr'><strong>aprima</strong></span> <span class='ocrx_word' id='word_1_31' title='bbox 231 688 299 754; x_wconf 86' lang='lat' dir='ltr'><strong>acie</strong></span> <span class='ocrx_word' id='word_1_32' title='bbox 322 688 362 757; x_wconf 89' lang='lat' dir='ltr'><strong>ad</strong></span> <span class='ocrx_word' id='word_1_33' title='bbox 384 687 508 754; x_wconf 88' lang='lat' dir='ltr'><strong>triarios</strong></span> <span class='ocrx_word' id='word_1_34' title='bbox 529 689 648 760; x_wconf 87' lang='lat' dir='ltr'><strong>sensim</strong></span> <span class='ocrx_word' id='word_1_35' title='bbox 670 689 902 758; x_wconf 84' lang='lat' dir='ltr'><strong>referebantur:</strong></span> <span class='ocrx_word' id='word_1_36' title='bbox 938 690 1101 764; x_wconf 86' lang='lat' dir='ltr'><strong>inde&#39;rem</strong></span> <span class='ocrx_word' id='word_1_37' title='bbox 1124 691 1164 758; x_wconf 90' lang='lat' dir='ltr'><strong>ad</strong></span> 
     </span>
     <span class='ocr_line' id='line_1_7' title="bbox 65 791 1192 882; baseline -0.004 -21"><span class='ocrx_word' id='word_1_38' title='bbox 65 795 189 861; x_wconf 82' lang='lat' dir='ltr'><strong>triarios</strong></span> <span class='ocrx_word' id='word_1_39' title='bbox 212 794 344 876; x_wconf 84' lang='lat' dir='ltr'><strong>redisse,</strong></span> <span class='ocrx_word' id='word_1_40' title='bbox 373 817 447 859; x_wconf 91' lang='lat' dir='ltr'><strong>cum</strong></span> <span class='ocrx_word' id='word_1_41' title='bbox 469 791 644 875; x_wconf 86' lang='lat' dir='ltr'><strong>laboratur,</strong></span> <span class='ocrx_word' id='word_1_42' title='bbox 673 795 843 882; x_wconf 88' lang='lat' dir='ltr'><strong>proverbio</strong></span> <span class='ocrx_word' id='word_1_43' title='bbox 867 794 1032 862; x_wconf 84' lang='lat' dir='ltr'><strong>increbuit.</strong></span> <span class='ocrx_word' id='word_1_44' title='bbox 1071 793 1192 859; x_wconf 78' lang='lat' dir='ltr'><strong>triariib</strong></span> 
     </span>
     <span class='ocr_line' id='line_1_8' title="bbox 67 897 1165 989; baseline -0.001 -24"><span class='ocrx_word' id='word_1_45' title='bbox 67 909 295 989; x_wconf 83' lang='lat' dir='ltr'><strong>consurgentes</strong></span> <span class='ocrx_word' id='word_1_46' title='bbox 317 897 372 964; x_wconf 90' lang='lat' dir='ltr'><strong>ubi</strong></span> <span class='ocrx_word' id='word_1_47' title='bbox 393 897 426 967; x_wconf 91' lang='lat' dir='ltr'><strong>in</strong></span> <span class='ocrx_word' id='word_1_48' title='bbox 447 897 615 967; x_wconf 78' lang='lat' dir='ltr'><strong>intervalla·</strong></span> <span class='ocrx_word' id='word_1_49' title='bbox 627 899 782 969; x_wconf 63' lang='lat' dir='ltr'><strong>‘ordinum</strong></span> <span class='ocrx_word' id='word_1_50' title='bbox 804 923 935 967; x_wconf 89' lang='lat' dir='ltr'><strong>suorum</strong></span> <span class='ocrx_word' id='word_1_51' title='bbox 958 899 1115 988; x_wconf 90' lang='lat' dir='ltr'><strong>principes</strong></span> <span class='ocrx_word' id='word_1_52' title='bbox 1132 909 1165 964; x_wconf 91' lang='lat' dir='ltr'><strong>et</strong></span> 
     </span>
     <span class='ocr_line' id='line_1_9' title="bbox 62 1000 1164 1093; baseline -0.002 -24"><span class='ocrx_word' id='word_1_53' title='bbox 62 1003 206 1071; x_wconf 90' lang='lat' dir='ltr'><strong>hastatos</strong></span> <span class='ocrx_word' id='word_1_54' title='bbox 233 1002 446 1092; x_wconf 86' lang='lat' dir='ltr'><strong>recepissent,</strong></span> <span class='ocrx_word' id='word_1_55' title='bbox 479 1002 641 1091; x_wconf 82' lang='lat' dir='ltr'><strong>extemplo</strong></span> <span class='ocrx_word' id='word_1_56' title='bbox 676 1003 854 1093; x_wconf 86' lang='lat' dir='ltr'><strong>conpressis</strong></span> <span class='ocrx_word' id='word_1_57' title='bbox 884 1004 1046 1071; x_wconf 91' lang='lat' dir='ltr'><strong>ordinibus</strong></span> <span class='ocrx_word' id='word_1_58' title='bbox 1076 1000 1164 1073; x_wconf 78' lang='lat' dir='ltr'><strong>velut</strong></span> 
     </span>
     <span class='ocr_line' id='line_1_10' title="bbox 64 1106 1165 1198; baseline -0.005 -23"><span class='ocrx_word' id='word_1_59' title='bbox 64 1107 255 1181; x_wconf 80' lang='lat' dir='ltr'><strong>claudebant</strong></span> <span class='ocrx_word' id='word_1_60' title='bbox 275 1107 358 1189; x_wconf 87' lang='lat' dir='ltr'><strong>vias,</strong></span> <span class='ocrx_word' id='word_1_61' title='bbox 389 1128 521 1196; x_wconf 88' lang='lat' dir='ltr'><strong>unoque</strong></span> <span class='ocrx_word' id='word_1_62' title='bbox 549 1107 723 1180; x_wconf 85' lang='lat' dir='ltr'><strong>continenti</strong></span> <span class='ocrx_word' id='word_1_63' title='bbox 752 1108 876 1198; x_wconf 82' lang='lat' dir='ltr'><strong>agmine</strong></span> <span class='ocrx_word' id='word_1_64' title='bbox 904 1110 969 1174; x_wconf 90' lang='lat' dir='ltr'><strong>iam</strong></span> <span class='ocrx_word' id='word_1_65' title='bbox 996 1106 1083 1173; x_wconf 86' lang='lat' dir='ltr'><strong>nulla</strong></span> <span class='ocrx_word' id='word_1_66' title='bbox 1106 1129 1165 1196; x_wconf 90' lang='lat' dir='ltr'><strong>spe</strong></span> 
     </span>
     <span class='ocr_line' id='line_1_11' title="bbox 62 1210 1162 1302; baseline -0.002 -24"><span class='ocrx_word' id='word_1_67' title='bbox 62 1223 138 1302; x_wconf 91' lang='lat' dir='ltr'><strong>post</strong></span> <span class='ocrx_word' id='word_1_68' title='bbox 152 1212 261 1279; x_wconf 85' lang='lat' dir='ltr'><strong>relicta</strong></span> <span class='ocrx_word' id='word_1_69' title='bbox 275 1212 308 1278; x_wconf 91' lang='lat' dir='ltr'><strong>in</strong></span> <span class='ocrx_word' id='word_1_70' title='bbox 324 1211 452 1284; x_wconf 89' lang='lat' dir='ltr'><strong>hostem</strong></span> <span class='ocrx_word' id='word_1_71' title='bbox 473 1211 668 1283; x_wconf 85' lang='lat' dir='ltr'><strong>incidebant:</strong></span> <span class='ocrx_word' id='word_1_72' title='bbox 691 1212 724 1279; x_wconf 93' lang='lat' dir='ltr'><strong>id</strong></span> <span class='ocrx_word' id='word_1_73' title='bbox 747 1224 816 1284; x_wconf 87' lang='lat' dir='ltr'><strong>erat</strong></span> <span class='ocrx_word' id='word_1_74' title='bbox 828 1210 1162 1280; x_wconf 80' lang='lat' dir='ltr'><strong>fonnidolosissimum</strong></span> 
     </span>
     <span class='ocr_line' id='line_1_12' title="bbox 60 1315 1210 1409; baseline -0.008 -23"><span class='ocrx_word' id='word_1_75' title='bbox 60 1315 155 1398; x_wconf 90' lang='lat' dir='ltr'><strong>hosti,</strong></span> <span class='ocrx_word' id='word_1_76' title='bbox 179 1341 252 1384; x_wconf 89' lang='lat' dir='ltr'><strong>cum</strong></span> <span class='ocrx_word' id='word_1_77' title='bbox 268 1316 356 1386; x_wconf 89' lang='lat' dir='ltr'><strong>velut</strong></span> <span class='ocrx_word' id='word_1_78' title='bbox 377 1317 481 1384; x_wconf 87' lang='lat' dir='ltr'><strong>victos</strong></span> <span class='ocrx_word' id='word_1_79' title='bbox 503 1315 636 1382; x_wconf 89' lang='lat' dir='ltr'><strong>insecuti</strong></span> <span class='ocrx_word' id='word_1_80' title='bbox 658 1340 776 1387; x_wconf 83' lang='lat' dir='ltr'><strong>novam</strong></span> <span class='ocrx_word' id='word_1_81' title='bbox 790 1329 923 1409; x_wconf 86' lang='lat' dir='ltr'><strong>repente</strong></span> <span class='ocrx_word' id='word_1_82' title='bbox 940 1317 1042 1383; x_wconf 88' lang='lat' dir='ltr'><strong>aciem</strong></span> <span class='ocrx_word' id='word_1_83' title='bbox 1054 1338 1161 1382; x_wconf 77' lang='lat' dir='ltr'><strong>exsur-</strong></span> <span class='ocrx_word' id='word_1_84' title='bbox 1175 1324 1210 1376; x_wconf 87' lang='lat'><strong>10</strong></span> 
     </span>
    </p>
   </div>
   <div class='ocr_carea' id='block_1_4' title="bbox 29 1514 578 3327">
    <p class='ocr_par' dir='ltr' id='par_1_4' title="bbox 79 1514 578 2376">
     <span class='ocr_line' id='line_1_13' title="bbox 79 1514 577 1589; baseline -0.004 -16"><span class='ocrx_word' id='word_1_85' title='bbox 79 1519 105 1577; x_wconf 85' lang='lat'><strong>1.</strong></span> <span class='ocrx_word' id='word_1_86' title='bbox 131 1516 222 1576; x_wconf 80' lang='lat' dir='ltr'><strong>bustu</strong></span> <span class='ocrx_word' id='word_1_87' title='bbox 239 1515 392 1577; x_wconf 74' lang='lat' dir='ltr'><strong>suberecta</strong></span> <span class='ocrx_word' id='word_1_88' title='bbox 409 1514 532 1589; x_wconf 76' lang='lat' dir='ltr'><strong>cuspide</strong></span> <span class='ocrx_word' id='word_1_89' title='bbox 547 1515 577 1571; x_wconf 80' lang='lat' dir='ltr'><strong>in</strong></span> 
     </span>
     <span class='ocr_line' id='line_1_14' title="bbox 132 1593 578 1677; baseline -0.011 -17"><span class='ocrx_word' id='word_1_90' title='bbox 132 1611 216 1663; x_wconf 80' lang='lat' dir='ltr'><strong>terra</strong></span> <span class='ocrx_word' id='word_1_91' title='bbox 227 1603 316 1677; x_wconf 76' lang='lat' dir='ltr'><strong>fica:</strong></span> <span class='ocrx_word' id='word_1_92' title='bbox 334 1601 409 1667; x_wconf 70' lang='lat' dir='ltr'><strong>Mur.</strong></span> <span class='ocrx_word' id='word_1_93' title='bbox 427 1593 468 1674; x_wconf 91' lang='lat'><strong>1.]</strong></span> <span class='ocrx_word' id='word_1_94' title='bbox 488 1601 578 1656; x_wconf 77' lang='lat' dir='ltr'><strong>bastae</strong></span> 
     </span>
     <span class='ocr_line' id='line_1_15' title="bbox 132 1689 578 1766; baseline -0.009 -20"><span class='ocrx_word' id='word_1_95' title='bbox 132 1691 256 1748; x_wconf 78' lang='lat' dir='ltr'><strong>subrecta</strong></span> <span class='ocrx_word' id='word_1_96' title='bbox 292 1689 404 1766; x_wconf 83' lang='lat' dir='ltr'><strong>cuspide</strong></span> <span class='ocrx_word' id='word_1_97' title='bbox 443 1691 472 1744; x_wconf 90' lang='lat' dir='ltr'><strong>in</strong></span> <span class='ocrx_word' id='word_1_98' title='bbox 508 1699 578 1743; x_wconf 87' lang='lat' dir='ltr'><strong>terra</strong></span> 
     </span>
     <span class='ocr_line' id='line_1_16' title="bbox 131 1773 577 1835; baseline -0.004 -3"><span class='ocrx_word' id='word_1_99' title='bbox 131 1777 209 1834; x_wconf 84' lang='lat' dir='ltr'><strong>fixas.</strong></span> <span class='ocrx_word' id='word_1_100' title='bbox 226 1808 259 1818; x_wconf 92' lang='lat'><em>-</em></span> <span class='ocrx_word' id='word_1_101' title='bbox 278 1773 312 1835; x_wconf 88' lang='lat' dir='ltr'><strong>P:</strong></span> <span class='ocrx_word' id='word_1_102' title='bbox 331 1777 421 1832; x_wconf 86' lang='lat' dir='ltr'><strong>hastas</strong></span> <span class='ocrx_word' id='word_1_103' title='bbox 439 1776 577 1835; x_wconf 83' lang='lat' dir='ltr'><strong>suberecta</strong></span> 
     </span>
     <span class='ocr_line' id='line_1_17' title="bbox 133 1861 578 1940; baseline 0.004 -20"><span class='ocrx_word' id='word_1_104' title='bbox 133 1863 245 1940; x_wconf 82' lang='lat' dir='ltr'><strong>cuspide</strong></span> <span class='ocrx_word' id='word_1_105' title='bbox 262 1864 291 1919; x_wconf 92' lang='lat' dir='ltr'><strong>in</strong></span> <span class='ocrx_word' id='word_1_106' title='bbox 309 1874 378 1923; x_wconf 88' lang='lat' dir='ltr'><strong>terra</strong></span> <span class='ocrx_word' id='word_1_107' title='bbox 396 1863 473 1921; x_wconf 71' lang='lat' dir='ltr'><strong>finias.</strong></span> <span class='ocrx_word' id='word_1_108' title='bbox 498 1861 524 1919; x_wconf 83' lang='lat' dir='ltr'><strong>bl</strong></span> <span class='ocrx_word' id='word_1_109' title='bbox 543 1882 578 1922; x_wconf 88' lang='lat' dir='ltr'><strong>m.</strong></span> 
     </span>
     <span class='ocr_line' id='line_1_18' title="bbox 132 1949 577 2013; baseline -0.004 -7"><span class='ocrx_word' id='word_1_110' title='bbox 132 1954 172 2009; x_wconf 54' lang='grc' dir='ltr'><strong>Ἅι</strong></span> <span class='ocrx_word' id='word_1_111' title='bbox 194 1949 271 2008; x_wconf 82' lang='lat' dir='ltr'><strong>fixas.</strong></span> <span class='ocrx_word' id='word_1_112' title='bbox 296 1981 333 1993; x_wconf 83' lang='lat'><em>-</em></span> <span class='ocrx_word' id='word_1_113' title='bbox 361 1950 523 2013; x_wconf 84' lang='lat' dir='ltr'><strong>Suberecta</strong></span> <span class='ocrx_word' id='word_1_114' title='bbox 548 1951 577 2005; x_wconf 84' lang='lat' dir='ltr'><strong>in</strong></span> 
     </span>
     <span class='ocr_line' id='line_1_19' title="bbox 131 2036 577 2098; baseline -0.002 -3"><span class='ocrx_word' id='word_1_115' title='bbox 131 2036 416 2098; x_wconf 87' lang='lat' dir='ltr'><strong>omnibusmelioribus</strong></span> <span class='ocrx_word' id='word_1_116' title='bbox 424 2036 502 2095; x_wconf 88' lang='lat' dir='ltr'><strong>libris</strong></span> <span class='ocrx_word' id='word_1_117' title='bbox 511 2039 577 2094; x_wconf 85' lang='lat' dir='ltr'><strong>scri·</strong></span> 
     </span>
     <span class='ocr_line' id='line_1_20' title="bbox 131 2125 576 2204; baseline -0.007 -21"><span class='ocrx_word' id='word_1_118' title='bbox 131 2135 262 2204; x_wconf 81' lang='lat' dir='ltr'><strong>ptumect.</strong></span> <span class='ocrx_word' id='word_1_119' title='bbox 281 2125 314 2181; x_wconf 83' lang='lat' dir='ltr'><strong>ef.</strong></span> <span class='ocrx_word' id='word_1_120' title='bbox 322 2127 396 2190; x_wconf 84' lang='lat'><strong>7‚33.</strong></span> <span class='ocrx_word' id='word_1_121' title='bbox 407 2125 457 2185; x_wconf 90' lang='lat' dir='ltr'><strong>Sil.</strong></span> <span class='ocrx_word' id='word_1_122' title='bbox 464 2125 523 2193; x_wconf 78' lang='lat' dir='ltr'><strong>Ital,</strong></span> <span class='ocrx_word' id='word_1_123' title='bbox 533 2127 576 2192; x_wconf 90' lang='lat'><strong>15,</strong></span> 
     </span>
     <span class='ocr_line' id='line_1_21' title="bbox 131 2212 577 2282; baseline -0.004 -13"><span class='ocrx_word' id='word_1_124' title='bbox 131 2216 190 2271; x_wconf 80' lang='lat'><strong>155.</strong></span> <span class='ocrx_word' id='word_1_125' title='bbox 204 2214 276 2282; x_wconf 87' lang='lat' dir='ltr'><strong>„Die</strong></span> <span class='ocrx_word' id='word_1_126' title='bbox 286 2212 412 2282; x_wconf 85' lang='lat' dir='ltr'><strong>Triarier,</strong></span> <span class='ocrx_word' id='word_1_127' title='bbox 422 2214 481 2270; x_wconf 89' lang='lat' dir='ltr'><strong>ihre</strong></span> <span class='ocrx_word' id='word_1_128' title='bbox 489 2233 523 2267; x_wconf 86' lang='lat' dir='ltr'><strong>an</strong></span> <span class='ocrx_word' id='word_1_129' title='bbox 533 2212 577 2271; x_wconf 86' lang='lat' dir='ltr'><strong>die</strong></span> 
     </span>
     <span class='ocr_line' id='line_1_22' title="bbox 131 2298 576 2376; baseline -0.011 -17"><span class='ocrx_word' id='word_1_130' title='bbox 131 2301 274 2359; x_wconf 84' lang='lat' dir='ltr'><strong>Schultern</strong></span> <span class='ocrx_word' id='word_1_131' title='bbox 297 2300 438 2376; x_wconf 81' lang='lat' dir='ltr'><strong>gelehrten</strong></span> <span class='ocrx_word' id='word_1_132' title='bbox 465 2298 576 2362; x_wconf 82' lang='lat' dir='ltr'><strong>Schilde</strong></span> 
     </span>
    </p>

    <p class='ocr_par' dir='ltr' id='par_1_5' title="bbox 79 2385 575 2559">
     <span class='ocr_line' id='line_1_23' title="bbox 79 2385 575 2456; baseline -0.006 -11"><span class='ocrx_word' id='word_1_133' title='bbox 79 2436 81 2440; x_wconf 90' lang='lat'><strong>.</strong></span> <span class='ocrx_word' id='word_1_134' title='bbox 131 2385 575 2456; x_wconf 78' lang='lat' dir='ltr'><strong>haltend‚nachdemsiedieLanze</strong></span> 
     </span>
     <span class='ocr_line' id='line_1_24' title="bbox 131 2476 575 2559; baseline -0.007 -26"><span class='ocrx_word' id='word_1_135' title='bbox 131 2480 180 2533; x_wconf 89' lang='lat' dir='ltr'><strong>mit</strong></span> <span class='ocrx_word' id='word_1_136' title='bbox 198 2477 422 2559; x_wconf 78' lang='lat' dir='ltr'><strong>emporragender·</strong></span> <span class='ocrx_word' id='word_1_137' title='bbox 437 2476 529 2553; x_wconf 89' lang='lat' dir='ltr'><strong>Spitze</strong></span> <span class='ocrx_word' id='word_1_138' title='bbox 547 2479 575 2530; x_wconf 92' lang='lat' dir='ltr'><strong>in</strong></span> 
     </span>
    </p>

    <p class='ocr_par' dir='ltr' id='par_1_6' title="bbox 29 2562 576 2638">
     <span class='ocr_line' id='line_1_25' title="bbox 29 2562 576 2638; baseline -0.013 -16"><span class='ocrx_word' id='word_1_139' title='bbox 29 2562 37 2575; x_wconf 46' lang='lat'><strong>&#39;¹</strong></span> <span class='ocrx_word' id='word_1_140' title='bbox 131 2565 175 2621; x_wconf 90' lang='lat' dir='ltr'><strong>die</strong></span> <span class='ocrx_word' id='word_1_141' title='bbox 187 2565 259 2621; x_wconf 84' lang='lat' dir='ltr'><strong>Erde</strong></span> <span class='ocrx_word' id='word_1_142' title='bbox 272 2574 419 2638; x_wconf 83' lang='lat' dir='ltr'><strong>gestossen,</strong></span> <span class='ocrx_word' id='word_1_143' title='bbox 437 2562 513 2635; x_wconf 82' lang='lat' dir='ltr'><strong>lagen</strong></span> <span class='ocrx_word' id='word_1_144' title='bbox 526 2562 576 2617; x_wconf 84' lang='lat' dir='ltr'><strong>mit</strong></span> 
     </span>
    </p>

    <p class='ocr_par' dir='ltr' id='par_1_7' title="bbox 52 2646 578 3327">
     <span class='ocr_line' id='line_1_26' title="bbox 130 2646 577 2725; baseline -0.011 -17"><span class='ocrx_word' id='word_1_145' title='bbox 130 2646 362 2725; x_wconf 66' lang='lat' dir='ltr'><strong>vorgestrecbtenb</strong></span> <span class='ocrx_word' id='word_1_146' title='bbox 388 2649 479 2709; x_wconf 79' lang='lat' dir='ltr'><strong>linbeu</strong></span> <span class='ocrx_word' id='word_1_147' title='bbox 507 2648 577 2704; x_wconf 90' lang='lat' dir='ltr'><strong>Bein</strong></span> 
     </span>
     <span class='ocr_line' id='line_1_27' title="bbox 132 2736 577 2799; baseline -0.011 -4"><span class='ocrx_word' id='word_1_148' title='bbox 132 2749 211 2797; x_wconf 82' lang='lat' dir='ltr'><strong>unter</strong></span> <span class='ocrx_word' id='word_1_149' title='bbox 237 2739 314 2793; x_wconf 89' lang='lat' dir='ltr'><strong>ihren</strong></span> <span class='ocrx_word' id='word_1_150' title='bbox 337 2736 513 2792; x_wconf 85' lang='lat' dir='ltr'><strong>Fcldzeiehen</strong></span> <span class='ocrx_word' id='word_1_151' title='bbox 540 2737 577 2799; x_wconf 80' lang='lat' dir='ltr'><strong>im</strong></span> 
     </span>
     <span class='ocr_line' id='line_1_28' title="bbox 130 2822 575 2902; baseline -0.011 -21"><span class='ocrx_word' id='word_1_152' title='bbox 130 2823 294 2902; x_wconf 60' lang='lat' dir='ltr'><strong>buschlage,</strong></span> <span class='ocrx_word' id='word_1_153' title='bbox 320 2823 396 2880; x_wconf 85' lang='lat' dir='ltr'><strong>nieht</strong></span> <span class='ocrx_word' id='word_1_154' title='bbox 418 2822 515 2877; x_wconf 81' lang='lat' dir='ltr'><strong>andere</strong></span> <span class='ocrx_word' id='word_1_155' title='bbox 537 2823 575 2876; x_wconf 85' lang='lat' dir='ltr'><strong>als</strong></span> 
     </span>
     <span class='ocr_line' id='line_1_29' title="bbox 131 2904 576 2985; baseline -0.013 -17"><span class='ocrx_word' id='word_1_156' title='bbox 131 2915 166 2968; x_wconf 94' lang='lat' dir='ltr'><strong>ob</strong></span> <span class='ocrx_word' id='word_1_157' title='bbox 196 2912 256 2972; x_wconf 88' lang='lat' dir='ltr'><strong>eine</strong></span> <span class='ocrx_word' id='word_1_158' title='bbox 282 2928 336 2966; x_wconf 82' lang='lat' dir='ltr'><strong>ron</strong></span> <span class='ocrx_word' id='word_1_159' title='bbox 363 2904 576 2985; x_wconf 79' lang='lat' dir='ltr'><strong>Sclrannpiitblen</strong></span> 
     </span>
     <span class='ocr_line' id='line_1_30' title="bbox 130 2993 578 3062; baseline -0.016 -6"><span class='ocrx_word' id='word_1_160' title='bbox 130 2997 331 3062; x_wconf 88' lang='lat' dir='ltr'><strong>umschlossene</strong></span> <span class='ocrx_word' id='word_1_161' title='bbox 375 2993 578 3051; x_wconf 83' lang='lat' dir='ltr'><strong>Schlachtreihe</strong></span> 
     </span>
     <span class='ocr_line' id='line_1_31' title="bbox 52 3081 575 3157; baseline -0.017 -12"><span class='ocrx_word' id='word_1_162' title='bbox 52 3149 58 3157; x_wconf 66' lang='grc'><em>,</em></span> <span class='ocrx_word' id='word_1_163' title='bbox 131 3087 330 3144; x_wconf 61' lang='lat' dir='ltr'><strong>dahersurre‘t.</strong></span> <span class='ocrx_word' id='word_1_164' title='bbox 368 3082 460 3143; x_wconf 82' lang='lat' dir='ltr'><em>Vallo</em></span> <span class='ocrx_word' id='word_1_165' title='bbox 478 3081 505 3140; x_wconf 89' lang='lat' dir='ltr'><strong>b.</strong></span> <span class='ocrx_word' id='word_1_166' title='bbox 523 3081 542 3157; x_wconf 73' lang='lat' dir='ltr'><strong>l,</strong></span> <span class='ocrx_word' id='word_1_167' title='bbox 560 3103 575 3144; x_wconf 84' lang='lat' dir='ltr'><strong>a</strong></span> 
     </span>
     <span class='ocr_line' id='line_1_32' title="bbox 130 3172 577 3236; baseline -0.011 -4"><span class='ocrx_word' id='word_1_168' title='bbox 130 3177 230 3236; x_wconf 82' lang='lat' dir='ltr'><strong>callus</strong></span> <span class='ocrx_word' id='word_1_169' title='bbox 247 3193 302 3228; x_wconf 91' lang='lat' dir='ltr'><strong>non</strong></span> <span class='ocrx_word' id='word_1_170' title='bbox 319 3192 333 3226; x_wconf 91' lang='lat' dir='ltr'><strong>a</strong></span> <span class='ocrx_word' id='word_1_171' title='bbox 352 3172 467 3228; x_wconf 82' lang='lat' dir='ltr'><strong>callum</strong></span> <span class='ocrx_word' id='word_1_172' title='bbox 483 3172 577 3231; x_wconf 82' lang='lat' dir='ltr'><strong>venire</strong></span> 
     </span>
     <span class='ocr_line' id='line_1_33' title="bbox 130 3257 553 3327; baseline -0.002 -11"><span class='ocrx_word' id='word_1_173' title='bbox 130 3271 203 3317; x_wconf 83' lang='lat' dir='ltr'><strong>recte</strong></span> <span class='ocrx_word' id='word_1_174' title='bbox 220 3259 288 3317; x_wconf 86' lang='lat' dir='ltr'><strong>vidit</strong></span> <span class='ocrx_word' id='word_1_175' title='bbox 305 3257 553 3327; x_wconf 75' lang='lat' dir='ltr'><strong>Drakenborcbius.</strong></span> 
     </span>
    </p>
   </div>
   <div class='ocr_carea' id='block_1_5' title="bbox 79 3389 578 3800">
    <p class='ocr_par' dir='ltr' id='par_1_8' title="bbox 79 3389 578 3800">
     <span class='ocr_line' id='line_1_34' title="bbox 79 3389 576 3466; baseline -0.006 -16"><span class='ocrx_word' id='word_1_176' title='bbox 79 3397 106 3461; x_wconf 75' lang='lat' dir='ltr'><strong>i.</strong></span> <span class='ocrx_word' id='word_1_177' title='bbox 133 3415 153 3449; x_wconf 84' lang='lat' dir='ltr'><strong>a</strong></span> <span class='ocrx_word' id='word_1_178' title='bbox 176 3393 274 3466; x_wconf 84' lang='lat' dir='ltr'><strong>primo</strong></span> <span class='ocrx_word' id='word_1_179' title='bbox 296 3391 359 3454; x_wconf 80' lang='lat' dir='ltr'><strong>acic</strong></span> <span class='ocrx_word' id='word_1_180' title='bbox 385 3389 428 3446; x_wconf 81' lang='lat' dir='ltr'><strong>ad</strong></span> <span class='ocrx_word' id='word_1_181' title='bbox 454 3392 576 3448; x_wconf 77' lang='lat' dir='ltr'><strong>triarios</strong></span> 
     </span>
     <span class='ocr_line' id='line_1_35' title="bbox 132 3463 578 3548; baseline -0.009 -12"><span class='ocrx_word' id='word_1_182' title='bbox 132 3480 244 3536; x_wconf 84' lang='lat' dir='ltr'><strong>sensim</strong></span> <span class='ocrx_word' id='word_1_183' title='bbox 274 3475 500 3548; x_wconf 73' lang='lat' dir='ltr'><strong>referebantur:</strong></span> <span class='ocrx_word' id='word_1_184' title='bbox 528 3463 578 3539; x_wconf 81' lang='lat' dir='ltr'><strong>Pt&#39;t</strong></span> 
     </span>
     <span class='ocr_line' id='line_1_36' title="bbox 133 3558 578 3625; baseline -0.009 0"><span class='ocrx_word' id='word_1_185' title='bbox 133 3565 206 3625; x_wconf 85' lang='lat' dir='ltr'><strong>Harl.</strong></span> <span class='ocrx_word' id='word_1_186' title='bbox 216 3585 233 3625; x_wconf 84' lang='lat' dir='ltr'><strong>r.</strong></span> <span class='ocrx_word' id='word_1_187' title='bbox 246 3596 278 3604; x_wconf 90' lang='lat'>-</span> <span class='ocrx_word' id='word_1_188' title='bbox 288 3558 363 3621; x_wconf 74' lang='lat' dir='ltr'><strong>Pan.</strong></span> <span class='ocrx_word' id='word_1_189' title='bbox 376 3567 401 3622; x_wconf 90' lang='lat'><strong>1.</strong></span> <span class='ocrx_word' id='word_1_190' title='bbox 419 3566 445 3622; x_wconf 81' lang='lat'><strong>³,</strong></span> <span class='ocrx_word' id='word_1_191' title='bbox 464 3563 540 3623; x_wconf 89' lang='lat' dir='ltr'><strong>Voss.</strong></span> <span class='ocrx_word' id='word_1_192' title='bbox 550 3583 578 3625; x_wconf 87' lang='lat' dir='ltr'><strong>n.</strong></span> 
     </span>
     <span class='ocr_line' id='line_1_37' title="bbox 133 3652 577 3730; baseline -0.007 -19"><span class='ocrx_word' id='word_1_193' title='bbox 133 3655 181 3716; x_wconf 74' lang='lat' dir='ltr'><strong>aba</strong></span> <span class='ocrx_word' id='word_1_194' title='bbox 204 3652 322 3730; x_wconf 89' lang='lat' dir='ltr'><strong>aprima</strong></span> <span class='ocrx_word' id='word_1_195' title='bbox 341 3653 398 3706; x_wconf 86' lang='lat' dir='ltr'><strong>acie</strong></span> <span class='ocrx_word' id='word_1_196' title='bbox 416 3652 450 3716; x_wconf 87' lang='lat' dir='ltr'><strong>ad</strong></span> <span class='ocrx_word' id='word_1_197' title='bbox 471 3654 577 3708; x_wconf 84' lang='lat' dir='ltr'><strong>triarios</strong></span> 
     </span>
     <span class='ocr_line' id='line_1_38' title="bbox 133 3737 578 3800; baseline -0.011 -1"><span class='ocrx_word' id='word_1_198' title='bbox 133 3753 206 3800; x_wconf 87' lang='lat' dir='ltr'><strong>retro</strong></span> <span class='ocrx_word' id='word_1_199' title='bbox 236 3758 266 3798; x_wconf 87' lang='lat' dir='ltr'><strong>se</strong></span> <span class='ocrx_word' id='word_1_200' title='bbox 297 3737 455 3800; x_wconf 85' lang='lat' dir='ltr'><strong>referebant.</strong></span> <span class='ocrx_word' id='word_1_201' title='bbox 487 3770 521 3780; x_wconf 89' lang='lat'>-</span> <span class='ocrx_word' id='word_1_202' title='bbox 550 3739 578 3800; x_wconf 77' lang='lat' dir='ltr'><strong>bl</strong></span> 
     </span>
    </p>
   </div>
   <div class='ocr_carea' id='block_1_6' title="bbox 38 3826 641 3910">
    <p class='ocr_par' dir='ltr' id='par_1_9' title="bbox 38 3826 641 3910">
     <span class='ocr_line' id='line_1_39' title="bbox 38 3826 641 3910; baseline -0.015 -20"><span class='ocrx_word' id='word_1_203' title='bbox 38 3835 40 3839; x_wconf 79' lang='grc'><strong>’</strong></span> <span class='ocrx_word' id='word_1_204' title='bbox 133 3826 214 3910; x_wconf 86' lang='lat' dir='ltr'><strong>paolo</strong></span> <span class='ocrx_word' id='word_1_205' title='bbox 242 3836 303 3883; x_wconf 87' lang='lat' dir='ltr'><strong>aute</strong></span> <span class='ocrx_word' id='word_1_206' title='bbox 326 3838 394 3896; x_wconf 88' lang='lat' dir='ltr'><strong>„aut</strong></span> <span class='ocrx_word' id='word_1_207' title='bbox 420 3829 509 3884; x_wconf 86' lang='lat' dir='ltr'><strong>satis“</strong></span> <span class='ocrx_word' id='word_1_208' title='bbox 535 3826 577 3883; x_wconf 89' lang='lat' dir='ltr'><strong>lit·</strong></span> <span class='ocrx_word' id='word_1_209' title='bbox 638 3855 641 3860; x_wconf 85' lang='lat'>·</span> 
     </span>
    </p>
   </div>
   <div class='ocr_carea' id='block_1_7' title="bbox 136 3915 357 3982">
    <p class='ocr_par' dir='ltr' id='par_1_10' title="bbox 136 3915 357 3982">
     <span class='ocr_line' id='line_1_40' title="bbox 136 3915 357 3982; baseline -0.005 -11"><span class='ocrx_word' id='word_1_210' title='bbox 136 3926 191 3977; x_wconf 82' lang='lat' dir='ltr'><strong>tera</strong></span> <span class='ocrx_word' id='word_1_211' title='bbox 210 3915 230 3970; x_wconf 85' lang='grc' dir='ltr'><strong>Ιι</strong></span> <span class='ocrx_word' id='word_1_212' title='bbox 249 3918 357 3982; x_wconf 70' lang='lat' dir='ltr'><strong>omissa,</strong></span> 
     </span>
    </p>
   </div>
   <div class='ocr_carea' id='block_1_8' title="bbox 82 4048 605 4120">
    <p class='ocr_par' dir='ltr' id='par_1_11' title="bbox 82 4048 605 4120">
     <span class='ocr_line' id='line_1_41' title="bbox 82 4048 605 4120; baseline 0 -16"><span class='ocrx_word' id='word_1_213' title='bbox 82 4079 116 4090; x_wconf 86' lang='lat'>—</span> <span class='ocrx_word' id='word_1_214' title='bbox 136 4048 579 4108; x_wconf 82' lang='lat' dir='ltr'><strong>inderemadtricriosredisse</strong></span> <span class='ocrx_word' id='word_1_215' title='bbox 603 4118 605 4120; x_wconf 15' lang='grc' dir='ltr'>Ι</span> 
     </span>
    </p>
   </div>
   <div class='ocr_carea' id='block_1_9' title="bbox 718 1514 1199 2360">
    <p class='ocr_par' dir='ltr' id='par_1_12' title="bbox 718 1514 1199 2360">
     <span class='ocr_line' id='line_1_42' title="bbox 718 1514 1163 1591; baseline -0.004 -21"><span class='ocrx_word' id='word_1_216' title='bbox 718 1537 784 1572; x_wconf 87' lang='lat' dir='ltr'><strong>cum</strong></span> <span class='ocrx_word' id='word_1_217' title='bbox 793 1518 948 1576; x_wconf 82' lang='lat' dir='ltr'><strong>laboratur</strong></span> <span class='ocrx_word' id='word_1_218' title='bbox 954 1515 1111 1591; x_wconf 82' lang='lat' dir='ltr'><strong>prouerbio</strong></span> <span class='ocrx_word' id='word_1_219' title='bbox 1122 1514 1163 1568; x_wconf 89' lang='lat' dir='ltr'><strong>in·</strong></span> 
     </span>
     <span class='ocr_line' id='line_1_43' title="bbox 719 1598 1162 1663; baseline -0.014 -1"><span class='ocrx_word' id='word_1_220' title='bbox 719 1606 844 1663; x_wconf 77' lang='lat' dir='ltr'><strong>crebuit:</strong></span> <span class='ocrx_word' id='word_1_221' title='bbox 876 1602 937 1661; x_wconf 82' lang='lat' dir='ltr'><strong>PM.</strong></span> <span class='ocrx_word' id='word_1_222' title='bbox 973 1635 1005 1646; x_wconf 85' lang='lat'>-</span> <span class='ocrx_word' id='word_1_223' title='bbox 1042 1598 1115 1658; x_wconf 85' lang='lat' dir='ltr'><strong>Harl.</strong></span> <span class='ocrx_word' id='word_1_224' title='bbox 1144 1619 1162 1657; x_wconf 92' lang='lat'><strong>1.</strong></span> 
     </span>
     <span class='ocr_line' id='line_1_44' title="bbox 719 1685 1180 1766; baseline -0.02 -16"><span class='ocrx_word' id='word_1_225' title='bbox 719 1691 795 1750; x_wconf 78' lang='lat' dir='ltr'><strong>Leid.</strong></span> <span class='ocrx_word' id='word_1_226' title='bbox 811 1711 828 1749; x_wconf 80' lang='grc' dir='ltr'><strong>ι.</strong></span> <span class='ocrx_word' id='word_1_227' title='bbox 846 1689 975 1766; x_wconf 86' lang='lat' dir='ltr'><strong>multique</strong></span> <span class='ocrx_word' id='word_1_228' title='bbox 991 1709 1060 1746; x_wconf 84' lang='lat' dir='ltr'><strong>rece.</strong></span> <span class='ocrx_word' id='word_1_229' title='bbox 1073 1685 1180 1748; x_wconf 56' lang='lat' dir='ltr'><strong>cedde</strong></span> 
     </span>
     <span class='ocr_line' id='line_1_45' title="bbox 719 1773 1163 1853; baseline -0.014 -19"><span class='ocrx_word' id='word_1_230' title='bbox 719 1777 792 1838; x_wconf 82' lang='lat' dir='ltr'><strong>unde</strong></span> <span class='ocrx_word' id='word_1_231' title='bbox 810 1796 866 1853; x_wconf 83' lang='lat' dir='ltr'><strong>rem</strong></span> <span class='ocrx_word' id='word_1_232' title='bbox 884 1776 919 1832; x_wconf 86' lang='lat' dir='ltr'><strong>ad</strong></span> <span class='ocrx_word' id='word_1_233' title='bbox 937 1777 1044 1837; x_wconf 83' lang='lat' dir='ltr'><strong>triarios</strong></span> <span class='ocrx_word' id='word_1_234' title='bbox 1062 1773 1163 1830; x_wconf 83' lang='lat' dir='ltr'><strong>redisse</strong></span> 
     </span>
     <span class='ocr_line' id='line_1_46' title="bbox 720 1862 1163 1925; baseline -0.02 -1"><span class='ocrx_word' id='word_1_235' title='bbox 720 1874 770 1924; x_wconf 82' lang='lat' dir='ltr'><strong>cet.</strong></span> <span class='ocrx_word' id='word_1_236' title='bbox 790 1895 823 1906; x_wconf 90' lang='lat'>-</span> <span class='ocrx_word' id='word_1_237' title='bbox 841 1865 908 1925; x_wconf 83' lang='lat' dir='ltr'><strong>Lov.</strong></span> <span class='ocrx_word' id='word_1_238' title='bbox 928 1868 968 1923; x_wconf 75' lang='lat' dir='ltr'><strong>b.:</strong></span> <span class='ocrx_word' id='word_1_239' title='bbox 991 1862 1163 1919; x_wconf 77' lang='lat' dir='ltr'><strong>increbruit:</strong></span> 
     </span>
     <span class='ocr_line' id='line_1_47' title="bbox 719 1949 1163 2030; baseline -0.014 -21"><span class='ocrx_word' id='word_1_240' title='bbox 719 1973 799 2030; x_wconf 84' lang='lat' dir='ltr'><strong>quern</strong></span> <span class='ocrx_word' id='word_1_241' title='bbox 818 1953 851 2007; x_wconf 84' lang='lat' dir='ltr'><strong>ad</strong></span> <span class='ocrx_word' id='word_1_242' title='bbox 864 1952 974 2009; x_wconf 88' lang='lat' dir='ltr'><strong>modum</strong></span> <span class='ocrx_word' id='word_1_243' title='bbox 987 1949 1163 2010; x_wconf 81' lang='lat' dir='ltr'><strong>recentissimi</strong></span> 
     </span>
     <span class='ocr_line' id='line_1_48' title="bbox 719 2035 1162 2107; baseline -0.007 -11"><span class='ocrx_word' id='word_1_244' title='bbox 719 2040 795 2099; x_wconf 86' lang='lat' dir='ltr'><strong>editt.</strong></span> <span class='ocrx_word' id='word_1_245' title='bbox 814 2042 842 2095; x_wconf 90' lang='lat' dir='ltr'><strong>in</strong></span> <span class='ocrx_word' id='word_1_246' title='bbox 856 2037 914 2098; x_wconf 89' lang='lat' dir='ltr'><strong>Cic.</strong></span> <span class='ocrx_word' id='word_1_247' title='bbox 928 2048 994 2096; x_wconf 89' lang='lat' dir='ltr'><strong>orat.</strong></span> <span class='ocrx_word' id='word_1_248' title='bbox 1010 2035 1087 2107; x_wconf 72' lang='lat' dir='ltr'><strong>Verr.</strong></span> <span class='ocrx_word' id='word_1_249' title='bbox 1098 2036 1124 2102; x_wconf 66' lang='lat'><strong>2,</strong></span> <span class='ocrx_word' id='word_1_250' title='bbox 1137 2037 1162 2093; x_wconf 81' lang='lat'><strong>3.</strong></span> 
     </span>
     <span class='ocr_line' id='line_1_49' title="bbox 719 2126 1163 2203; baseline -0.009 -19"><span class='ocrx_word' id='word_1_251' title='bbox 719 2127 831 2203; x_wconf 87' lang='lat' dir='ltr'><strong>aliisque</strong></span> <span class='ocrx_word' id='word_1_252' title='bbox 842 2126 910 2184; x_wconf 88' lang='lat' dir='ltr'><strong>locis</strong></span> <span class='ocrx_word' id='word_1_253' title='bbox 923 2126 1004 2183; x_wconf 88' lang='lat' dir='ltr'><strong>scribi</strong></span> <span class='ocrx_word' id='word_1_254' title='bbox 1021 2127 1163 2180; x_wconf 79' lang='lat' dir='ltr'><strong>iusserunt</strong></span> 
     </span>
     <span class='ocr_line' id='line_1_50' title="bbox 718 2210 1165 2283; baseline -0.022 -9"><span class='ocrx_word' id='word_1_255' title='bbox 718 2212 935 2283; x_wconf 73' lang='lat' dir='ltr'><strong>et.Liv,7,1n.:</strong></span> <span class='ocrx_word' id='word_1_256' title='bbox 955 2211 1018 2270; x_wconf 85' lang='lat' dir='ltr'><strong>belli</strong></span> <span class='ocrx_word' id='word_1_257' title='bbox 1035 2211 1104 2266; x_wconf 85' lang='lat' dir='ltr'><strong>fama</strong></span> <span class='ocrx_word' id='word_1_258' title='bbox 1121 2210 1165 2265; x_wconf 69' lang='lat' dir='ltr'><strong>in*</strong></span> 
     </span>
     <span class='ocr_line' id='line_1_51' title="bbox 719 2285 1199 2360; baseline -0.002 -2"><span class='ocrx_word' id='word_1_259' title='bbox 719 2303 912 2360; x_wconf 80' lang='lat' dir='ltr'><strong>crebrescebat.</strong></span> <span class='ocrx_word' id='word_1_260' title='bbox 1191 2285 1199 2302; x_wconf 71' lang='grc'><em>’</em></span> 
     </span>
    </p>
   </div>
   <div class='ocr_carea' id='block_1_10' title="bbox 662 2383 1163 2450">
    <p class='ocr_par' dir='ltr' id='par_1_13' title="bbox 662 2383 1163 2450">
     <span class='ocr_line' id='line_1_52' title="bbox 662 2383 1163 2450; baseline -0.016 -3"><span class='ocrx_word' id='word_1_261' title='bbox 662 2392 690 2450; x_wconf 81' lang='grc'><strong>6.</strong></span> <span class='ocrx_word' id='word_1_262' title='bbox 716 2390 767 2446; x_wconf 88' lang='lat' dir='ltr'><strong>ubi</strong></span> <span class='ocrx_word' id='word_1_263' title='bbox 787 2391 820 2444; x_wconf 88' lang='lat' dir='ltr'><strong>in</strong></span> <span class='ocrx_word' id='word_1_264' title='bbox 843 2388 1004 2450; x_wconf 75' lang='lat' dir='ltr'><strong>interualla</strong></span> <span class='ocrx_word' id='word_1_265' title='bbox 1025 2383 1163 2443; x_wconf 81' lang='lat' dir='ltr'><strong>ordinum</strong></span> 
     </span>
    </p>
   </div>
   <div class='ocr_carea' id='block_1_11' title="bbox 716 2471 1269 4101">
    <p class='ocr_par' dir='ltr' id='par_1_14' title="bbox 716 2471 1269 4031">
     <span class='ocr_line' id='line_1_53' title="bbox 716 2471 1162 2551; baseline -0.02 -17"><span class='ocrx_word' id='word_1_266' title='bbox 716 2496 839 2534; x_wconf 82' lang='lat' dir='ltr'><strong>suorum</strong></span> <span class='ocrx_word' id='word_1_267' title='bbox 855 2477 1003 2551; x_wconf 87' lang='lat' dir='ltr'><strong>principes</strong></span> <span class='ocrx_word' id='word_1_268' title='bbox 1021 2481 1051 2529; x_wconf 88' lang='lat' dir='ltr'><strong>ct</strong></span> <span class='ocrx_word' id='word_1_269' title='bbox 1061 2471 1162 2528; x_wconf 81' lang='lat' dir='ltr'><strong>busta·</strong></span> 
     </span>
     <span class='ocr_line' id='line_1_54' title="bbox 717 2555 1161 2638; baseline -0.018 -16"><span class='ocrx_word' id='word_1_270' title='bbox 717 2574 769 2634; x_wconf 81' lang='lat' dir='ltr'><strong>tos</strong></span> <span class='ocrx_word' id='word_1_271' title='bbox 783 2565 975 2638; x_wconf 78' lang='lat' dir='ltr'><strong>recepissent:</strong></span> <span class='ocrx_word' id='word_1_272' title='bbox 1001 2559 1059 2619; x_wconf 78' lang='lat' dir='ltr'><strong>Pol.</strong></span> <span class='ocrx_word' id='word_1_273' title='bbox 1089 2555 1161 2615; x_wconf 89' lang='lat' dir='ltr'><strong>Cou-</strong></span> 
     </span>
     <span class='ocr_line' id='line_1_55' title="bbox 718 2645 1162 2724; baseline -0.023 -14"><span class='ocrx_word' id='word_1_274' title='bbox 718 2655 853 2715; x_wconf 86' lang='lat' dir='ltr'><strong>iunctivus</strong></span> <span class='ocrx_word' id='word_1_275' title='bbox 866 2651 1045 2724; x_wconf 81' lang='lat' dir='ltr'><strong>recepissent</strong></span> <span class='ocrx_word' id='word_1_276' title='bbox 1056 2645 1162 2703; x_wconf 85' lang='lat' dir='ltr'><strong>videtur</strong></span> 
     </span>
     <span class='ocr_line' id='line_1_56' title="bbox 718 2732 1161 2810; baseline -0.027 -12"><span class='ocrx_word' id='word_1_277' title='bbox 718 2740 746 2799; x_wconf 91' lang='lat' dir='ltr'><strong>h.</strong></span> <span class='ocrx_word' id='word_1_278' title='bbox 759 2739 776 2798; x_wconf 87' lang='grc' dir='ltr'><strong>Ι.</strong></span> <span class='ocrx_word' id='word_1_279' title='bbox 794 2758 827 2793; x_wconf 82' lang='lat' dir='ltr'><strong>ex</strong></span> <span class='ocrx_word' id='word_1_280' title='bbox 845 2737 1017 2810; x_wconf 79' lang='lat' dir='ltr'><strong>conpressis</strong></span> <span class='ocrx_word' id='word_1_281' title='bbox 1030 2732 1161 2806; x_wconf 82' lang='lat' dir='ltr'><strong>pendere:</strong></span> 
     </span>
     <span class='ocr_line' id='line_1_57' title="bbox 718 2817 1252 2901; baseline -0.013 -23"><span class='ocrx_word' id='word_1_282' title='bbox 718 2822 837 2893; x_wconf 86' lang='lat' dir='ltr'><strong>„sobald</strong></span> <span class='ocrx_word' id='word_1_283' title='bbox 860 2826 900 2877; x_wconf 88' lang='lat' dir='ltr'><strong>sie</strong></span> <span class='ocrx_word' id='word_1_284' title='bbox 924 2822 970 2885; x_wconf 76' lang='lat' dir='ltr'><strong>dia</strong></span> <span class='ocrx_word' id='word_1_285' title='bbox 991 2822 1086 2875; x_wconf 86' lang='lat' dir='ltr'><strong>nweite</strong></span> <span class='ocrx_word' id='word_1_286' title='bbox 1106 2817 1162 2876; x_wconf 87' lang='lat' dir='ltr'><strong>und</strong></span> <span class='ocrx_word' id='word_1_287' title='bbox 1218 2884 1222 2901; x_wconf 68' lang='lat'><strong>,</strong></span> <span class='ocrx_word' id='word_1_288' title='bbox 1245 2832 1252 2897; x_wconf 23' lang='grc' dir='ltr'><strong>’Χ</strong></span> 
     </span>
     <span class='ocr_line' id='line_1_58' title="bbox 717 2903 1269 2967; baseline -0.013 -2"><span class='ocrx_word' id='word_1_289' title='bbox 717 2918 788 2967; x_wconf 73' lang='lat' dir='ltr'><strong>erote</strong></span> <span class='ocrx_word' id='word_1_290' title='bbox 797 2906 988 2967; x_wconf 79' lang='lat' dir='ltr'><strong>Scblaehtliuie</strong></span> <span class='ocrx_word' id='word_1_291' title='bbox 997 2908 1025 2960; x_wconf 93' lang='lat' dir='ltr'><strong>in</strong></span> <span class='ocrx_word' id='word_1_292' title='bbox 1039 2905 1082 2961; x_wconf 88' lang='lat' dir='ltr'><strong>die</strong></span> <span class='ocrx_word' id='word_1_293' title='bbox 1092 2905 1162 2960; x_wconf 77' lang='lat' dir='ltr'><strong>zwi-</strong></span> <span class='ocrx_word' id='word_1_294' title='bbox 1266 2903 1269 2910; x_wconf 80' lang='grc'><strong>’</strong></span> 
     </span>
     <span class='ocr_line' id='line_1_59' title="bbox 717 2990 1162 3066; baseline -0.02 -11"><span class='ocrx_word' id='word_1_295' title='bbox 717 2996 892 3055; x_wconf 82' lang='lat' dir='ltr'><strong>schenrtturne</strong></span> <span class='ocrx_word' id='word_1_296' title='bbox 927 2991 1044 3056; x_wconf 80' lang='lat' dir='ltr'><strong>wi&#39;rrden</strong></span> <span class='ocrx_word' id='word_1_297' title='bbox 1075 2990 1162 3066; x_wconf 77' lang='lat' dir='ltr'><strong>ausge-</strong></span> 
     </span>
     <span class='ocr_line' id='line_1_60' title="bbox 717 3080 1163 3153; baseline -0.016 -11"><span class='ocrx_word' id='word_1_298' title='bbox 717 3103 841 3149; x_wconf 76' lang='lat' dir='ltr'><strong>nomnen</strong></span> <span class='ocrx_word' id='word_1_299' title='bbox 859 3081 960 3148; x_wconf 80' lang='lat' dir='ltr'><strong>huben,</strong></span> <span class='ocrx_word' id='word_1_300' title='bbox 983 3080 1042 3137; x_wconf 84' lang='lat' dir='ltr'><strong>sich</strong></span> <span class='ocrx_word' id='word_1_301' title='bbox 1061 3097 1111 3153; x_wconf 84' lang='lat' dir='ltr'><strong>eng</strong></span> <span class='ocrx_word' id='word_1_302' title='bbox 1129 3098 1163 3137; x_wconf 86' lang='lat' dir='ltr'><strong>an</strong></span> 
     </span>
     <span class='ocr_line' id='line_1_61' title="bbox 718 3166 1162 3230; baseline -0.016 0"><span class='ocrx_word' id='word_1_303' title='bbox 718 3171 845 3230; x_wconf 87' lang='lat' dir='ltr'><strong>einander</strong></span> <span class='ocrx_word' id='word_1_304' title='bbox 863 3167 1066 3227; x_wconf 85' lang='lat' dir='ltr'><strong>scbliessend“:</strong></span> <span class='ocrx_word' id='word_1_305' title='bbox 1094 3166 1121 3225; x_wconf 89' lang='lat' dir='ltr'><strong>b.</strong></span> <span class='ocrx_word' id='word_1_306' title='bbox 1138 3186 1162 3223; x_wconf 87' lang='lat' dir='ltr'><strong>e.</strong></span> 
     </span>
     <span class='ocr_line' id='line_1_62' title="bbox 718 3251 1161 3338; baseline -0.014 -21"><span class='ocrx_word' id='word_1_307' title='bbox 718 3257 869 3334; x_wconf 83' lang='lat' dir='ltr'><strong>„jedesmal</strong></span> <span class='ocrx_word' id='word_1_308' title='bbox 895 3254 990 3321; x_wconf 83' lang='lat' dir='ltr'><strong>sobald</strong></span> <span class='ocrx_word' id='word_1_309' title='bbox 1018 3256 1092 3338; x_wconf 61' lang='lat' dir='ltr'><strong>sie‘J</strong></span> <span class='ocrx_word' id='word_1_310' title='bbox 1127 3251 1161 3311; x_wconf 78' lang='lat' dir='ltr'><strong>cf.</strong></span> 
     </span>
     <span class='ocr_line' id='line_1_63' title="bbox 718 3339 1258 3421; baseline -0.007 -18"><span class='ocrx_word' id='word_1_311' title='bbox 718 3349 824 3416; x_wconf 78' lang='lat' dir='ltr'><strong>t‚13.:</strong></span> <span class='ocrx_word' id='word_1_312' title='bbox 849 3362 1018 3421; x_wconf 84' lang='lat' dir='ltr'><strong>quacumque</strong></span> <span class='ocrx_word' id='word_1_313' title='bbox 1032 3339 1163 3398; x_wconf 83' lang='lat' dir='ltr'><strong>incideret</strong></span> <span class='ocrx_word' id='word_1_314' title='bbox 1247 3358 1258 3399; x_wconf 83' lang='lat' dir='ltr'><strong>t</strong></span> 
     </span>
     <span class='ocr_line' id='line_1_64' title="bbox 718 3424 1162 3490; baseline 0 -2"><span class='ocrx_word' id='word_1_315' title='bbox 718 3464 752 3488; x_wconf 62' lang='lat'><strong>-,</strong></span> <span class='ocrx_word' id='word_1_316' title='bbox 772 3433 864 3490; x_wconf 79' lang='lat' dir='ltr'><strong>elatus.</strong></span> <span class='ocrx_word' id='word_1_317' title='bbox 883 3430 917 3472; x_wconf 84' lang='lat'><strong>&#39;—</strong></span> <span class='ocrx_word' id='word_1_318' title='bbox 936 3428 1009 3487; x_wconf 85' lang='lat' dir='ltr'><strong>Harl.</strong></span> <span class='ocrx_word' id='word_1_319' title='bbox 1023 3448 1040 3487; x_wconf 86' lang='lat'><strong>1.</strong></span> <span class='ocrx_word' id='word_1_320' title='bbox 1057 3424 1134 3490; x_wconf 77' lang='lat' dir='ltr'><strong>beid.</strong></span> <span class='ocrx_word' id='word_1_321' title='bbox 1143 3451 1162 3488; x_wconf 88' lang='lat'><strong>1.</strong></span> 
     </span>
     <span class='ocr_line' id='line_1_65' title="bbox 719 3513 1161 3579; baseline -0.016 -2"><span class='ocrx_word' id='word_1_322' title='bbox 719 3521 765 3579; x_wconf 74' lang='lat' dir='ltr'><strong>ab:</strong></span> <span class='ocrx_word' id='word_1_323' title='bbox 783 3520 830 3575; x_wconf 91' lang='lat' dir='ltr'><strong>ubi</strong></span> <span class='ocrx_word' id='word_1_324' title='bbox 848 3516 997 3578; x_wconf 81' lang='lat' dir='ltr'><strong>interualla.</strong></span> <span class='ocrx_word' id='word_1_325' title='bbox 1010 3546 1044 3558; x_wconf 88' lang='lat'>-</span> <span class='ocrx_word' id='word_1_326' title='bbox 1055 3513 1161 3574; x_wconf 79' lang='lat' dir='ltr'><strong>Palt&#39;1.</strong></span> 
     </span>
     <span class='ocr_line' id='line_1_66' title="bbox 719 3602 1162 3681; baseline -0.014 -16"><span class='ocrx_word' id='word_1_327' title='bbox 719 3611 750 3674; x_wconf 77' lang='lat'><strong>3.</strong></span> <span class='ocrx_word' id='word_1_328' title='bbox 764 3605 843 3663; x_wconf 84' lang='lat' dir='ltr'><strong>Voss.</strong></span> <span class='ocrx_word' id='word_1_329' title='bbox 854 3624 881 3664; x_wconf 85' lang='lat' dir='ltr'><strong>n.</strong></span> <span class='ocrx_word' id='word_1_330' title='bbox 894 3603 941 3665; x_wconf 73' lang='lat' dir='ltr'><strong>ab:</strong></span> <span class='ocrx_word' id='word_1_331' title='bbox 961 3602 1106 3681; x_wconf 79' lang='lat' dir='ltr'><strong>complexis</strong></span> <span class='ocrx_word' id='word_1_332' title='bbox 1118 3623 1162 3660; x_wconf 90' lang='lat' dir='ltr'><strong>or·</strong></span> 
     </span>
     <span class='ocr_line' id='line_1_67' title="bbox 720 3689 1160 3764; baseline -0.007 -15"><span class='ocrx_word' id='word_1_333' title='bbox 720 3693 836 3750; x_wconf 89' lang='lat' dir='ltr'><strong>dinibus.</strong></span> <span class='ocrx_word' id='word_1_334' title='bbox 859 3723 893 3734; x_wconf 92' lang='lat'>-</span> <span class='ocrx_word' id='word_1_335' title='bbox 916 3691 938 3749; x_wconf 94' lang='lat' dir='ltr'>P</span> <span class='ocrx_word' id='word_1_336' title='bbox 961 3713 995 3751; x_wconf 81' lang='lat' dir='ltr'><strong>nt.</strong></span> <span class='ocrx_word' id='word_1_337' title='bbox 1022 3695 1059 3764; x_wconf 85' lang='lat'><strong>1.:</strong></span> <span class='ocrx_word' id='word_1_338' title='bbox 1082 3689 1160 3747; x_wconf 75' lang='lat' dir='ltr'><strong>iaulla</strong></span> 
     </span>
     <span class='ocr_line' id='line_1_68' title="bbox 719 3779 1162 3857; baseline -0.002 -21"><span class='ocrx_word' id='word_1_339' title='bbox 719 3801 767 3857; x_wconf 89' lang='lat' dir='ltr'><strong>spe</strong></span> <span class='ocrx_word' id='word_1_340' title='bbox 788 3790 852 3856; x_wconf 87' lang='lat' dir='ltr'><strong>post</strong></span> <span class='ocrx_word' id='word_1_341' title='bbox 873 3779 965 3837; x_wconf 87' lang='lat' dir='ltr'><strong>relicta</strong></span> <span class='ocrx_word' id='word_1_342' title='bbox 988 3790 1038 3838; x_wconf 85' lang='lat' dir='ltr'><strong>cet.</strong></span> <span class='ocrx_word' id='word_1_343' title='bbox 1068 3799 1103 3836; x_wconf 91' lang='lat' dir='ltr'><strong>m.</strong></span> <span class='ocrx_word' id='word_1_344' title='bbox 1121 3780 1162 3836; x_wconf 65' lang='lat'><strong>2:</strong></span> 
     </span>
     <span class='ocr_line' id='line_1_69' title="bbox 720 3864 1208 3945; baseline -0.014 -17"><span class='ocrx_word' id='word_1_345' title='bbox 720 3871 745 3928; x_wconf 77' lang='lat' dir='ltr'><strong>ia</strong></span> <span class='ocrx_word' id='word_1_346' title='bbox 768 3867 840 3925; x_wconf 87' lang='lat' dir='ltr'><strong>nulla</strong></span> <span class='ocrx_word' id='word_1_347' title='bbox 862 3889 917 3945; x_wconf 89' lang='lat' dir='ltr'><strong>spe.</strong></span> <span class='ocrx_word' id='word_1_348' title='bbox 946 3867 988 3926; x_wconf 83' lang='lat' dir='ltr'><strong>bl:</strong></span> <span class='ocrx_word' id='word_1_349' title='bbox 1014 3869 1067 3922; x_wconf 89' lang='lat' dir='ltr'><strong>iam</strong></span> <span class='ocrx_word' id='word_1_350' title='bbox 1090 3864 1162 3933; x_wconf 76' lang='lat' dir='ltr'><strong>nulla</strong></span> <span class='ocrx_word' id='word_1_351' title='bbox 1204 3939 1208 3945; x_wconf 29' lang='grc' dir='ltr'>Ι</span> 
     </span>
     <span class='ocr_line' id='line_1_70' title="bbox 720 3944 1209 4031; baseline 0 -21"><span class='ocrx_word' id='word_1_352' title='bbox 720 3975 769 4031; x_wconf 88' lang='lat' dir='ltr'><strong>spe</strong></span> <span class='ocrx_word' id='word_1_353' title='bbox 787 3965 849 4031; x_wconf 89' lang='lat' dir='ltr'><strong>post</strong></span> <span class='ocrx_word' id='word_1_354' title='bbox 861 3956 982 4012; x_wconf 82' lang='lat' dir='ltr'><strong>relictam</strong></span> <span class='ocrx_word' id='word_1_355' title='bbox 994 3956 1021 4010; x_wconf 91' lang='lat' dir='ltr'><strong>iu</strong></span> <span class='ocrx_word' id='word_1_356' title='bbox 1035 3952 1112 4010; x_wconf 72' lang='lat' dir='ltr'><strong>bostri</strong></span> <span class='ocrx_word' id='word_1_357' title='bbox 1122 3944 1163 4010; x_wconf 86' lang='lat' dir='ltr'><strong>in·</strong></span> <span class='ocrx_word' id='word_1_358' title='bbox 1207 3948 1209 3953; x_wconf 56' lang='grc'>’</span> 
     </span>
    </p>

    <p class='ocr_par' dir='ltr' id='par_1_15' title="bbox 721 4036 1268 4101">
     <span class='ocr_line' id='line_1_71' title="bbox 721 4036 1268 4101; baseline -0.011 -3"><span class='ocrx_word' id='word_1_359' title='bbox 721 4042 869 4100; x_wconf 75' lang='lat' dir='ltr'><strong>eiciebant..</strong></span> <span class='ocrx_word' id='word_1_360' title='bbox 904 4097 906 4101; x_wconf 87' lang='grc'>,</span> <span class='ocrx_word' id='word_1_361' title='bbox 1264 4036 1268 4045; x_wconf 75' lang='grc'>’</span> 
     </span>
    </p>
   </div>
   <div class='ocr_carea' id='block_1_12' title="bbox 0 0 1314 4590">
    <p class='ocr_par' dir='ltr' id='par_1_16' title="bbox 0 0 1314 4590">
     <span class='ocr_line' id='line_1_72' title="bbox 0 0 1314 4590; baseline 0 0"><span class='ocrx_word' id='word_1_362' title='bbox 0 0 1314 4590; x_wconf 95' lang='lat' dir='ltr'><strong> </strong></span> 
     </span>
    </p>
   </div>
  </div>
 </body>
</html>
