2618 4590
181 212 225 279 74
646 223 754 281 LIBEII
773 222 816 281 VI.
911 236 914 243 ’

269 386 385 455 XXIII.
430 385 519 453 Idem
539 386 634 452 ardor
655 396 688 453 et
708 385 740 451 in
762 385 908 454 Romano
937 386 1077 455 exercitu
1106 399 1173 453 crat
1195 398 1228 455 et
1249 389 1280 455 in

180 493 279 560 altero
310 492 405 573 duce,
433 513 493 556 nec
521 490 695 580 praesentis
726 489 934 557 dimicationis
957 490 1117 557 fortunam
1139 492 1206 558 nlIa
1228 519 1279 559 ros

180 607 304 689 praeter
328 618 423 685 qurnrr
446 594 538 660 unius
562 594 620 661 viri
641 594 809 663 consilium
831 605 926 685 atque
949 594 1118 686 imperium
1136 597 1279 664 moraba-

177 714 230 768 tur
243 700 298 790 qui
314 699 513 766 occasionem
528 698 736 767 iuvandarum
751 700 871 766 ratione
889 699 1002 765 virium
1020 700 1173 767 trahendo
1189 702 1277 770 bello

146 805 358 898 oquaerebat.
396 830 435 871 eo
458 803 558 893 nmgis
580 803 681 870 hostis
696 802 821 885 instare,
843 828 904 871 nec
926 803 990 870 ianr
1011 828 1069 895 pro
1086 807 1195 872 castris
1212 819 1276 875 tan-

175 924 244 981 tum
265 910 330 978 suis
353 909 512 1001 explicare
542 907 644 975 aciem
667 908 723 974 sed
752 909 925 1000 procedere
947 909 980 977 in
1008 910 1150 977 medium
1172 912 1277 1003 canrpi

175 1029 208 1085 ct
228 1017 316 1083 vallo
339 1038 442 1104 prope
464 1011 606 1079 hostium
627 1012 715 1101 signa
743 1013 906 1081 inferendo
933 1015 1105 1103 superbam
1126 1012 1275 1082 fiduciam

173 1121 287 1188 virium
309 1128 479 1185 ostentare.
514 1116 546 1182 id
568 1140 661 1206 aegre
676 1117 854 1207 patiebatur
869 1119 1033 1186 Romanus
1047 1121 1149 1203 miles,
1171 1123 1274 1189 muIto

174 1224 297 1313 aegrius
320 1222 400 1301 alter
422 1245 462 1287 ex
486 1219 616 1287 tribunis
643 1222 779 1288 militnm
800 1222 837 1290 L.
860 1223 974 1290 Furius
1003 1224 1096 1292 ferox
1124 1250 1200 1293 curn
1226 1252 1275 1293 ac·

43 1328 46 1339 '
128 1344 162 1396 10
173 1339 238 1394 tate
267 1337 300 1393 et
328 1326 453 1414 ingenio
481 1337 551 1392 trun
577 1325 786 1391 multitudinis
814 1352 856 1395 ex
889 1329 1097 1398 incertissimo
1120 1333 1274 1409 sumentis

73 1499 78 1509 ,
173 1432 294 1499 animos
318 1454 375 1519 spe
390 1429 533 1496 inflatus.
571 1427 624 1495 hic
646 1452 702 1519 per
724 1453 759 1495 sc
788 1431 851 1497 iam
878 1432 993 1499 milites
1022 1435 1168 1502 incitatos
1190 1437 1273 1503 insu-

171 1560 229 1625 per
257 1535 425 1624 instigabat
452 1532 608 1601 elcvando
630 1571 674 1582 -
697 1557 760 1622 qna
787 1559 851 1602 una
880 1549 1007 1626 poterat
1028 1579 1072 1591 ·-
1093 1552 1197 1607 aetate
1221 1567 1272 1607 au-

172 1640 350 1707 ctoritatem
377 1638 538 1728 collegae,
566 1636 733 1704 iuvenibus
763 1639 845 1705 bella
876 1642 948 1707 data
977 1643 1121 1711 dictitans
1143 1656 1176 1712 et
1198 1670 1273 1712 cum

171 1744 358 1834 corporibus
381 1742 487 1832 vigere
517 1753 549 1809 et
578 1742 786 1811 deflorescere
815 1745 951 1813 animos:
990 1761 1208 1817 cunctatorem
1231 1776 1271 1818 ex

126 1863 158 1917 15
170 1848 324 1915 acerrimo
346 1847 501 1914 bellatore
523 1846 653 1930 factum,
675 1860 708 1913 ct
730 1849 784 1938 qui
800 1851 970 1918 adveniens
994 1865 1095 1919 castra
1110 1855 1271 1944 urbesque

168 1956 272 2049 primo
294 1956 417 2043 impetn
438 1975 549 2041 rapere
571 1951 612 2019 sit
634 1952 760 2036 solitus,
788 1979 863 2020 eum
886 1957 1021 2023 residem
1045 1959 1127 2025 intra
1149 1961 1270 2026 vallum

166 2071 295 2148 tempus
321 2071 489 2125 terere-
511 2056 588 2146 qnid
617 2081 821 2125 accessurum
848 2061 913 2126 suis
943 2062 1189 2131 decessurumve
1214 2065 1269 2131 ho-

167 2166 263 2232 stium
285 2163 403 2230 viribus
431 2164 633 2250 sperantem?
670 2188 767 2250 quam
796 2164 998 2232 occasionem
1026 2168 1114 2257 quod
1140 2180 1269 2259 tempus

237 2390 339 2445 suturas
357 2392 464 2444 esset“:
488 2386 560 2442 unde
583 2389 680 2444 couiiei

236 2485 341 2552 posset,
372 2478 400 2531 in
430 2476 581 2549 antiquiore
609 2474 680 2530 libro

235 2567 365 2641 scriptum
380 2563 462 2619 fuisse
474 2571 526 2629 „ct
539 2561 617 2616 idem
632 2583 679 2625 ar·

235 2653 324 2710 clor‘·.

182 2741 207 2800 1.
235 2742 289 2815 qui
316 2741 499 2796 occasionem
533 2737 679 2793 iuuanda-
751 2743 793 2798 15.

233 2849 298 2883 rum
329 2829 444 2883 ratione
460 2826 583 2901 'uirium
616 2833 675 2878 tra·

231 2915 330 2971 hendo
340 2916 416 2973 bello
431 2913 605 2990 quaerebat:
619 2909 675 2968 ΡΜ.

231 3032 265 3040 -
282 3000 363 3056 Reae.
381 3001 473 3058 eodd.:
499 2998 676 3055 iuuandarum

230 3088 335 3140 ratione
358 3105 548 3141 romanarum
569 3086 675 3140 uirium.

230 3170 310 3229 Voss.
333 3191 374 3229 n.:
404 3170 534 3226 trahendo
561 3167 673 3224 bellurn.

229 3288 264 3301 -
294 3258 377 3315 Paulo
407 3269 470 3334 post
499 3256 576 3312 multi
602 3276 671 3312 racc.

228 3345 322 3405 cedda
353 3348 428 3421 sigua
459 3345 576 3401 hostium
606 3344 671 3400 inse·

228 3433 322 3493 reneio.

175 3522 202 3579 8.
228 3521 262 3574 id
270 3541 361 3599 aegre
370 3524 554 3596 patiebatur:
567 3517 623 3576 PII.
637 3551 671 3559 -

227 3602 304 3663 Laid.
323 3626 354 3665 r.:
378 3619 430 3664 aut
448 3629 533 3684 aegre.
552 3639 586 3648 -
610 3605 670 3662 Pu:

227 3691 294 3747 alter
311 3713 344 3748 ex
363 3704 395 3753 tr.
414 3695 468 3752 mil.
487 3695 505 3754 L
523 3695 616 3753 furius.

173 3782 199 3836 9.
225 3799 291 3834 cum
309 3789 406 3838 aetate
423 3793 450 3837 et
463 3785 669 3862 ingeniatum:

225 3864 253 3922 Μ
270 3887 306 3925 m.
325 3871 350 3925 1.
362 3866 384 3923 P
397 3868 456 3928 cod.
467 3870 553 3930 Rhcn.
566 3869 638 3926 Harl.
652 3889 668 3924 r.

225 3952 303 4014 Leia.
322 3973 353 4015 r.:
367 3986 402 3996 -
419 3955 447 4012 Μ
464 3977 499 4015 m.
518 3960 543 4017 2.
562 3967 589 4013 et
600 3977 668 4015 rece.

823 2389 917 2450 codri:
943 2404 1005 2449 tum
1027 2403 1125 2451 aetate
1151 2406 1202 2455 cet.
1232 2430 1266 2439 υ

820 2479 898 2538 Leid.
911 2500 941 2538 r.:
954 2503 988 2538 cx
999 2483 1178 2540 incertissimo
1188 2506 1266 2540 sum·

820 2569 859 2623 tis
869 2569 981 2624 animos.
1000 2568 1080 2631 Voss.
1090 2589 1116 2629 11.
1128 2569 1175 2629 aL:
1187 2593 1265 2630 aum·

819 2656 859 2709 tia
876 2657 994 2713 areimis.

820 2748 849 2795 et
858 2742 912 2815 pul
918 2742 1098 2800 adueniens:
1108 2745 1168 2803 eod.
1177 2745 1264 2806 Rten.

817 2859 851 2870 -
870 2826 919 2883 ΡΜ
936 2827 1010 2887 Harl.
1029 2850 1046 2888 r.
1064 2830 1141 2891 Leid.
1160 2854 1194 2893 r.:
1213 2844 1279 2903 „eh

817 2916 884 2991 quia
906 2915 1051 2972 adueniens
1059 2923 1085 2977 “.
1120 2918 1168 2976 sic
1191 2941 1262 2976 erra-

815 3012 873 3057 tum
896 3012 938 3057 cst
962 3006 992 3069 1,
1010 3006 1054 3061 37.
1078 3010 1106 3061 iu
1124 3006 1147 3064 Ρ
1173 3010 1263 3084 „quia

816 3088 851 3143 ati
870 3087 899 3143 id
917 3091 993 3146 missi
1015 3099 1127 3162 erant“‚
1149 3116 1210 3152 cum
1232 3098 1262 3152 in

816 3174 844 3230 Μ
870 3186 942 3231 esset
968 3181 1038 3254 „qui
1065 3180 1100 3236 arl
1127 3181 1158 3238 id
1184 3185 1261 3240 missi

813 3269 920 3322 crant“.
942 3295 973 3307 -
1006 3265 1055 3322 ΡΜ
1085 3269 1146 3327 cod.
1172 3269 1260 3330 Rhea.

812 3348 886 3408 Harl.
904 3369 922 3408 r.
940 3348 1017 3408 Leto.
1030 3374 1061 3410 r.:
1081 3359 1191 3432 „primo
1210 3360 1259 3415 im·

812 3448 877 3513 potu
912 3458 1019 3512 rapere
1057 3443 1095 3497 sit
1131 3445 1258 3503 solitus“.

812 3522 893 3582 Recc.
912 3526 1003 3585 codd.:
1028 3538 1177 3607 „capere“.
1214 3530 1258 3588 cf.

815 3614 845 3678 1,
872 3615 898 3671 9.
925 3613 958 3673 aI.
987 3648 1021 3658 -
1051 3617 1100 3673 ΡΜ
1123 3617 1202 3679 Laid.
1226 3641 1257 3678 1.:

811 3709 939 3778 „tempus
974 3710 1115 3760 terrere“:
1161 3706 1258 3765 eodem

811 3788 908 3844 mendo
932 3810 984 3866 quo
1003 3794 1033 3859 6,
1052 3793 1078 3849 8.
1102 3813 1184 3860 „sese
1203 3804 1257 3850 ter·

811 3882 925 3932 rorent“
943 3881 1073 3955 scriptum
1092 3892 1158 3940 crat.
1176 3915 1211 3924 -
1234 3882 1257 3937 P

811 3965 1189 4041 m.1.:quidaccensurum.
1290 3972 1301 3991 '
