<?xml version="1.0" encoding="UTF-8"?>
<!DOCTYPE html PUBLIC "-//W3C//DTD XHTML 1.0 Transitional//EN"
    "http://www.w3.org/TR/xhtml1/DTD/xhtml1-transitional.dtd">
<html xmlns="http://www.w3.org/1999/xhtml" xml:lang="en" lang="en">
 <head>
  <title>
</title>
<meta http-equiv="Content-Type" content="text/html;charset=utf-8" />
  <meta name='ocr-system' content='tesseract 3.04.00' />
  <meta name='ocr-capabilities' content='ocr_page ocr_carea ocr_par ocr_line ocrx_word'/>
</head>
<body>
  <div class='ocr_page' id='page_1' title='image "./titilivirerumro01alscgoog_0497.png"; bbox 0 0 2618 4590; ppageno 0'>
   <div class='ocr_carea' id='block_1_1' title="bbox 526 248 1164 342">
    <p class='ocr_par' dir='ltr' id='par_1_1' title="bbox 526 248 1164 342">
     <span class='ocr_line' id='line_1_1' title="bbox 526 248 1164 342; baseline -0.005 -8"><span class='ocrx_word' id='word_1_1' title='bbox 526 273 639 335; x_wconf 79' lang='lat' dir='ltr'>nunu</span> <span class='ocrx_word' id='word_1_2' title='bbox 652 274 700 337; x_wconf 81' lang='lat' dir='ltr'>ur</span> <span class='ocrx_word' id='word_1_3' title='bbox 766 248 778 267; x_wconf 81' lang='grc'><strong>“</strong></span> <span class='ocrx_word' id='word_1_4' title='bbox 1097 261 1164 342; x_wconf 68' lang='grc'>481</span> 
     </span>
    </p>
   </div>
   <div class='ocr_carea' id='block_1_2' title="bbox 66 435 1292 1257">
    <p class='ocr_par' dir='ltr' id='par_1_2' title="bbox 69 435 1167 632">
     <span class='ocr_line' id='line_1_2' title="bbox 69 435 1167 528; baseline 0.006 -30"><span class='ocrx_word' id='word_1_5' title='bbox 69 457 137 501; x_wconf 88' lang='lat' dir='ltr'>rem</span> <span class='ocrx_word' id='word_1_6' title='bbox 159 435 425 528; x_wconf 75' lang='lat' dir='ltr'>varietatibusque</span> <span class='ocrx_word' id='word_1_7' title='bbox 454 435 675 528; x_wconf 76' lang='lat' dir='ltr'>distinguendo</span> <span class='ocrx_word' id='word_1_8' title='bbox 702 456 802 527; x_wconf 86' lang='lat' dir='ltr'>opere</span> <span class='ocrx_word' id='word_1_9' title='bbox 825 435 1055 527; x_wconf 66' lang='lat' dir='ltr'>elegentibus</span> <span class='ocrx_word' id='word_1_10' title='bbox 1077 438 1167 507; x_wconf 87' lang='lat' dir='ltr'>velut</span> 
     </span>
     <span class='ocr_line' id='line_1_3' title="bbox 69 539 1165 632; baseline 0.006 -29"><span class='ocrx_word' id='word_1_11' title='bbox 69 539 261 621; x_wconf 81' lang='lat' dir='ltr'>deverticula</span> <span class='ocrx_word' id='word_1_12' title='bbox 284 565 418 608; x_wconf 83' lang='lat' dir='ltr'>amoene</span> <span class='ocrx_word' id='word_1_13' title='bbox 440 552 473 609; x_wconf 83' lang='lat' dir='ltr'>et</span> <span class='ocrx_word' id='word_1_14' title='bbox 493 541 638 632; x_wconf 84' lang='lat' dir='ltr'>requiem</span> <span class='ocrx_word' id='word_1_15' title='bbox 660 540 766 608; x_wconf 81' lang='lat' dir='ltr'>animo</span> <span class='ocrx_word' id='word_1_16' title='bbox 788 546 862 608; x_wconf 82' lang='lat' dir='ltr'>meo</span> <span class='ocrx_word' id='word_1_17' title='bbox 886 566 1087 632; x_wconf 77' lang='lat' dir='ltr'>quaereremz</span> <span class='ocrx_word' id='word_1_18' title='bbox 1118 553 1165 610; x_wconf 77' lang='lat' dir='ltr'>ts·</span> 
     </span>
    </p>

    <p class='ocr_par' dir='ltr' id='par_1_3' title="bbox 66 635 1274 840">
     <span class='ocr_line' id='line_1_4' title="bbox 68 635 1274 736; baseline 0.004 -27"><span class='ocrx_word' id='word_1_19' title='bbox 68 665 145 709; x_wconf 89' lang='lat' dir='ltr'>men</span> <span class='ocrx_word' id='word_1_20' title='bbox 166 645 244 711; x_wconf 82' lang='lat' dir='ltr'>tenti</span> <span class='ocrx_word' id='word_1_21' title='bbox 266 644 348 734; x_wconf 78' lang='lat' dir='ltr'>regis</span> <span class='ocrx_word' id='word_1_22' title='bbox 371 668 409 711; x_wconf 86' lang='lat' dir='ltr'>ac</span> <span class='ocrx_word' id='word_1_23' title='bbox 432 646 521 713; x_wconf 87' lang='lat' dir='ltr'>ducis</span> <span class='ocrx_word' id='word_1_24' title='bbox 550 644 671 713; x_wconf 76' lang='lat' dir='ltr'>mentio</span> <span class='ocrx_word' id='word_1_25' title='bbox 703 644 818 735; x_wconf 88' lang='lat' dir='ltr'>quibus</span> <span class='ocrx_word' id='word_1_26' title='bbox 839 669 937 736; x_wconf 80' lang='lat' dir='ltr'>saepe</span> <span class='ocrx_word' id='word_1_27' title='bbox 958 646 1061 714; x_wconf 80' lang='lat' dir='ltr'>tacitis</span> <span class='ocrx_word' id='word_1_28' title='bbox 1084 646 1167 736; x_wconf 79' lang='lat' dir='ltr'>cogi·</span> <span class='ocrx_word' id='word_1_29' title='bbox 1271 635 1274 641; x_wconf 41' lang='lat'>¹</span> 
     </span>
     <span class='ocr_line' id='line_1_5' title="bbox 66 747 1167 840; baseline 0.003 -27"><span class='ocrx_word' id='word_1_30' title='bbox 66 747 239 815; x_wconf 70' lang='lat' dir='ltr'>tentionibus</span> <span class='ocrx_word' id='word_1_31' title='bbox 261 749 416 816; x_wconf 80' lang='lat' dir='ltr'>volutavit</span> <span class='ocrx_word' id='word_1_32' title='bbox 429 749 579 832; x_wconf 77' lang='lat' dir='ltr'>animum,</span> <span class='ocrx_word' id='word_1_33' title='bbox 602 772 656 816; x_wconf 86' lang='lat' dir='ltr'>eas</span> <span class='ocrx_word' id='word_1_34' title='bbox 672 760 786 817; x_wconf 82' lang='lat' dir='ltr'>evocet</span> <span class='ocrx_word' id='word_1_35' title='bbox 798 749 832 816; x_wconf 88' lang='lat' dir='ltr'>in</span> <span class='ocrx_word' id='word_1_36' title='bbox 844 749 998 834; x_wconf 89' lang='lat' dir='ltr'>medium,</span> <span class='ocrx_word' id='word_1_37' title='bbox 1020 761 1057 816; x_wconf 87' lang='lat' dir='ltr'>ut</span> <span class='ocrx_word' id='word_1_38' title='bbox 1072 772 1167 840; x_wconf 79' lang='lat' dir='ltr'>quae-</span> 
     </span>
    </p>

    <p class='ocr_par' dir='ltr' id='par_1_4' title="bbox 66 851 1292 1257">
     <span class='ocr_line' id='line_1_6' title="bbox 66 851 1214 943; baseline 0.006 -27"><span class='ocrx_word' id='word_1_39' title='bbox 66 875 136 918; x_wconf 85' lang='lat' dir='ltr'>rere</span> <span class='ocrx_word' id='word_1_40' title='bbox 158 852 255 922; x_wconf 77' lang='lat' dir='ltr'>libeat</span> <span class='ocrx_word' id='word_1_41' title='bbox 276 853 406 943; x_wconf 86' lang='lat' dir='ltr'>quinem</span> <span class='ocrx_word' id='word_1_42' title='bbox 428 865 562 922; x_wconf 85' lang='lat' dir='ltr'>eventus</span> <span class='ocrx_word' id='word_1_43' title='bbox 584 852 736 922; x_wconf 84' lang='lat' dir='ltr'>Romanis</span> <span class='ocrx_word' id='word_1_44' title='bbox 758 852 854 921; x_wconf 87' lang='lat' dir='ltr'>rebus</span> <span class='ocrx_word' id='word_1_45' title='bbox 881 853 909 921; x_wconf 90' lang='lat' dir='ltr'>si</span> <span class='ocrx_word' id='word_1_46' title='bbox 936 878 1011 921; x_wconf 89' lang='lat' dir='ltr'>cum</span> <span class='ocrx_word' id='word_1_47' title='bbox 1031 851 1214 938; x_wconf 20' lang='lat' dir='ltr'>Alexan-5-</span> 
     </span>
     <span class='ocr_line' id='line_1_7' title="bbox 68 955 1214 1048; baseline 0.006 -30"><span class='ocrx_word' id='word_1_48' title='bbox 68 955 125 1021; x_wconf 90' lang='lat' dir='ltr'>dro</span> <span class='ocrx_word' id='word_1_49' title='bbox 148 955 233 1042; x_wconf 72' lang='lat' dir='ltr'>foret</span> <span class='ocrx_word' id='word_1_50' title='bbox 257 957 413 1024; x_wconf 80' lang='lat' dir='ltr'>bellatum</span> <span class='ocrx_word' id='word_1_51' title='bbox 439 959 563 1026; x_wconf 78' lang='lat' dir='ltr'>futurus</span> <span class='ocrx_word' id='word_1_52' title='bbox 589 957 692 1025; x_wconf 81' lang='lat' dir='ltr'>fuerit.</span> <span class='ocrx_word' id='word_1_53' title='bbox 729 958 903 1048; x_wconf 79' lang='lat' dir='ltr'>plurimum</span> <span class='ocrx_word' id='word_1_54' title='bbox 931 959 964 1023; x_wconf 91' lang='lat' dir='ltr'>in</span> <span class='ocrx_word' id='word_1_55' title='bbox 991 958 1077 1025; x_wconf 90' lang='lat' dir='ltr'>bello</span> <span class='ocrx_word' id='word_1_56' title='bbox 1099 957 1168 1048; x_wconf 82' lang='lat' dir='ltr'>pol-</span> <span class='ocrx_word' id='word_1_57' title='bbox 1210 958 1214 972; x_wconf 87' lang='grc'><strong>’</strong></span> 
     </span>
     <span class='ocr_line' id='line_1_8' title="bbox 67 1058 1292 1155; baseline 0.004 -33"><span class='ocrx_word' id='word_1_58' title='bbox 67 1058 134 1124; x_wconf 86' lang='lat' dir='ltr'>lere</span> <span class='ocrx_word' id='word_1_59' title='bbox 156 1059 303 1129; x_wconf 87' lang='lat' dir='ltr'>videntur</span> <span class='ocrx_word' id='word_1_60' title='bbox 324 1063 461 1131; x_wconf 82' lang='lat' dir='ltr'>militurn</span> <span class='ocrx_word' id='word_1_61' title='bbox 482 1062 574 1152; x_wconf 86' lang='lat' dir='ltr'>copia</span> <span class='ocrx_word' id='word_1_62' title='bbox 597 1062 759 1144; x_wconf 72' lang='lat' dir='ltr'>etunius,</span> <span class='ocrx_word' id='word_1_63' title='bbox 784 1060 909 1151; x_wconf 84' lang='lat' dir='ltr'>ingenia</span> <span class='ocrx_word' id='word_1_64' title='bbox 930 1061 1169 1155; x_wconf 77' lang='lat' dir='ltr'>imperatorum,</span> <span class='ocrx_word' id='word_1_65' title='bbox 1288 1130 1292 1137; x_wconf 68' lang='grc'><em>,</em></span> 
     </span>
     <span class='ocr_line' id='line_1_9' title="bbox 67 1161 1168 1257; baseline 0.003 -30"><span class='ocrx_word' id='word_1_66' title='bbox 67 1161 192 1231; x_wconf 78' lang='lat' dir='ltr'>fortuna</span> <span class='ocrx_word' id='word_1_67' title='bbox 214 1189 273 1255; x_wconf 90' lang='lat' dir='ltr'>per</span> <span class='ocrx_word' id='word_1_68' title='bbox 295 1167 401 1234; x_wconf 89' lang='lat' dir='ltr'>omnia</span> <span class='ocrx_word' id='word_1_69' title='bbox 422 1165 563 1234; x_wconf 84' lang='lat' dir='ltr'>humanu</span> <span class='ocrx_word' id='word_1_70' title='bbox 584 1165 725 1232; x_wconf 84' lang='lat' dir='ltr'>maxime</span> <span class='ocrx_word' id='word_1_71' title='bbox 747 1164 780 1231; x_wconf 91' lang='lat' dir='ltr'>iu</span> <span class='ocrx_word' id='word_1_72' title='bbox 807 1188 860 1233; x_wconf 85' lang='lat' dir='ltr'>reo</span> <span class='ocrx_word' id='word_1_73' title='bbox 882 1164 1013 1234; x_wconf 80' lang='lat' dir='ltr'>bellicas</span> <span class='ocrx_word' id='word_1_74' title='bbox 1035 1176 1168 1257; x_wconf 80' lang='lat' dir='ltr'>potens:</span> 
     </span>
    </p>
   </div>
   <div class='ocr_carea' id='block_1_3' title="bbox 108 1328 584 4187">
    <p class='ocr_par' dir='ltr' id='par_1_5' title="bbox 108 1328 584 4187">
     <span class='ocr_line' id='line_1_10' title="bbox 136 1328 582 1411; baseline 0.009 -26"><span class='ocrx_word' id='word_1_75' title='bbox 136 1328 224 1386; x_wconf 87' lang='lat' dir='ltr'>miuus</span> <span class='ocrx_word' id='word_1_76' title='bbox 236 1339 323 1388; x_wconf 79' lang='lat' dir='ltr'>tomen</span> <span class='ocrx_word' id='word_1_77' title='bbox 335 1331 366 1388; x_wconf 82' lang='lat' dir='ltr'>id</span> <span class='ocrx_word' id='word_1_78' title='bbox 378 1351 411 1390; x_wconf 85' lang='lat' dir='ltr'>ex</span> <span class='ocrx_word' id='word_1_79' title='bbox 423 1353 477 1411; x_wconf 89' lang='lat' dir='ltr'>quo</span> <span class='ocrx_word' id='word_1_80' title='bbox 491 1333 582 1390; x_wconf 81' lang='lat' dir='ltr'>omnia</span> 
     </span>
     <span class='ocr_line' id='line_1_11' title="bbox 135 1416 582 1497; baseline 0.011 -25"><span class='ocrx_word' id='word_1_81' title='bbox 135 1435 204 1492; x_wconf 79' lang='lat' dir='ltr'>quae</span> <span class='ocrx_word' id='word_1_82' title='bbox 226 1416 262 1475; x_wconf 79' lang='lat' dir='ltr'>eri</span> <span class='ocrx_word' id='word_1_83' title='bbox 284 1419 397 1477; x_wconf 85' lang='lat' dir='ltr'>eundem</span> <span class='ocrx_word' id='word_1_84' title='bbox 418 1441 475 1477; x_wconf 89' lang='lat' dir='ltr'>reru</span> <span class='ocrx_word' id='word_1_85' title='bbox 498 1421 582 1497; x_wconf 76' lang='lat' dir='ltr'>perii·</span> 
     </span>
     <span class='ocr_line' id='line_1_12' title="bbox 136 1509 582 1564; baseline 0.007 -5"><span class='ocrx_word' id='word_1_86' title='bbox 136 1513 218 1560; x_wconf 62' lang='lat' dir='ltr'>nant</span> <span class='ocrx_word' id='word_1_87' title='bbox 235 1510 327 1563; x_wconf 81' lang='lat' dir='ltr'>venire</span> <span class='ocrx_word' id='word_1_88' title='bbox 344 1516 371 1562; x_wconf 82' lang='lat' dir='ltr'>et</span> <span class='ocrx_word' id='word_1_89' title='bbox 389 1509 454 1564; x_wconf 83' lang='lat' dir='ltr'>oriri</span> <span class='ocrx_word' id='word_1_90' title='bbox 471 1524 582 1564; x_wconf 86' lang='lat' dir='ltr'>necesse</span> 
     </span>
     <span class='ocr_line' id='line_1_13' title="bbox 136 1592 582 1670; baseline 0.013 -25"><span class='ocrx_word' id='word_1_91' title='bbox 136 1600 191 1659; x_wconf 81' lang='lat' dir='ltr'>est,</span> <span class='ocrx_word' id='word_1_92' title='bbox 213 1592 293 1649; x_wconf 77' lang='lat' dir='ltr'>etad</span> <span class='ocrx_word' id='word_1_93' title='bbox 311 1592 385 1668; x_wconf 81' lang='lat' dir='ltr'>quod</span> <span class='ocrx_word' id='word_1_94' title='bbox 406 1596 495 1651; x_wconf 82' lang='lat' dir='ltr'>omnio</span> <span class='ocrx_word' id='word_1_95' title='bbox 514 1612 582 1670; x_wconf 80' lang='lat' dir='ltr'>quae</span> 
     </span>
     <span class='ocr_line' id='line_1_14' title="bbox 135 1677 581 1758; baseline 0.011 -26"><span class='ocrx_word' id='word_1_96' title='bbox 135 1677 200 1735; x_wconf 87' lang='lat' dir='ltr'>inde</span> <span class='ocrx_word' id='word_1_97' title='bbox 210 1680 334 1737; x_wconf 81' lang='lat' dir='ltr'>venerint</span> <span class='ocrx_word' id='word_1_98' title='bbox 350 1677 445 1737; x_wconf 82' lang='lat' dir='ltr'>referri</span> <span class='ocrx_word' id='word_1_99' title='bbox 461 1681 581 1758; x_wconf 80' lang='lat' dir='ltr'>possiutr</span> 
     </span>
     <span class='ocr_line' id='line_1_15' title="bbox 136 1763 584 1845; baseline 0.013 -27"><span class='ocrx_word' id='word_1_100' title='bbox 136 1763 171 1819; x_wconf 82' lang='lat' dir='ltr'>de</span> <span class='ocrx_word' id='word_1_101' title='bbox 201 1784 253 1840; x_wconf 82' lang='lat' dir='ltr'>que</span> <span class='ocrx_word' id='word_1_102' title='bbox 283 1785 313 1822; x_wconf 90' lang='lat' dir='ltr'>re</span> <span class='ocrx_word' id='word_1_103' title='bbox 349 1765 429 1824; x_wconf 74' lang='lat' dir='ltr'>docto</span> <span class='ocrx_word' id='word_1_104' title='bbox 463 1767 584 1845; x_wconf 69' lang='lat' dir='ltr'>disputet</span> 
     </span>
     <span class='ocr_line' id='line_1_16' title="bbox 135 1846 584 1928; baseline 0.011 -23"><span class='ocrx_word' id='word_1_105' title='bbox 135 1849 264 1910; x_wconf 85' lang='lat' dir='ltr'>Doederi.</span> <span class='ocrx_word' id='word_1_106' title='bbox 284 1849 513 1928; x_wconf 69' lang='lat' dir='ltr'>Synon.3‚168.</span> <span class='ocrx_word' id='word_1_107' title='bbox 541 1846 584 1912; x_wconf 83' lang='lat' dir='ltr'>sic</span> 
     </span>
     <span class='ocr_line' id='line_1_17' title="bbox 136 1936 583 2016; baseline 0.016 -24"><span class='ocrx_word' id='word_1_108' title='bbox 136 1937 209 2013; x_wconf 84' lang='lat' dir='ltr'>opud</span> <span class='ocrx_word' id='word_1_109' title='bbox 221 1936 380 1997; x_wconf 85' lang='lat' dir='ltr'>Ciceronem</span> <span class='ocrx_word' id='word_1_110' title='bbox 397 1940 432 1997; x_wconf 83' lang='lat' dir='ltr'>de</span> <span class='ocrx_word' id='word_1_111' title='bbox 450 1940 500 2016; x_wconf 79' lang='lat' dir='ltr'>leg.</span> <span class='ocrx_word' id='word_1_112' title='bbox 519 1943 545 2010; x_wconf 90' lang='lat'>1,</span> <span class='ocrx_word' id='word_1_113' title='bbox 556 1943 583 2000; x_wconf 84' lang='lat'>6.</span> 
     </span>
     <span class='ocr_line' id='line_1_18' title="bbox 139 2023 584 2106; baseline 0.011 -27"><span class='ocrx_word' id='word_1_114' title='bbox 139 2023 329 2101; x_wconf 69' lang='lat' dir='ltr'>selegimus:</span> <span class='ocrx_word' id='word_1_115' title='bbox 357 2027 429 2097; x_wconf 86' lang='lat' dir='ltr'>„sed</span> <span class='ocrx_word' id='word_1_116' title='bbox 450 2026 518 2084; x_wconf 83' lang='lat' dir='ltr'>haec</span> <span class='ocrx_word' id='word_1_117' title='bbox 533 2047 584 2106; x_wconf 84' lang='lat' dir='ltr'>po·</span> 
     </span>
     <span class='ocr_line' id='line_1_19' title="bbox 137 2113 583 2195; baseline 0.016 -29"><span class='ocrx_word' id='word_1_118' title='bbox 137 2113 251 2170; x_wconf 74' lang='lat' dir='ltr'>steriusz</span> <span class='ocrx_word' id='word_1_119' title='bbox 275 2133 347 2171; x_wconf 89' lang='lat' dir='ltr'>nunc</span> <span class='ocrx_word' id='word_1_120' title='bbox 364 2116 433 2172; x_wconf 89' lang='lat' dir='ltr'>iuris</span> <span class='ocrx_word' id='word_1_121' title='bbox 450 2117 583 2195; x_wconf 80' lang='lat' dir='ltr'>principie</span> 
     </span>
     <span class='ocr_line' id='line_1_20' title="bbox 137 2197 583 2276; baseline 0.013 -22"><span class='ocrx_word' id='word_1_122' title='bbox 137 2197 284 2261; x_wconf 81' lang='lat' dir='ltr'>videamus.</span> <span class='ocrx_word' id='word_1_123' title='bbox 311 2203 394 2276; x_wconf 77' lang='lat' dir='ltr'>igitur</span> <span class='ocrx_word' id='word_1_124' title='bbox 417 2203 583 2263; x_wconf 79' lang='lat' dir='ltr'>doctissimis</span> 
     </span>
     <span class='ocr_line' id='line_1_21' title="bbox 139 2286 584 2368; baseline 0.011 -28"><span class='ocrx_word' id='word_1_125' title='bbox 139 2286 206 2341; x_wconf 85' lang='lat' dir='ltr'>viris</span> <span class='ocrx_word' id='word_1_126' title='bbox 223 2286 363 2362; x_wconf 84' lang='lat' dir='ltr'>proficisci</span> <span class='ocrx_word' id='word_1_127' title='bbox 374 2288 476 2368; x_wconf 73' lang='lat' dir='ltr'>placuit</span> <span class='ocrx_word' id='word_1_128' title='bbox 487 2309 502 2345; x_wconf 80' lang='lat' dir='ltr'>o</span> <span class='ocrx_word' id='word_1_129' title='bbox 515 2287 584 2363; x_wconf 83' lang='lat' dir='ltr'>lege,</span> 
     </span>
     <span class='ocr_line' id='line_1_22' title="bbox 136 2370 583 2444; baseline 0.013 -18"><span class='ocrx_word' id='word_1_130' title='bbox 136 2370 209 2429; x_wconf 85' lang='lat' dir='ltr'>haud</span> <span class='ocrx_word' id='word_1_131' title='bbox 226 2376 285 2431; x_wconf 89' lang='lat' dir='ltr'>scio</span> <span class='ocrx_word' id='word_1_132' title='bbox 302 2395 337 2430; x_wconf 84' lang='lat' dir='ltr'>en</span> <span class='ocrx_word' id='word_1_133' title='bbox 354 2385 440 2444; x_wconf 84' lang='lat' dir='ltr'>recte,</span> <span class='ocrx_word' id='word_1_134' title='bbox 457 2378 483 2433; x_wconf 92' lang='lat' dir='ltr'>si</span> <span class='ocrx_word' id='word_1_135' title='bbox 500 2375 583 2434; x_wconf 80' lang='lat' dir='ltr'>modo</span> 
     </span>
     <span class='ocr_line' id='line_1_23' title="bbox 136 2461 583 2521; baseline 0.009 -5"><span class='ocrx_word' id='word_1_136' title='bbox 136 2471 167 2517; x_wconf 81' lang='lat' dir='ltr'>ut</span> <span class='ocrx_word' id='word_1_137' title='bbox 184 2461 266 2519; x_wconf 80' lang='lat' dir='ltr'>iidem</span> <span class='ocrx_word' id='word_1_138' title='bbox 279 2462 411 2520; x_wconf 85' lang='lat' dir='ltr'>definiunt</span> <span class='ocrx_word' id='word_1_139' title='bbox 426 2462 471 2521; x_wconf 86' lang='lat' dir='ltr'>lex</span> <span class='ocrx_word' id='word_1_140' title='bbox 488 2473 530 2520; x_wconf 77' lang='lat' dir='ltr'>est</span> <span class='ocrx_word' id='word_1_141' title='bbox 540 2483 583 2520; x_wconf 83' lang='lat' dir='ltr'>re·</span> 
     </span>
     <span class='ocr_line' id='line_1_24' title="bbox 136 2548 583 2620; baseline 0.011 -18"><span class='ocrx_word' id='word_1_142' title='bbox 136 2548 175 2603; x_wconf 70' lang='lat' dir='ltr'>tio</span> <span class='ocrx_word' id='word_1_143' title='bbox 199 2568 301 2607; x_wconf 79' lang='lat' dir='ltr'>summe</span> <span class='ocrx_word' id='word_1_144' title='bbox 323 2552 405 2608; x_wconf 84' lang='lat' dir='ltr'>insite</span> <span class='ocrx_word' id='word_1_145' title='bbox 426 2552 455 2608; x_wconf 91' lang='lat' dir='ltr'>in</span> <span class='ocrx_word' id='word_1_146' title='bbox 478 2562 583 2620; x_wconf 71' lang='lat' dir='ltr'>nature,</span> 
     </span>
     <span class='ocr_line' id='line_1_25' title="bbox 137 2637 582 2715; baseline 0.011 -25"><span class='ocrx_word' id='word_1_147' title='bbox 137 2655 206 2711; x_wconf 79' lang='lat' dir='ltr'>quae</span> <span class='ocrx_word' id='word_1_148' title='bbox 224 2637 299 2694; x_wconf 87' lang='lat' dir='ltr'>iubet</span> <span class='ocrx_word' id='word_1_149' title='bbox 321 2658 351 2694; x_wconf 79' lang='lat' dir='ltr'>ec</span> <span class='ocrx_word' id='word_1_150' title='bbox 373 2659 442 2715; x_wconf 79' lang='lat' dir='ltr'>quae</span> <span class='ocrx_word' id='word_1_151' title='bbox 460 2637 582 2696; x_wconf 80' lang='lat' dir='ltr'>iscicnde</span> 
     </span>
     <span class='ocr_line' id='line_1_26' title="bbox 138 2722 582 2801; baseline 0.009 -25"><span class='ocrx_word' id='word_1_152' title='bbox 138 2730 202 2777; x_wconf 85' lang='lat' dir='ltr'>sunt</span> <span class='ocrx_word' id='word_1_153' title='bbox 227 2722 406 2801; x_wconf 80' lang='lat' dir='ltr'>prohibetque</span> <span class='ocrx_word' id='word_1_154' title='bbox 428 2727 582 2781; x_wconf 77' lang='lat' dir='ltr'>contrenio“</span> 
     </span>
     <span class='ocr_line' id='line_1_27' title="bbox 138 2808 583 2888; baseline 0.009 -26"><span class='ocrx_word' id='word_1_155' title='bbox 138 2817 188 2866; x_wconf 82' lang='lat' dir='ltr'>cet.</span> <span class='ocrx_word' id='word_1_156' title='bbox 207 2828 260 2885; x_wconf 90' lang='lat' dir='ltr'>quo</span> <span class='ocrx_word' id='word_1_157' title='bbox 278 2808 339 2866; x_wconf 91' lang='lat' dir='ltr'>loco</span> <span class='ocrx_word' id='word_1_158' title='bbox 356 2813 528 2888; x_wconf 87' lang='lat' dir='ltr'>perspicuum</span> <span class='ocrx_word' id='word_1_159' title='bbox 540 2819 583 2868; x_wconf 83' lang='lat' dir='ltr'>est</span> 
     </span>
     <span class='ocr_line' id='line_1_28' title="bbox 138 2893 582 2974; baseline 0.009 -24"><span class='ocrx_word' id='word_1_160' title='bbox 138 2893 298 2954; x_wconf 83' lang='lat' dir='ltr'>Ciceronem</span> <span class='ocrx_word' id='word_1_161' title='bbox 316 2918 371 2954; x_wconf 89' lang='lat' dir='ltr'>nou</span> <span class='ocrx_word' id='word_1_162' title='bbox 384 2907 438 2954; x_wconf 74' lang='lat' dir='ltr'>tum</span> <span class='ocrx_word' id='word_1_163' title='bbox 454 2895 484 2952; x_wconf 79' lang='lat' dir='ltr'>id</span> <span class='ocrx_word' id='word_1_164' title='bbox 502 2917 582 2974; x_wconf 82' lang='lat' dir='ltr'>quoe·</span> 
     </span>
     <span class='ocr_line' id='line_1_29' title="bbox 137 2984 584 3064; baseline 0.007 -26"><span class='ocrx_word' id='word_1_165' title='bbox 137 3001 205 3051; x_wconf 87' lang='lat' dir='ltr'>rere,</span> <span class='ocrx_word' id='word_1_166' title='bbox 223 3002 276 3058; x_wconf 91' lang='lat' dir='ltr'>quo</span> <span class='ocrx_word' id='word_1_167' title='bbox 294 2984 383 3061; x_wconf 87' lang='lat' dir='ltr'>primo</span> <span class='ocrx_word' id='word_1_168' title='bbox 401 2993 528 3064; x_wconf 81' lang='lat' dir='ltr'>tempore</span> <span class='ocrx_word' id='word_1_169' title='bbox 539 2985 584 3041; x_wconf 84' lang='lat' dir='ltr'>ins</span> 
     </span>
     <span class='ocr_line' id='line_1_30' title="bbox 137 3069 583 3132; baseline 0.007 -6"><span class='ocrx_word' id='word_1_170' title='bbox 137 3069 171 3126; x_wconf 85' lang='lat' dir='ltr'>sb</span> <span class='ocrx_word' id='word_1_171' title='bbox 188 3069 343 3128; x_wconf 88' lang='lat' dir='ltr'>hominibus</span> <span class='ocrx_word' id='word_1_172' title='bbox 367 3072 505 3132; x_wconf 73' lang='lat' dir='ltr'>observari</span> <span class='ocrx_word' id='word_1_173' title='bbox 523 3092 583 3129; x_wconf 83' lang='lat' dir='ltr'>coe·</span> 
     </span>
     <span class='ocr_line' id='line_1_31' title="bbox 137 3159 583 3237; baseline 0.007 -24"><span class='ocrx_word' id='word_1_174' title='bbox 137 3166 213 3234; x_wconf 79' lang='lat' dir='ltr'>ptum</span> <span class='ocrx_word' id='word_1_175' title='bbox 231 3159 276 3226; x_wconf 75' lang='lat' dir='ltr'>sit,</span> <span class='ocrx_word' id='word_1_176' title='bbox 294 3179 374 3235; x_wconf 82' lang='lat' dir='ltr'>quem</span> <span class='ocrx_word' id='word_1_177' title='bbox 392 3181 426 3217; x_wconf 84' lang='lat' dir='ltr'>ex</span> <span class='ocrx_word' id='word_1_178' title='bbox 443 3160 583 3237; x_wconf 75' lang='lat' dir='ltr'>quo&#39;iouto</span> 
     </span>
     <span class='ocr_line' id='line_1_32' title="bbox 137 3244 584 3305; baseline 0.007 -5"><span class='ocrx_word' id='word_1_179' title='bbox 137 3245 209 3301; x_wconf 88' lang='lat' dir='ltr'>idem</span> <span class='ocrx_word' id='word_1_180' title='bbox 226 3244 294 3302; x_wconf 87' lang='lat' dir='ltr'>illud</span> <span class='ocrx_word' id='word_1_181' title='bbox 311 3248 354 3302; x_wconf 92' lang='lat' dir='ltr'>ius</span> <span class='ocrx_word' id='word_1_182' title='bbox 372 3246 496 3305; x_wconf 76' lang='lat' dir='ltr'>haustum</span> <span class='ocrx_word' id='word_1_183' title='bbox 506 3249 544 3305; x_wconf 80' lang='lat' dir='ltr'>sit</span> <span class='ocrx_word' id='word_1_184' title='bbox 555 3255 584 3303; x_wconf 86' lang='lat' dir='ltr'>et</span> 
     </span>
     <span class='ocr_line' id='line_1_33' title="bbox 108 3332 583 3408; baseline 0.008 -21"><span class='ocrx_word' id='word_1_185' title='bbox 108 3360 110 3362; x_wconf 95' lang='lat'>·</span> <span class='ocrx_word' id='word_1_186' title='bbox 135 3353 188 3408; x_wconf 78' lang='lat' dir='ltr'>qus</span> <span class='ocrx_word' id='word_1_187' title='bbox 200 3333 228 3389; x_wconf 83' lang='lat' dir='ltr'>vi</span> <span class='ocrx_word' id='word_1_188' title='bbox 245 3332 275 3388; x_wconf 92' lang='lat' dir='ltr'>iu</span> <span class='ocrx_word' id='word_1_189' title='bbox 292 3332 431 3392; x_wconf 84' lang='lat' dir='ltr'>homiuum</span> <span class='ocrx_word' id='word_1_190' title='bbox 449 3334 583 3391; x_wconf 74' lang='lat' dir='ltr'>mentibus</span> 
     </span>
     <span class='ocr_line' id='line_1_34' title="bbox 136 3419 582 3495; baseline 0.004 -19"><span class='ocrx_word' id='word_1_191' title='bbox 136 3421 212 3477; x_wconf 80' lang='lat' dir='ltr'>nasci</span> <span class='ocrx_word' id='word_1_192' title='bbox 241 3422 368 3495; x_wconf 81' lang='lat' dir='ltr'>potuerit.</span> <span class='ocrx_word' id='word_1_193' title='bbox 408 3419 468 3479; x_wconf 87' lang='lat' dir='ltr'>Cic.</span> <span class='ocrx_word' id='word_1_194' title='bbox 496 3420 582 3480; x_wconf 72' lang='lat' dir='ltr'>uuo.</span> 
     </span>
     <span class='ocr_line' id='line_1_35' title="bbox 137 3509 582 3583; baseline 0.002 -21"><span class='ocrx_word' id='word_1_195' title='bbox 137 3526 181 3582; x_wconf 82' lang='lat' dir='ltr'>pr.</span> <span class='ocrx_word' id='word_1_196' title='bbox 197 3509 223 3574; x_wconf 67' lang='grc'>9,</span> <span class='ocrx_word' id='word_1_197' title='bbox 241 3509 286 3565; x_wconf 85' lang='grc'>36.</span> <span class='ocrx_word' id='word_1_198' title='bbox 305 3509 380 3564; x_wconf 74' lang='lat'><strong>117.2</strong></span> <span class='ocrx_word' id='word_1_199' title='bbox 398 3524 475 3574; x_wconf 86' lang='lat' dir='ltr'>„nou</span> <span class='ocrx_word' id='word_1_200' title='bbox 492 3526 582 3583; x_wconf 85' lang='lat' dir='ltr'>perse·</span> 
     </span>
     <span class='ocr_line' id='line_1_36' title="bbox 138 3591 581 3670; baseline -0.002 -20"><span class='ocrx_word' id='word_1_201' title='bbox 138 3612 209 3670; x_wconf 83' lang='lat' dir='ltr'>quor</span> <span class='ocrx_word' id='word_1_202' title='bbox 243 3595 412 3670; x_wconf 77' lang='lat' dir='ltr'>quaestiones</span> <span class='ocrx_word' id='word_1_203' title='bbox 447 3591 581 3650; x_wconf 76' lang='lat' dir='ltr'>infinitess</span> 
     </span>
     <span class='ocr_line' id='line_1_37' title="bbox 135 3679 582 3757; baseline 0.004 -21"><span class='ocrx_word' id='word_1_204' title='bbox 135 3690 239 3738; x_wconf 76' lang='lat' dir='ltr'>tantum</span> <span class='ocrx_word' id='word_1_205' title='bbox 262 3681 296 3739; x_wconf 87' lang='lat' dir='ltr'>de</span> <span class='ocrx_word' id='word_1_206' title='bbox 321 3679 465 3757; x_wconf 85' lang='lat' dir='ltr'>principiis</span> <span class='ocrx_word' id='word_1_207' title='bbox 492 3698 582 3738; x_wconf 85' lang='lat' dir='ltr'>rerum</span> 
     </span>
     <span class='ocr_line' id='line_1_38' title="bbox 135 3767 582 3844; baseline 0.002 -21"><span class='ocrx_word' id='word_1_208' title='bbox 135 3768 266 3844; x_wconf 76' lang='lat' dir='ltr'>equibus</span> <span class='ocrx_word' id='word_1_209' title='bbox 285 3769 373 3824; x_wconf 82' lang='lat' dir='ltr'>omnis</span> <span class='ocrx_word' id='word_1_210' title='bbox 396 3774 520 3823; x_wconf 80' lang='lat' dir='ltr'>constent</span> <span class='ocrx_word' id='word_1_211' title='bbox 540 3767 582 3824; x_wconf 80' lang='lat' dir='ltr'>ri·</span> 
     </span>
     <span class='ocr_line' id='line_1_39' title="bbox 136 3850 580 3914; baseline 0 -4"><span class='ocrx_word' id='word_1_212' title='bbox 136 3854 268 3912; x_wconf 82' lang='lat' dir='ltr'>deumus“</span> <span class='ocrx_word' id='word_1_213' title='bbox 293 3865 344 3914; x_wconf 84' lang='lat' dir='ltr'>cet.</span> <span class='ocrx_word' id='word_1_214' title='bbox 373 3856 413 3912; x_wconf 87' lang='lat' dir='ltr'>sic</span> <span class='ocrx_word' id='word_1_215' title='bbox 436 3855 517 3911; x_wconf 73' lang='lat' dir='ltr'>etiem</span> <span class='ocrx_word' id='word_1_216' title='bbox 533 3850 580 3910; x_wconf 88' lang='lat' dir='ltr'>Li·</span> 
     </span>
     <span class='ocr_line' id='line_1_40' title="bbox 136 3940 583 4018; baseline -0.002 -19"><span class='ocrx_word' id='word_1_217' title='bbox 136 3943 198 3999; x_wconf 84' lang='lat' dir='ltr'>vius</span> <span class='ocrx_word' id='word_1_218' title='bbox 216 3941 345 3999; x_wconf 85' lang='lat' dir='ltr'>hocloco</span> <span class='ocrx_word' id='word_1_219' title='bbox 369 3942 403 3998; x_wconf 86' lang='lat' dir='ltr'>de</span> <span class='ocrx_word' id='word_1_220' title='bbox 421 3960 474 4018; x_wconf 86' lang='lat' dir='ltr'>quo</span> <span class='ocrx_word' id='word_1_221' title='bbox 494 3940 583 4016; x_wconf 79' lang='lat' dir='ltr'>egitur</span> 
     </span>
     <span class='ocr_line' id='line_1_41' title="bbox 137 4023 581 4108; baseline -0.005 -23"><span class='ocrx_word' id='word_1_222' title='bbox 137 4028 168 4085; x_wconf 84' lang='lat' dir='ltr'>id</span> <span class='ocrx_word' id='word_1_223' title='bbox 184 4030 353 4108; x_wconf 81' lang='lat' dir='ltr'>potissimum</span> <span class='ocrx_word' id='word_1_224' title='bbox 366 4023 473 4086; x_wconf 78' lang='lat' dir='ltr'>videtur</span> <span class='ocrx_word' id='word_1_225' title='bbox 491 4027 581 4084; x_wconf 84' lang='lat' dir='ltr'>dicero</span> 
     </span>
     <span class='ocr_line' id='line_1_42' title="bbox 138 4113 580 4187; baseline -0.002 -14"><span class='ocrx_word' id='word_1_226' title='bbox 138 4117 269 4173; x_wconf 80' lang='lat' dir='ltr'>voluisse:</span> <span class='ocrx_word' id='word_1_227' title='bbox 282 4116 401 4187; x_wconf 76' lang='lat' dir='ltr'>„Nichts</span> <span class='ocrx_word' id='word_1_228' title='bbox 411 4113 580 4176; x_wconf 70' lang='lat' dir='ltr'>mecheren</span> 
     </span>
    </p>
   </div>
   <div class='ocr_carea' id='block_1_4' title="bbox 90 4217 295 4280">
    <p class='ocr_par' dir='ltr' id='par_1_6' title="bbox 90 4217 295 4280">
     <span class='ocr_line' id='line_1_43' title="bbox 90 4217 295 4280; baseline 0.01 -15"><span class='ocrx_word' id='word_1_229' title='bbox 90 4217 120 4266; x_wconf 72' lang='grc' dir='ltr'>Τ.</span> <span class='ocrx_word' id='word_1_230' title='bbox 133 4220 186 4267; x_wconf 78' lang='lat' dir='ltr'>nvi</span> <span class='ocrx_word' id='word_1_231' title='bbox 198 4235 250 4280; x_wconf 73' lang='lat' dir='ltr'>pars</span> <span class='ocrx_word' id='word_1_232' title='bbox 263 4219 295 4267; x_wconf 80' lang='lat'>11.</span> 
     </span>
    </p>
   </div>
   <div class='ocr_carea' id='block_1_5' title="bbox 722 1327 1190 1823">
    <p class='ocr_par' dir='ltr' id='par_1_7' title="bbox 722 1327 1190 1823">
     <span class='ocr_line' id='line_1_44' title="bbox 723 1327 1190 1415; baseline -0.002 -28"><span class='ocrx_word' id='word_1_233' title='bbox 723 1330 785 1387; x_wconf 86' lang='lat' dir='ltr'>dem</span> <span class='ocrx_word' id='word_1_234' title='bbox 794 1327 876 1388; x_wconf 80' lang='lat' dir='ltr'>Plane</span> <span class='ocrx_word' id='word_1_235' title='bbox 886 1327 974 1389; x_wconf 81' lang='lat' dir='ltr'>dieses</span> <span class='ocrx_word' id='word_1_236' title='bbox 983 1327 1100 1415; x_wconf 66' lang='lat' dir='ltr'>Werlres</span> <span class='ocrx_word' id='word_1_237' title='bbox 1109 1328 1168 1387; x_wconf 83' lang='lat' dir='ltr'>sich</span> <span class='ocrx_word' id='word_1_238' title='bbox 1187 1398 1190 1407; x_wconf 26' lang='grc' dir='ltr'>ι</span> 
     </span>
     <span class='ocr_line' id='line_1_45' title="bbox 722 1417 1169 1476; baseline 0.002 -4"><span class='ocrx_word' id='word_1_239' title='bbox 722 1418 820 1473; x_wconf 78' lang='lat' dir='ltr'>weitos</span> <span class='ocrx_word' id='word_1_240' title='bbox 850 1431 883 1475; x_wconf 78' lang='lat' dir='ltr'>zu</span> <span class='ocrx_word' id='word_1_241' title='bbox 913 1418 1052 1476; x_wconf 82' lang='lat' dir='ltr'>entiernen</span> <span class='ocrx_word' id='word_1_242' title='bbox 1081 1417 1169 1474; x_wconf 78' lang='lat' dir='ltr'>sch&#39;ei·</span> 
     </span>
     <span class='ocr_line' id='line_1_46' title="bbox 722 1501 1169 1571; baseline 0.004 -13"><span class='ocrx_word' id='word_1_243' title='bbox 722 1517 790 1571; x_wconf 87' lang='lat' dir='ltr'>nen,</span> <span class='ocrx_word' id='word_1_244' title='bbox 817 1501 856 1560; x_wconf 83' lang='lat' dir='ltr'>elo</span> <span class='ocrx_word' id='word_1_245' title='bbox 874 1524 955 1561; x_wconf 86' lang='lat' dir='ltr'>wenu</span> <span class='ocrx_word' id='word_1_246' title='bbox 973 1505 1017 1562; x_wconf 90' lang='lat' dir='ltr'>ich</span> <span class='ocrx_word' id='word_1_247' title='bbox 1035 1505 1112 1562; x_wconf 87' lang='lat' dir='ltr'>mehr</span> <span class='ocrx_word' id='word_1_248' title='bbox 1128 1501 1169 1561; x_wconf 77' lang='lat' dir='ltr'>als</span> 
     </span>
     <span class='ocr_line' id='line_1_47' title="bbox 723 1589 1171 1665; baseline 0.004 -20"><span class='ocrx_word' id='word_1_249' title='bbox 723 1589 899 1665; x_wconf 78' lang='lat' dir='ltr'>uothwendig</span> <span class='ocrx_word' id='word_1_250' title='bbox 925 1592 978 1648; x_wconf 84' lang='lat' dir='ltr'>den</span> <span class='ocrx_word' id='word_1_251' title='bbox 1002 1590 1095 1649; x_wconf 81' lang='lat' dir='ltr'>Fedeu</span> <span class='ocrx_word' id='word_1_252' title='bbox 1121 1591 1171 1648; x_wconf 85' lang='lat' dir='ltr'>der</span> 
     </span>
     <span class='ocr_line' id='line_1_48' title="bbox 724 1675 1170 1746; baseline 0.004 -13"><span class='ocrx_word' id='word_1_253' title='bbox 724 1675 984 1734; x_wconf 73' lang='lat' dir='ltr'>Gesehichtefassen</span> <span class='ocrx_word' id='word_1_254' title='bbox 1001 1675 1097 1746; x_wconf 76' lang='lat' dir='ltr'>hesse,</span> <span class='ocrx_word' id='word_1_255' title='bbox 1113 1677 1170 1735; x_wconf 78' lang='lat' dir='ltr'>und</span> 
     </span>
     <span class='ocr_line' id='line_1_49' title="bbox 725 1762 1170 1823; baseline 0.004 -5"><span class='ocrx_word' id='word_1_256' title='bbox 725 1762 847 1820; x_wconf 75' lang='lat' dir='ltr'>dedurch</span> <span class='ocrx_word' id='word_1_257' title='bbox 864 1763 927 1821; x_wconf 76' lang='lat' dir='ltr'>dass</span> <span class='ocrx_word' id='word_1_258' title='bbox 945 1763 990 1821; x_wconf 87' lang='lat' dir='ltr'>ich</span> <span class='ocrx_word' id='word_1_259' title='bbox 1010 1763 1055 1821; x_wconf 86' lang='lat' dir='ltr'>die</span> <span class='ocrx_word' id='word_1_260' title='bbox 1071 1763 1170 1823; x_wconf 69' lang='lat' dir='ltr'>Ernih·</span> 
     </span>
    </p>
   </div>
   <div class='ocr_carea' id='block_1_6' title="bbox 724 1848 1170 1926">
    <p class='ocr_par' dir='ltr' id='par_1_8' title="bbox 724 1848 1170 1926">
     <span class='ocr_line' id='line_1_50' title="bbox 724 1848 1170 1926; baseline 0.013 -20"><span class='ocrx_word' id='word_1_261' title='bbox 724 1848 789 1926; x_wconf 82' lang='lat' dir='ltr'>long</span> <span class='ocrx_word' id='word_1_262' title='bbox 807 1849 892 1908; x_wconf 83' lang='lat' dir='ltr'>durch</span> <span class='ocrx_word' id='word_1_263' title='bbox 905 1853 965 1909; x_wconf 90' lang='lat' dir='ltr'>eine</span> <span class='ocrx_word' id='word_1_264' title='bbox 976 1853 1091 1926; x_wconf 74' lang='lat' dir='ltr'>gessisse</span> <span class='ocrx_word' id='word_1_265' title='bbox 1098 1850 1170 1913; x_wconf 74' lang='lat' dir='ltr'>Mm-</span> 
     </span>
    </p>
   </div>
   <div class='ocr_carea' id='block_1_7' title="bbox 704 1935 1170 2014">
    <p class='ocr_par' dir='ltr' id='par_1_9' title="bbox 704 1935 1170 2014">
     <span class='ocr_line' id='line_1_51' title="bbox 704 1935 1170 2014; baseline -0.011 -15"><span class='ocrx_word' id='word_1_266' title='bbox 704 1935 902 2014; x_wconf 55' lang='lat' dir='ltr'>¹nigieitiglroit</span> <span class='ocrx_word' id='word_1_267' title='bbox 923 1937 1091 1996; x_wconf 66' lang='lat' dir='ltr'>densiores</span> <span class='ocrx_word' id='word_1_268' title='bbox 1114 1937 1170 1995; x_wconf 79' lang='lat' dir='ltr'>und</span> 
     </span>
    </p>
   </div>
   <div class='ocr_carea' id='block_1_8' title="bbox 724 2024 1253 2616">
    <p class='ocr_par' dir='ltr' id='par_1_10' title="bbox 724 2024 1253 2616">
     <span class='ocr_line' id='line_1_52' title="bbox 726 2024 1170 2103; baseline -0.002 -22"><span class='ocrx_word' id='word_1_269' title='bbox 726 2024 776 2081; x_wconf 84' lang='lat' dir='ltr'>der</span> <span class='ocrx_word' id='word_1_270' title='bbox 785 2024 1065 2103; x_wconf 74' lang='lat' dir='ltr'>Betreehtungsweise</span> <span class='ocrx_word' id='word_1_271' title='bbox 1076 2044 1111 2082; x_wconf 84' lang='lat' dir='ltr'>sn</span> <span class='ocrx_word' id='word_1_272' title='bbox 1123 2024 1170 2081; x_wconf 88' lang='lat' dir='ltr'>be·</span> 
     </span>
     <span class='ocr_line' id='line_1_53' title="bbox 724 2109 1170 2181; baseline 0.002 -14"><span class='ocrx_word' id='word_1_273' title='bbox 724 2110 910 2181; x_wconf 82' lang='lat' dir='ltr'>lebensuchte‚</span> <span class='ocrx_word' id='word_1_274' title='bbox 921 2111 1001 2168; x_wconf 79' lang='lat' dir='ltr'>theiis</span> <span class='ocrx_word' id='word_1_275' title='bbox 1006 2113 1112 2169; x_wconf 90' lang='lat' dir='ltr'>meinen</span> <span class='ocrx_word' id='word_1_276' title='bbox 1120 2109 1170 2168; x_wconf 81' lang='lat' dir='ltr'>Le·</span> 
     </span>
     <span class='ocr_line' id='line_1_54' title="bbox 724 2197 1171 2278; baseline 0.002 -22"><span class='ocrx_word' id='word_1_277' title='bbox 724 2219 788 2256; x_wconf 86' lang='lat' dir='ltr'>seru</span> <span class='ocrx_word' id='word_1_278' title='bbox 811 2197 973 2274; x_wconf 80' lang='lat' dir='ltr'>ongenehme</span> <span class='ocrx_word' id='word_1_279' title='bbox 989 2197 1171 2278; x_wconf 68' lang='lat' dir='ltr'>Ruhepunkto</span> 
     </span>
     <span class='ocr_line' id='line_1_55' title="bbox 724 2284 1170 2362; baseline 0 -20"><span class='ocrx_word' id='word_1_280' title='bbox 724 2284 805 2342; x_wconf 76' lang='lat' dir='ltr'>sheils</span> <span class='ocrx_word' id='word_1_281' title='bbox 822 2288 875 2342; x_wconf 87' lang='lat' dir='ltr'>mir</span> <span class='ocrx_word' id='word_1_282' title='bbox 890 2286 950 2342; x_wconf 90' lang='lat' dir='ltr'>eine</span> <span class='ocrx_word' id='word_1_283' title='bbox 961 2284 1100 2362; x_wconf 73' lang='lat' dir='ltr'>Erholung</span> <span class='ocrx_word' id='word_1_284' title='bbox 1110 2304 1170 2343; x_wconf 85' lang='lat' dir='ltr'>ver·</span> 
     </span>
     <span class='ocr_line' id='line_1_56' title="bbox 725 2370 1203 2433; baseline 0.002 -3"><span class='ocrx_word' id='word_1_285' title='bbox 725 2371 977 2433; x_wconf 78' lang='lat' dir='ltr'>sehaffie“.-PM</span> <span class='ocrx_word' id='word_1_286' title='bbox 987 2370 1057 2433; x_wconf 79' lang='lat' dir='ltr'>reli:</span> <span class='ocrx_word' id='word_1_287' title='bbox 1071 2373 1171 2431; x_wconf 83' lang='lat' dir='ltr'>destin-</span> <span class='ocrx_word' id='word_1_288' title='bbox 1200 2386 1203 2391; x_wconf 81' lang='grc'><em>“</em></span> 
     </span>
     <span class='ocr_line' id='line_1_57' title="bbox 725 2460 1253 2538; baseline 0 -20"><span class='ocrx_word' id='word_1_289' title='bbox 725 2462 831 2536; x_wconf 84' lang='lat' dir='ltr'>guendo</span> <span class='ocrx_word' id='word_1_290' title='bbox 849 2480 939 2538; x_wconf 87' lang='lat' dir='ltr'>opere.</span> <span class='ocrx_word' id='word_1_291' title='bbox 952 2489 986 2503; x_wconf 87' lang='lat'>-—</span> <span class='ocrx_word' id='word_1_292' title='bbox 998 2460 1048 2520; x_wconf 78' lang='lat' dir='ltr'>Pus</span> <span class='ocrx_word' id='word_1_293' title='bbox 1060 2460 1137 2522; x_wconf 68' lang='lat' dir='ltr'>heiu</span> <span class='ocrx_word' id='word_1_294' title='bbox 1150 2479 1170 2520; x_wconf 85' lang='lat' dir='ltr'>r.</span> <span class='ocrx_word' id='word_1_295' title='bbox 1250 2484 1253 2493; x_wconf 95' lang='lat'>·</span> 
     </span>
     <span class='ocr_line' id='line_1_58' title="bbox 724 2545 1121 2616; baseline 0.013 -12"><span class='ocrx_word' id='word_1_296' title='bbox 724 2548 771 2608; x_wconf 84' lang='lat' dir='ltr'>el.:</span> <span class='ocrx_word' id='word_1_297' title='bbox 789 2545 962 2607; x_wconf 80' lang='lat' dir='ltr'>deuerticulo.</span> <span class='ocrx_word' id='word_1_298' title='bbox 981 2546 1015 2605; x_wconf 82' lang='lat' dir='ltr'>ci.</span> <span class='ocrx_word' id='word_1_299' title='bbox 1034 2552 1059 2616; x_wconf 91' lang='lat'>1,</span> <span class='ocrx_word' id='word_1_300' title='bbox 1078 2552 1121 2609; x_wconf 82' lang='lat'>51.</span> 
     </span>
    </p>
   </div>
   <div class='ocr_carea' id='block_1_9' title="bbox 670 2635 1170 2714">
    <p class='ocr_par' dir='ltr' id='par_1_11' title="bbox 670 2635 1170 2714">
     <span class='ocr_line' id='line_1_59' title="bbox 670 2635 1170 2714; baseline -0.002 -23"><span class='ocrx_word' id='word_1_301' title='bbox 670 2635 697 2694; x_wconf 78' lang='grc'>3.</span> <span class='ocrx_word' id='word_1_302' title='bbox 725 2635 833 2710; x_wconf 77' lang='lat' dir='ltr'>quibus</span> <span class='ocrx_word' id='word_1_303' title='bbox 850 2653 941 2709; x_wconf 82' lang='lat' dir='ltr'>saepe</span> <span class='ocrx_word' id='word_1_304' title='bbox 951 2636 1050 2691; x_wconf 73' lang='lat' dir='ltr'>tacitis</span> <span class='ocrx_word' id='word_1_305' title='bbox 1061 2637 1170 2714; x_wconf 75' lang='lat' dir='ltr'>cogita·</span> 
     </span>
    </p>
   </div>
   <div class='ocr_carea' id='block_1_10' title="bbox 722 2721 1170 3561">
    <p class='ocr_par' dir='ltr' id='par_1_12' title="bbox 722 2721 1170 3561">
     <span class='ocr_line' id='line_1_60' title="bbox 723 2721 1169 2778; baseline 0 -2"><span class='ocrx_word' id='word_1_306' title='bbox 723 2721 853 2777; x_wconf 77' lang='lat' dir='ltr'>tionibus</span> <span class='ocrx_word' id='word_1_307' title='bbox 866 2722 1014 2778; x_wconf 83' lang='lat' dir='ltr'>uolutauit</span> <span class='ocrx_word' id='word_1_308' title='bbox 1024 2724 1169 2777; x_wconf 63' lang='lat' dir='ltr'>camum:</span> 
     </span>
     <span class='ocr_line' id='line_1_61' title="bbox 722 2804 1169 2872; baseline 0 -10"><span class='ocrx_word' id='word_1_309' title='bbox 722 2804 763 2862; x_wconf 80' lang='lat' dir='ltr'>M:</span> <span class='ocrx_word' id='word_1_310' title='bbox 782 2804 955 2872; x_wconf 80' lang='lat' dir='ltr'>„Gedenlren</span> <span class='ocrx_word' id='word_1_311' title='bbox 967 2810 1063 2863; x_wconf 85' lang='lat' dir='ltr'>womit</span> <span class='ocrx_word' id='word_1_312' title='bbox 1081 2807 1169 2870; x_wconf 75' lang='lat' dir='ltr'>dieses·</span> 
     </span>
     <span class='ocr_line' id='line_1_62' title="bbox 725 2890 1169 2965; baseline 0 -17"><span class='ocrx_word' id='word_1_313' title='bbox 725 2891 896 2965; x_wconf 79' lang='lat' dir='ltr'>Gegenstsnd</span> <span class='ocrx_word' id='word_1_314' title='bbox 914 2894 943 2950; x_wconf 90' lang='lat' dir='ltr'>in</span> <span class='ocrx_word' id='word_1_315' title='bbox 961 2892 1010 2948; x_wconf 81' lang='lat' dir='ltr'>der</span> <span class='ocrx_word' id='word_1_316' title='bbox 1023 2890 1102 2949; x_wconf 72' lang='lat' dir='ltr'>stille</span> <span class='ocrx_word' id='word_1_317' title='bbox 1120 2891 1169 2948; x_wconf 85' lang='lat' dir='ltr'>der</span> 
     </span>
     <span class='ocr_line' id='line_1_63' title="bbox 725 2977 1170 3056; baseline -0.004 -20"><span class='ocrx_word' id='word_1_318' title='bbox 725 2978 907 3056; x_wconf 80' lang='lat' dir='ltr'>Betrechtuug</span> <span class='ocrx_word' id='word_1_319' title='bbox 918 2982 989 3036; x_wconf 88' lang='lat' dir='ltr'>mein</span> <span class='ocrx_word' id='word_1_320' title='bbox 1000 2977 1116 3037; x_wconf 81' lang='lat' dir='ltr'>Gemuth</span> <span class='ocrx_word' id='word_1_321' title='bbox 1129 2979 1170 3035; x_wconf 80' lang='lat' dir='ltr'>oft</span> 
     </span>
     <span class='ocr_line' id='line_1_64' title="bbox 724 3065 1169 3144; baseline -0.002 -19"><span class='ocrx_word' id='word_1_322' title='bbox 724 3066 884 3142; x_wconf 73' lang='lat' dir='ltr'>bochrsugt</span> <span class='ocrx_word' id='word_1_323' title='bbox 893 3065 1061 3128; x_wconf 59' lang='lat' dir='ltr'>hot‘fi-Pc</span> <span class='ocrx_word' id='word_1_324' title='bbox 1070 3066 1169 3144; x_wconf 81' lang='lat' dir='ltr'>quibus</span> 
     </span>
     <span class='ocr_line' id='line_1_65' title="bbox 724 3155 1169 3232; baseline 0.002 -21"><span class='ocrx_word' id='word_1_325' title='bbox 724 3174 789 3230; x_wconf 80' lang='lat' dir='ltr'>sepe</span> <span class='ocrx_word' id='word_1_326' title='bbox 798 3157 894 3214; x_wconf 74' lang='lat' dir='ltr'>tacitus</span> <span class='ocrx_word' id='word_1_327' title='bbox 904 3155 1108 3232; x_wconf 76' lang='lat' dir='ltr'>cogitationibus</span> <span class='ocrx_word' id='word_1_328' title='bbox 1117 3162 1169 3212; x_wconf 77' lang='lat' dir='ltr'>cet.</span> 
     </span>
     <span class='ocr_line' id='line_1_66' title="bbox 725 3242 1168 3311; baseline -0.005 -12"><span class='ocrx_word' id='word_1_329' title='bbox 725 3242 769 3302; x_wconf 81' lang='lat' dir='ltr'>Gi.</span> <span class='ocrx_word' id='word_1_330' title='bbox 785 3245 830 3311; x_wconf 80' lang='grc'>30,</span> <span class='ocrx_word' id='word_1_331' title='bbox 850 3245 907 3302; x_wconf 62' lang='lat' dir='ltr'>iic</span> <span class='ocrx_word' id='word_1_332' title='bbox 918 3243 995 3300; x_wconf 77' lang='lat' dir='ltr'>&#39;haec</span> <span class='ocrx_word' id='word_1_333' title='bbox 1012 3259 1108 3311; x_wconf 75' lang='lat' dir='ltr'>secono</span> <span class='ocrx_word' id='word_1_334' title='bbox 1121 3259 1168 3300; x_wconf 85' lang='lat' dir='ltr'>vo·</span> 
     </span>
     <span class='ocr_line' id='line_1_67' title="bbox 723 3327 1169 3386; baseline -0.007 0"><span class='ocrx_word' id='word_1_335' title='bbox 723 3330 821 3386; x_wconf 66' lang='lat' dir='ltr'>lucenti</span> <span class='ocrx_word' id='word_1_336' title='bbox 842 3327 950 3386; x_wconf 80' lang='lat' dir='ltr'>Laelius</span> <span class='ocrx_word' id='word_1_337' title='bbox 974 3349 1005 3384; x_wconf 89' lang='lat' dir='ltr'>ec</span> <span class='ocrx_word' id='word_1_338' title='bbox 1027 3327 1169 3385; x_wconf 68' lang='lat' dir='ltr'>Masinissa</span> 
     </span>
     <span class='ocr_line' id='line_1_68' title="bbox 722 3414 1168 3490; baseline -0.002 -18"><span class='ocrx_word' id='word_1_339' title='bbox 722 3426 942 3490; x_wconf 83' lang='lat' dir='ltr'>supervenerunt.</span> <span class='ocrx_word' id='word_1_340' title='bbox 955 3448 988 3460; x_wconf 90' lang='lat'><em>-</em></span> <span class='ocrx_word' id='word_1_341' title='bbox 1001 3414 1038 3472; x_wconf 69' lang='lat' dir='ltr'>Pr</span> <span class='ocrx_word' id='word_1_342' title='bbox 1050 3433 1095 3471; x_wconf 81' lang='lat' dir='ltr'>ess</span> <span class='ocrx_word' id='word_1_343' title='bbox 1104 3432 1168 3471; x_wconf 85' lang='lat' dir='ltr'>ouo·</span> 
     </span>
     <span class='ocr_line' id='line_1_69' title="bbox 724 3500 1167 3561; baseline 0 -3"><span class='ocrx_word' id='word_1_344' title='bbox 724 3512 767 3558; x_wconf 83' lang='lat' dir='ltr'>cut</span> <span class='ocrx_word' id='word_1_345' title='bbox 784 3504 814 3559; x_wconf 92' lang='lat' dir='ltr'>iu</span> <span class='ocrx_word' id='word_1_346' title='bbox 832 3503 957 3561; x_wconf 84' lang='lat' dir='ltr'>medium.</span> <span class='ocrx_word' id='word_1_347' title='bbox 987 3500 1026 3559; x_wconf 76' lang='lat' dir='ltr'>ul:</span> <span class='ocrx_word' id='word_1_348' title='bbox 1052 3520 1097 3558; x_wconf 84' lang='lat' dir='ltr'>ess</span> <span class='ocrx_word' id='word_1_349' title='bbox 1120 3521 1167 3559; x_wconf 91' lang='lat' dir='ltr'>uo·</span> 
     </span>
    </p>
   </div>
   <div class='ocr_carea' id='block_1_11' title="bbox 724 3588 1294 3665">
    <p class='ocr_par' dir='ltr' id='par_1_13' title="bbox 724 3588 1294 3665">
     <span class='ocr_line' id='line_1_70' title="bbox 724 3588 1294 3665; baseline -0.014 -18"><span class='ocrx_word' id='word_1_350' title='bbox 724 3594 777 3648; x_wconf 73' lang='lat' dir='ltr'>euti</span> <span class='ocrx_word' id='word_1_351' title='bbox 807 3601 838 3647; x_wconf 88' lang='lat' dir='ltr'>ut</span> <span class='ocrx_word' id='word_1_352' title='bbox 867 3609 977 3665; x_wconf 72' lang='lat' dir='ltr'>querere</span> <span class='ocrx_word' id='word_1_353' title='bbox 1006 3588 1097 3650; x_wconf 71' lang='lat' dir='ltr'>libent.</span> <span class='ocrx_word' id='word_1_354' title='bbox 1132 3619 1167 3631; x_wconf 92' lang='lat'><em>-</em></span> <span class='ocrx_word' id='word_1_355' title='bbox 1286 3626 1294 3639; x_wconf 44' lang='lat' dir='ltr'>c</span> 
     </span>
    </p>
   </div>
   <div class='ocr_carea' id='block_1_12' title="bbox 722 3676 1169 3824">
    <p class='ocr_par' dir='ltr' id='par_1_14' title="bbox 722 3676 1169 3824">
     <span class='ocr_line' id='line_1_71' title="bbox 723 3676 1169 3754; baseline 0.002 -20"><span class='ocrx_word' id='word_1_356' title='bbox 723 3677 800 3734; x_wconf 80' lang='lat' dir='ltr'>Multi</span> <span class='ocrx_word' id='word_1_357' title='bbox 827 3697 896 3736; x_wconf 82' lang='lat' dir='ltr'>recc.</span> <span class='ocrx_word' id='word_1_358' title='bbox 924 3676 1018 3739; x_wconf 65' lang='lat' dir='ltr'>cocleis</span> <span class='ocrx_word' id='word_1_359' title='bbox 1045 3680 1169 3754; x_wconf 77' lang='lat' dir='ltr'>quisnam</span> 
     </span>
     <span class='ocr_line' id='line_1_72' title="bbox 722 3773 843 3824; baseline 0.025 -3"><span class='ocrx_word' id='word_1_360' title='bbox 722 3773 843 3824; x_wconf 81' lang='lat' dir='ltr'>euentus.</span> 
     </span>
    </p>
   </div>
   <div class='ocr_carea' id='block_1_13' title="bbox 652 3851 1168 4010">
    <p class='ocr_par' dir='ltr' id='par_1_15' title="bbox 652 3851 1168 4010">
     <span class='ocr_line' id='line_1_73' title="bbox 669 3851 1168 3926; baseline -0.006 -17"><span class='ocrx_word' id='word_1_361' title='bbox 669 3853 696 3911; x_wconf 81' lang='lat'>8.</span> <span class='ocrx_word' id='word_1_362' title='bbox 715 3852 847 3924; x_wconf 78' lang='lat' dir='ltr'>fortuna</span> <span class='ocrx_word' id='word_1_363' title='bbox 856 3871 911 3926; x_wconf 81' lang='lat' dir='ltr'>per</span> <span class='ocrx_word' id='word_1_364' title='bbox 927 3853 1026 3908; x_wconf 83' lang='lat' dir='ltr'>omnia</span> <span class='ocrx_word' id='word_1_365' title='bbox 1037 3851 1168 3908; x_wconf 77' lang='lat' dir='ltr'>humano</span> 
     </span>
     <span class='ocr_line' id='line_1_74' title="bbox 652 3938 1168 4010; baseline -0.004 -16"><span class='ocrx_word' id='word_1_366' title='bbox 652 3947 655 3953; x_wconf 89' lang='lat'>&#39;</span> <span class='ocrx_word' id='word_1_367' title='bbox 723 3941 854 3995; x_wconf 73' lang='lat' dir='ltr'>maxime</span> <span class='ocrx_word' id='word_1_368' title='bbox 872 3941 902 3994; x_wconf 86' lang='lat' dir='ltr'>in</span> <span class='ocrx_word' id='word_1_369' title='bbox 920 3959 969 3996; x_wconf 78' lang='lat' dir='ltr'>reo</span> <span class='ocrx_word' id='word_1_370' title='bbox 982 3938 1105 3994; x_wconf 72' lang='lat' dir='ltr'>bellicae</span> <span class='ocrx_word' id='word_1_371' title='bbox 1115 3955 1168 4010; x_wconf 83' lang='lat' dir='ltr'>po·</span> 
     </span>
    </p>
   </div>
   <div class='ocr_carea' id='block_1_14' title="bbox 722 4020 1167 4171">
    <p class='ocr_par' dir='ltr' id='par_1_16' title="bbox 722 4020 1167 4171">
     <span class='ocr_line' id='line_1_75' title="bbox 722 4020 1167 4101; baseline 0 -22"><span class='ocrx_word' id='word_1_372' title='bbox 722 4035 806 4082; x_wconf 81' lang='lat' dir='ltr'>tens:</span> <span class='ocrx_word' id='word_1_373' title='bbox 824 4024 884 4081; x_wconf 79' lang='lat' dir='ltr'>Pul:</span> <span class='ocrx_word' id='word_1_374' title='bbox 911 4023 982 4093; x_wconf 81' lang='lat' dir='ltr'>„des</span> <span class='ocrx_word' id='word_1_375' title='bbox 1001 4021 1100 4101; x_wconf 67' lang='lat' dir='ltr'>(ilici,</span> <span class='ocrx_word' id='word_1_376' title='bbox 1118 4020 1167 4079; x_wconf 68' lang='lat' dir='ltr'>del</span> 
     </span>
     <span class='ocr_line' id='line_1_76' title="bbox 724 4105 1167 4171; baseline -0.002 -4"><span class='ocrx_word' id='word_1_377' title='bbox 724 4114 753 4169; x_wconf 88' lang='lat' dir='ltr'>in</span> <span class='ocrx_word' id='word_1_378' title='bbox 781 4111 851 4171; x_wconf 84' lang='lat' dir='ltr'>ollen</span> <span class='ocrx_word' id='word_1_379' title='bbox 876 4109 1076 4170; x_wconf 83' lang='lat' dir='ltr'>menschlichen</span> <span class='ocrx_word' id='word_1_380' title='bbox 1101 4105 1167 4168; x_wconf 71' lang='lat' dir='ltr'>Ver·</span> 
     </span>
    </p>
   </div>
   <div class='ocr_carea' id='block_1_15' title="bbox 924 4200 977 4267">
    <p class='ocr_par' dir='ltr' id='par_1_17' title="bbox 924 4200 977 4267">
     <span class='ocr_line' id='line_1_77' title="bbox 924 4200 977 4267; baseline 0.019 -1"><span class='ocrx_word' id='word_1_381' title='bbox 924 4200 977 4267; x_wconf 64' lang='lat' dir='ltr'>‘oi</span> 
     </span>
    </p>
   </div>
   <div class='ocr_carea' id='block_1_16' title="bbox 0 0 1315 4590">
    <p class='ocr_par' dir='ltr' id='par_1_18' title="bbox 0 0 1315 4590">
     <span class='ocr_line' id='line_1_78' title="bbox 0 0 1315 4590; baseline 0 0"><span class='ocrx_word' id='word_1_382' title='bbox 0 0 1315 4590; x_wconf 95' lang='lat' dir='ltr'> </span> 
     </span>
    </p>
   </div>
  </div>
 </body>
</html>
