2618 4590
628 224 740 289 uum
757 224 828 290 vul.

166 215 235 285 362

153 415 247 467 nare
270 391 393 459 Romae
415 391 564 458 sedentes
585 384 730 481 poluisse
751 388 830 482 quid
855 358 889 456 ir
918 389 1027 457 castris
1055 389 1181 456 consuli
1212 389 1275 458 vitii

172 496 372 568 obvenisset:
396 495 447 563 cui
468 519 535 562 nou
555 517 720 585 apparere,
742 494 830 584 quod
852 493 998 583 plebeius
1014 495 1150 562 dictator·
1172 490 1224 577 sit,
1245 495 1273 561 id

170 602 282 670 vitium
314 599 484 690 auguribus
514 600 640 668 visum?
674 599 757 667 haee
784 600 909 691 aliaque
937 599 978 666 ab
1005 599 1138 667 tribunis
1168 600 1273 690 nequi-

169 731 269 797 quam
290 705 421 773 iactata:
460 716 570 773 tamen
597 706 637 772 ad
664 704 881 794 interregnum
908 728 960 771 res
988 704 1080 770 rediit
1107 704 1272 795 dilatisque

15 848 21 869 =
138 811 349 901 saliuntque
373 810 434 880 alia
457 810 497 879 de
520 833 617 879 causa
645 809 781 878 comitiis
810 820 941 899 quartus
965 810 1120 877 decumus
1145 810 1273 877 demum

166 916 306 987 interrex
328 915 365 984 L.
387 915 543 984 Aemilius
571 915 720 983 consules
750 925 839 983 creat
859 914 897 986 C.
918 914 1099 983 Poetelium
1113 913 1164 987 la.
1187 915 1272 1006 Papi-

126 1073 131 1082 .
166 1019 249 1090 rium
271 1020 486 1110 Mugilanum:
510 1019 684 1088 Cursorem
705 1019 737 1085 in
760 1019 828 1085 aliis
852 1020 1020 1086 annalibus
1044 1019 1184 1101 invenio.

253 1123 375 1198 XXIV.
419 1124 547 1191 Eodem
570 1148 653 1194 anno
676 1123 913 1191 Alexandream
941 1123 973 1194 in
995 1124 1143 1215 Aegypto
1171 1127 1272 1216 prodi-

165 1238 235 1297 tum
259 1228 420 1297 conditam
434 1227 717 1318 Alexandrumque
733 1227 822 1320 Epiri
838 1253 946 1320 regem
970 1228 1011 1297 ab
1030 1229 1126 1296 exule
1143 1228 1272 1300 Lucano

119 1349 154 1405 10
165 1333 369 1401 interfectum
390 1344 493 1401 sortes
510 1332 680 1402 Dodonaei
694 1334 777 1407 Iovis
801 1346 919 1402 eventu
940 1334 1136 1402 adfirmasse.
1173 1335 1272 1402 accito

165 1438 207 1504 ab
230 1438 410 1509 'Ferentinis
431 1437 465 1505 in
487 1436 610 1505 ltaliam
638 1438 712 1505 data
741 1439 836 1510 dictio
865 1450 950 1522 erat,
983 1450 1112 1508 caveret
1133 1438 1272 1506 Acheru-

166 1542 248 1609 siam
269 1566 387 1633 aquam
409 1541 667 1633 Pandosiamque
689 1542 818 1628 urbem,
848 1543 893 1610 ibi
915 1542 988 1611 fatis
1001 1543 1079 1612 leius
1102 1545 1273 1611 tenninum

156 1647 247 1719 dari:
277 1671 383 1739 eoque
407 1648 497 1716 ocius
520 1634 786 1715 transmisisse'in
807 1647 930 1716 ltaliam
952 1659 989 1716 ut
1011 1673 1111 1740 quam
1133 1650 1272 1716 maxime

162 1750 278 1845 procul
301 1752 429 1825 abesset
450 1752 532 1825 urbe
552 1751 712 1822 Pandosia
732 1751 766 1825 in
787 1751 885 1844 Epiro
915 1765 949 1821 ct
969 1753 1155 1823 Acheronte
1179 1754 1273 1836 amni,

233 1893 310 1963 ptum
328 1894 370 1940 ost
387 1886 416 1943 in
433 1883 473 1945 M:
500 1885 544 1946 cai
563 1903 617 1941 non
636 1904 682 1965 ap·
824 1883 956 1943 firmasse.
991 1883 1067 1944 Harl.
1086 1905 1119 1942 1.:
1147 1885 1274 1943 dodonec

159 2008 163 2014 -
232 1992 338 2050 perere.
823 1972 896 2028 iouis
914 1982 1021 2033 euentu.

151 2138 155 2145 ι
178 2061 206 2117 3.
232 2059 681 2137 haeeoliapueabtribunisna-
752 2060 796 2118 11.
818 2060 1273 2138 enuereiAclterusiamaquam:

151 2150 154 2155 '
235 2148 379 2224 quiquam
405 2149 529 2204 metato:
558 2144 616 2205 PM.
645 2175 680 2194 -ι-
820 2145 986 2211 P.-Harl.
999 2166 1016 2203 1.
1032 2145 1111 2206 Leid.
1125 2169 1144 2209 1.
1162 2148 1211 2207 ab:
1230 2169 1272 2204 ca-

179 2322 206 2381 c
231 2232 644 2382 l‘lttltft‘t'tmbr.
662 2337 680 2383 1,
823 2234 1270 2404 tzsstt⁰i¹23¹53÷.t“‘t..lt

234 2407 285 2479 al]
304 2426 347 2463 res
367 2407 437 2462 redit
454 2406 492 2475 (P
510 2427 545 2464 m.
564 2407 590 2464 P.
609 2405 662 2474 M).
822 2407 892 2471 Lov.
918 2413 959 2470 A:
994 2421 1103 2469 caueret
1132 2410 1271 2468 acherusia

179 2497 206 2553 t.
234 2503 361 2570 quartus
390 2494 532 2550 decumus
563 2494 681 2550 demum

231 2583 367 2641 interrex
383 2582 419 2641 L.
437 2582 584 2639 Aemilius
602 2587 679 2642 cosi.

232 2677 330 2726 creat:
356 2667 395 2741 P]
423 2679 535 2751 quartam
558 2668 679 2724 decimus

230 2766 282 2816 eet.
300 2755 370 2828 (M).
382 2788 416 2803 -·-
435 2754 510 2818 Harl.
525 2775 544 2815 1.
556 2755 633 2813 Laid.
646 2775 679 2813 1.:

212 2888 217 2895 .
229 2855 342 2922 quanm
355 2844 485 2905 decamus
497 2876 532 2893 «-
543 2843 576 2904 L.
588 2845 678 2900 Aemi·

167 2987 170 2991 ,
196 2966 199 2971 -
229 2931 678 2995 bnscoasuloreatus.-—M:coss.

776 2570 779 2579 ι
821 2518 890 2574 aqua
916 2498 1105 2578 pandosiaqne
1133 2499 1208 2559 arbe.
1236 2530 1269 2539 —

822 2584 845 2641 P
863 2606 901 2647 m.
921 2589 958 2645 l.:
981 2587 1020 2645 ibi
1039 2586 1120 2643 lactis
1139 2588 1197 2642 eius
1216 2594 1269 2640 ter-

821 2674 924 2730 minum
937 2672 1005 2730 dari.
1022 2672 1046 2730 P
1058 2695 1094 2733 m.
1109 2678 1135 2733 P.
1144 2672 1185 2729 M:
1197 2673 1269 2731 latis.

751 2760 794 2821 13.
820 2781 917 2836 eoque
928 2764 1011 2821 amno
1023 2756 1229 2819 transmisisse
1239 2762 1271 2815 in

818 2849 957 2907 ltaliam,-
978 2849 1005 2911 tl
1029 2849 1097 2913 bor.
1115 2850 1158 2920 4.]
1184 2867 1270 2923 eoque

821 2937 897 2992 caim
902 2938 1051 2993 transmisit
1057 2942 1123 3003 cca(
1128 2934 1149 2990 P
1153 2943 1173 3002 l.
1180 2965 1214 2975 -
1224 2934 1269 2990 Ex

175 3058 180 3067 ·
229 3029 304 3077 creat
322 3041 345 3078 e.
357 3019 488 3096 petilium.
506 3018 524 3076 l.
542 3021 678 3097 papirium

228 3107 401 3181 mugilianum
413 3125 552 3162 cursorem
570 3109 598 3162 in
617 3105 678 3163 aliis

228 3196 290 3255 am!
307 3191 414 3250 nalibus
435 3194 555 3251 inuenio.
584 3193 623 3250 P:
652 3201 676 3254 ἓ.

169 3290 172 3295 ’
227 3280 371 3359 petillium.
396 3279 415 3346 l.
439 3283 574 3358 papirium
591 3282 676 3358 mugi-

227 3370 319 3429 laaam
343 3388 480 3426 cursorem
503 3371 532 3426 in
550 3369 611 3426 aliis
629 3390 676 3425 sn·

227 3457 335 3515 nalitus
353 3459 472 3519 inuenio.
509 3456 553 3518 Cf.
570 3462 598 3526 7,
619 3460 676 3519 11.:

228 3543 263 3604 Ο.
285 3544 421 3605 Poetelius
444 3545 555 3604 Balbus.
591 3547 625 3615 l,
647 3548 675 3605 7.

226 3634 283 3693 30.:
301 3633 333 3694 1..
348 3632 485 3709 Papirium
502 3632 674 3707 Mugilanum.

171 3724 199 3781 8.
226 3720 455 3780 Alexandream
482 3722 514 3776 in
536 3724 674 3800 Aegypta

93 3832 98 3844 ·
223 3808 376 3891 proditum
395 3809 562 3867 conditam:
585 3808 615 3868 P.
638 3837 674 3850 -

224 3896 269 3957 Ma
287 3894 473 3952 alexandream
483 3898 512 3952 in
524 3898 613 3974 egipto
626 3916 673 3973 pe·

223 3984 283 4043 dito
302 3983 446 4041 conditam.
473 4013 504 4024 -
532 3983 596 4042 PM:
614 4003 672 4039 sora

223 4081 266 4129 tes
284 4070 404 4132 dtdonei
420 4072 493 4129 iouis
510 4081 608 4130 euentu
626 4070 672 4127 ad·

819 3024 911 3101 priore
921 3026 1072 3099 proditum
1083 3020 1269 3111 supplendum

819 3118 862 3167 est
872 3110 991 3182 serunt.
1010 3111 1044 3172 el.
1051 3114 1079 3178 8,
1087 3113 1236 3186 uaequos.
1287 3116 1290 3121 '

751 3197 795 3258 ll.
822 3206 852 3254 et
861 3197 1030 3260 Acheronte
1041 3199 1138 3256 amni:
1156 3197 1182 3254 M
1195 3219 1231 3256 m.
1241 3200 1266 3255 2.

818 3314 853 3333 κ-
874 3284 902 3341 M
920 3307 956 3345 m.
977 3291 1001 3346 1.
1020 3287 1055 3343 P:
1080 3296 1107 3342 et
1124 3283 1267 3341 aebereute

819 3375 901 3432 amni.
927 3372 1005 3434 Leid.
1024 3394 1056 3433 ι..
1075 3383 1103 3430 et
1119 3372 1265 3429 acheronta

818 3461 899 3520 amni.
934 3493 969 3504 -
1008 3460 1072 3518 PM:
1108 3468 1198 3536 ‘rpuem
1227 3478 1266 3514 ex

818 3551 983 3607 molosside
1000 3552 1159 3624 fluentem.
1196 3546 1265 3606 Cod.

816 3634 926 3693 Kloelas
958 3658 1037 3714 quem
1068 3657 1104 3693 ex
1132 3632 1265 3693 molosida

817 3723 953 3785 fluentem.
982 3724 1215 3801 Leid.1.:·qnem
1233 3741 1266 3777 ex

816 3811 928 3869 molossi
947 3812 1119 3870 defluentem.
1141 3809 1215 3869 Harl.
1232 3828 1263 3866 n:

816 3919 896 3975 quern
920 3919 953 3956 ex
976 3898 1074 3956 malosi
1092 3899 1263 3955 defluentem.

799 4016 852 4067 .‘''
876 3986 904 4044 M
926 3985 995 4048 Lov.
1013 3990 1052 4052 A:
1077 3986 1275 4064 thesprotinus.

813 4073 898 4134 ainus.
