2618 4590
49 184 53 195 ’
153 213 234 283 ano
607 225 717 289 nunu
735 225 805 289 nn.

161 391 353 482 benignitate
375 401 452 459 tunc
472 388 599 459 Latium
621 388 717 457 arms
739 387 879 479 virisque
893 368 1089 455 Samnitibus
1110 385 1200 453 bello
1222 384 1265 453 vi-

71 640 75 654 ·
160 600 274 668 iunctis
296 598 458 683 videretis,
485 599 628 669 colonias
649 623 781 690 quoque
803 609 925 667 vestras
946 597 1096 665 Latinum
1116 596 1262 665 Romano

158 705 347 796 praetulisse
381 702 561 794 imperium.
605 704 665 771 scd
693 702 846 794 quoniam
879 725 939 770 vos
972 725 1071 793 regno
1107 699 1261 792 inpotenti

123 820 141 876 5
158 810 258 875 finem
278 820 316 876 ut
329 807 488 898 inponatis
502 830 569 876 non
583 806 731 875 inducitis
745 807 780 875 in
800 806 950 889 animum,
972 830 1041 889 nos,
1065 829 1261 898 quamquam

158 911 255 979 armis
277 937 449 1003 possumus
472 914 619 981 adserere
642 910 822 980 Latiumin
851 911 1046 994 libertatem,
1078 909 1262 1000 consangui

157 1016 248 1085 muti
269 1028 378 1087 tamen
399 1019 464 1086 hoc
487 1017 633 1087 dabimus
654 1028 692 1084 ut
713 1017 917 1087 condiciones
938 1014 1027 1106 pacis
1049 1014 1191 1083 feramus
1213 1039 1262 1083 ae-

157 1145 239 1212 quas
261 1123 420 1214 utrisque,
449 1121 602 1213 quoniam
623 1120 707 1189 vires
729 1145 861 1213 quoque
884 1120 1013 1211 aequari
1035 1119 1093 1188 diis
1114 1120 1263 1189 inmorta-

157 1225 242 1292 libus
270 1226 407 1318 placuitz
445 1228 612 1297 consulem
640 1226 776 1297 alterum
801 1226 906 1293 Roma
937 1223 1073 1294 alterum
1102 1249 1145 1292 ex
1171 1223 1262 1292 Latio

113 1330 259 1399 mereari
289 1342 431 1422 oportet,
465 1342 595 1399 senatus
621 1342 747 1422 partem
773 1354 911 1422 aequam
938 1354 981 1398 ex
1006 1341 1143 1420 utraque
1169 1341 1264 1420 gente

158 1455 248 1517 csse,
275 1458 376 1505 unum
404 1436 564 1528 populum
589 1460 689 1503 unam
714 1460 784 1505 rem
810 1435 974 1527 publicam
998 1434 1080 1502 fieri:
1108 1446 1142 1503 et
1161 1472 1207 1484 -
1228 1444 1266 1501 nt

157 1538 281 1630 imperii
302 1541 416 1607 eadem
437 1540 531 1610 sedes
552 1540 594 1609 sit
614 1541 765 1632 idemque
797 1540 945 1609 omnibus
973 1562 1094 1607 nomen
1114 1577 1160 1591 -
1187 1564 1266 1631 quo-

76 1678 80 1689 ·
158 1642 245 1713 niam
267 1644 307 1709 ab
331 1643 522 1713 alterautra
544 1657 635 1735 parte
657 1646 947 1715 concedinecesse
970 1656 1034 1728 est,
1062 1645 1151 1735 quod
1174 1644 1266 1713 utris·

159 1772 223 1839 quo
250 1749 334 1816 bene
361 1760 479 1833 vemt,
516 1749 558 1818 sit
585 1750 668 1819 haec
695 1775 774 1821 sana
802 1750 905 1842 patria
933 1749 1039 1842 potior
1067 1759 1100 1816 et
1127 1747 1267 1816 Romani

231 1889 298 1945 tium
317 1890 398 1945 armis
419 1889 539 1966 virisque
556 1889 619 1963 (P).
641 1922 677 1939 —·
764 1892 792 1954 ⁴.
818 1891 877 1950 aed
888 1899 938 1968 qm
950 1910 1004 1947 noa
1018 1909 1111 1969 reguo
1124 1890 1273 1964 inpotenti

236 1976 362 2050 Tcnzpus
382 1986 447 2032 erut
465 1987 492 2032 et
508 1997 586 2034 nunc
603 1978 678 2054 quod

228 2065 351 2138 sequitur
384 2063 510 2122 uidentur
538 2064 677 2141 postulare

228 2159 300 2207 tunc
320 2151 339 2212 i.
363 2170 386 2209 a.
413 2171 446 2207 on
473 2160 596 2229 tempore
622 2173 677 2229 qno

229 2236 363 2295 Samnites
382 2237 453 2294 bello
466 2242 532 2296 vicii
547 2250 622 2296 sunt:
641 2242 678 2297 ei·

229 2323 678 2400 queparticulaerespoudetnunc

231 2411 266 2467 de
292 2413 442 2467 novissimo
472 2411 520 2468 iilo
547 2422 677 2488 tompore,

230 2516 284 2570 qno
312 2499 392 2554 ctiam
421 2496 516 2555 Vulsci
546 2499 677 2556 Sidicinis

230 2581 430 2662 Campanisque
460 2586 579 2644 adiuncti
614 2596 679 2644 sunt

229 2673 306 2727 socii.
342 2669 452 2741 „Wohl
473 2694 533 2729 war
554 2693 583 2731 es
608 2673 676 2743 zeii,

228 2758 305 2815 nicht
327 2759 404 2817 mehr
428 2759 477 2817 auf
499 2762 560 2817 cine
586 2761 677 2817 besch-

227 2845 413 2906 lendeWcise
430 2851 481 2907 mit
498 2869 549 2906 uns
566 2869 600 2909 zu
617 2869 677 2909 vcr-

228 2934 331 3002 sahnen‚
353 2935 388 2992 da
405 2936 449 2993 ihr
466 2934 573 2995 Latium
591 2935 677 2994 durch

228 3021 273 3077 die
292 3021 386 3077 Gnade
409 3024 458 3078 den
476 3023 572 3081 beten
592 3023 677 3079 sehon

229 3107 299 3163 nach
311 3109 360 3162 der
372 3109 523 3180 Besiegung
539 3108 587 3163 der
600 3108 676 3164 Sam·

229 3195 313 3261 niteo,
324 3193 381 3249 und
391 3196 456 3267 jebzt
464 3191 595 3249 naehdam
607 3193 676 3249 auch

228 3280 274 3337 die
291 3279 406 3338 Volsier
424 3280 483 3337 oieb
501 3279 563 3341 dem
580 3278 677 3335 Bunde

229 3368 279 3427 den
296 3369 433 3426 Sidiciner
450 3367 507 3427 und
525 3365 677 3442 Campanae

226 3458 277 3512 mit
303 3476 355 3513 uns
377 3455 518 3532 anganellt,
546 3474 578 3512 so
601 3452 677 3512 reich

228 3563 263 3598 au
275 3543 434 3600 streitbancn
447 3543 575 3599 dibnncrn
592 3541 677 3599 seben

227 3627 347 3697 konntat,
360 3632 386 3703 ja
397 3629 460 3688 dass
471 3630 539 3687 auch
548 3650 612 3688 eura
622 3627 678 3685 Co·

226 3712 319 3770 louien
340 3715 388 3772 der
408 3716 582 3775 Latinisehen
595 3717 677 3775 Herr-

225 3800 315 3858 nchast
327 3822 376 3859 vor
389 3803 437 3859 der
446 3804 609 3862 Romischen
623 3803 675 3861 den

226 3887 334 3964 Vorzug
346 3891 539 3965 gegebeu‘ss—
554 3892 588 3949 P:
602 3911 673 3947 cam-

223 3979 374 4054 paniisque.
385 4009 418 4019 -
428 3976 495 4035 Pu:
510 3999 582 4039 nunc
593 3981 673 4036 etiam

224 4063 326 4123 uulaeia
344 4063 488 4139 adiunctis.
503 4078 506 4087 ·

812 1979 912 2056 finem
930 1986 962 2035 ut
978 1979 1127 2052 inponatis
1145 1997 1207 2033 non
1224 1980 1267 2033 in·

819 2065 929 2123 ducitis
952 2067 984 2123 in
1007 2067 1153 2121 animum.-
1171 2063 1203 2124 Ρ.
1234 2095 1268 2106 ·-

819 2150 861 2213 bl:
882 2152 931 2209 aed
950 2156 996 2227 q1ii
1012 2170 1063 2208 uos
1081 2170 1164 2226 regno
1189 2154 1267 2230 inpo-

819 2242 887 2296 tenti
899 2239 981 2295 {inem
995 2247 1025 2294 nt
1036 2240 1205 2316 inponamus
1216 2249 1268 2299 cot.

819 2359 854 2371 -
872 2327 907 2383 P:
927 2344 1088 2403 quamquam
1103 2328 1186 2385 armis
1204 2346 1268 2402 pos·

818 2434 912 2474 sumus
930 2415 1053 2470 adserere
1077 2411 1173 2469 latium
1189 2415 1218 2469 in
1236 2412 1269 2470 li·

817 2501 957 2563 bertatem.
975 2500 1017 2559 bl:
1036 2502 1065 2556 in
1083 2498 1218 2560 libertate.
1232 2531 1268 2547 ι-

821 2587 844 2647 Ρ
861 2609 898 2648 m.
918 2593 957 2647 1.:
976 2589 1158 2647 conditiones.

765 2676 793 2735 8.
821 2685 871 2754 qni
897 2678 978 2733 uires
1001 2695 1121 2751 quoque
1142 2677 1272 2751 aequati

820 2763 880 2821 diis
907 2764 1113 2820 inmortalibus
1138 2764 1270 2838 placuita

817 2848 878 2910 PM.
904 2882 939 2894 -
963 2848 1033 2913 Cod.
1061 2848 1133 2926 δὶς..
1160 2848 1270 2927 quando

819 2940 892 2995 uires
912 2958 1020 3014 quoque
1038 2947 1089 2997 cet.

765 3026 792 3084 9.
820 3027 1207 3085 conaulcmoltcrnmromo
1222 3023 1270 3079 al·

818 3120 914 3169 terum
933 3134 974 3170 ex
985 3115 1058 3173 latio
1072 3111 1169 3169 cneori
1184 3130 1272 3184 opor-

818 3206 875 3255 tet:
893 3198 916 3253 P
933 3199 1007 3258 Harl.
1019 3219 1037 3260 1.
1050 3230 1086 3242 -
1098 3198 1138 3257 ni:
1156 3217 1271 3257 romam.

821 3283 954 3345 Leid.1.:
976 3294 1060 3349 romi.
1089 3285 1172 3346 Rccc.
1195 3285 1271 3363 quid.

821 3371 919 3434 codd:
942 3394 1053 3433 romae:
1079 3372 1129 3430 scd
1152 3394 1193 3431 ex
1208 3395 1272 3451 pcr-

819 3460 888 3516 iinet
905 3463 985 3517 etiam
1003 3462 1038 3518 ad
1055 3462 1163 3521 Romu.
1192 3461 1226 3520 cf.
1246 3464 1272 3530 1,

819 3550 877 3607 os:
897 3569 957 3606 cum
975 3549 1006 3606 P.
1025 3547 1143 3609 Valerio.
1165 3551 1193 3618 6,
1212 3550 1272 3608 ao:

819 3635 850 3691 in
878 3635 964 3692 oculis
986 3646 1066 3714 atque
1094 3636 1213 3696 auribus.
1238 3634 1273 3695 ai.

818 3721 953 3778 -Paulo
975 3735 1039 3802 posi
1066 3722 1129 3780 Pu:
1153 3730 1225 3800 „qm
1239 3723 1274 3780 da

820 3809 919 3865 altera
931 3820 998 3879 utta
1008 3820 1084 3887 parte
1098 3811 1213 3869 concedi
1227 3832 1274 3867 nc-

816 3914 891 3952 eesse
900 3904 973 3958 cst“.
986 3899 1028 3957 Ex
1038 3899 1081 3954 his
1091 3900 1183 3957 verbis
1194 3898 1275 3955 facile

815 3983 936 4059 suppleri
964 3994 1056 4064 polest
1080 3988 1275 4044 concedimus

816 4068 851 4128 ad
861 4091 938 4149 seqq.
951 4076 991 4132 aii
1002 4073 1077 4132 haec
1087 4076 1190 4150 patrio
1201 4083 1256 4136 cet.
