2618 4590
150 208 305 315 496¹
619 250 793 313 sunau

152 431 263 489 tamen
290 429 365 487 sunt
390 414 528 485 Romani
555 411 768 484 Macedonem
799 414 929 483 hostem
961 413 1131 483 adversus
1165 400 1257 483 nato

152 524 250 593 chum
270 522 455 614 Philippum
476 520 596 589 Persen
617 543 683 588 nou
704 519 803 589 modo
832 543 908 588 cum
929 517 1023 587 clade
1050 520 1130 587 ulla
1152 521 1214 588 sed
1230 543 1257 587 ns

152 652 228 698 oum
257 627 399 721 periculo
428 624 560 718 quidem
587 648 659 692 suo.
697 624 781 694 absit
806 623 922 693 invidia
955 624 1062 693 verbo
1096 636 1137 694 et
1172 624 1256 694 eivtir

220 795 441 873 praetermissum
459 801 517 848 erat
528 790 585 850 sed
598 792 670 848 iuter

220 903 238 940 a
249 903 281 939 e.-
290 881 388 951 ,rebus
398 881 472 959 exuti
481 888 570 937 tamon
579 882 669 937 sunt“.

221 968 317 1025 -1’2
340 966 522 1025 anthiochum.
545 997 581 1008 -
607 962 669 1021 PM:

220 1075 339 1132 persen.
382 1055 550 1131 Quamquam
574 1052 670 1109 Livius

222 1144 405 1200 accusativum
421 1141 536 1199 Perseo
553 1149 581 1197 ot
598 1139 669 1197 abla-

222 1231 310 1287 tivum
322 1228 435 1287 Perseo
454 1228 573 1286 scribare
590 1226 669 1296 solat,

223 1326 313 1374 tamen
323 1315 397 1372 idem
409 1315 543 1373 interdum
557 1323 586 1371 st
595 1313 669 1371 Per·

223 1423 280 1461 ssu
296 1411 324 1459 ot
340 1403 434 1461 Peras
451 1402 511 1473 (42,
524 1402 585 1471 26.)
602 1403 669 1458 sori-

222 1489 287 1566 psit.
315 1508 378 1546 nam
401 1491 452 1556 ts,
474 1491 501 1548 5.
528 1507 583 1565 quo
607 1487 668 1544 loco

223 1576 254 1632 iu
280 1575 343 1638 sod.
365 1574 582 1634 laurishamensi
603 1595 670 1651 per·

222 1681 298 1719 asan
333 1664 502 1734 invenimus,
541 1662 670 1737 librarius

223 1757 366 1828 utramque
382 1749 496 1809 formam
514 1760 542 1808 ot
562 1770 671 1827 persea

222 1845 251 1894 st
275 1858 384 1913 persen
413 1840 443 1896 in
472 1837 671 1915 antiquioribus

223 1922 303 1982 libris
320 1935 382 1983 suto
394 1924 487 1982 oculos
499 1925 605 1983 vitetur
624 1923 670 1981 ha·

224 2012 326 2074 burae.
344 2043 379 2058 -
397 2011 458 2072 Ptlz
478 2033 564 2082 „nou
580 2013 671 2069 modo

223 2092 285 2158 suni
303 2099 380 2158 clads
397 2101 463 2158 ullo
483 2098 534 2157 sed
554 2119 592 2157 ne
609 2119 671 2157 sum

222 2185 344 2262 periculo
373 2187 494 2262 quidem
523 2192 603 2246 suo“.
638 2185 671 2242 ln

91 2284 94 2291 ’
222 2271 289 2331 Pall.
309 2276 334 2332 1.
351 2275 378 2331 ³.
396 2271 464 2332 Lov.
481 2275 508 2332 4.
525 2273 671 2351 multisque

222 2356 258 2417 nl.
279 2356 359 2416 codd.
382 2361 600 2436 praetermissum
627 2367 671 2417 aot

224 2444 297 2503 ullo.
333 2442 376 2504 Cf.
397 2448 430 2513 4,
447 2448 488 2503 3.:
510 2463 565 2500 non
586 2445 669 2502 modo

221 2527 358 2587 Romanas
375 2531 426 2589 ssd
442 2530 593 2590 uoltalioaa
610 2535 669 2610 qui·

223 2613 284 2679 dnm
301 2620 397 2690 gantis.

168 2701 197 2761 3.
223 2703 303 2763 obsit
324 2705 442 2763 inuidia
464 2706 553 2765 uerbo
578 2715 608 2765 ot
631 2708 670 2764 ci·

112 2790 118 2797 “
224 2792 300 2849 uitro
317 2793 397 2851 bella
415 2795 541 2852 sileant:
559 2794 616 2853 Pu.
635 2825 670 2836 -

225 2876 293 2938 Pau,
313 2882 338 2938 1.
349 2883 376 2939 3.
385 2879 465 2941 Voss.
477 2903 506 2942 ιι.
524 2882 619 2950 „absit
628 2883 670 2938 in-

163 2978 166 2985 “
221 2964 296 3022 nidis
320 2975 348 3022 et
371 2968 487 3024 ciuilia“
506 2978 558 3026 oet.
593 2968 669 3025 Duo·

220 3052 272 3109 bus
299 3051 397 3109 deindo
419 3056 610 3110 recentissimis
637 3053 669 3110 li-

110 3144 115 3154 '
219 3138 277 3195 bris
304 3141 424 3215 exceptis
453 3141 484 3196 in
512 3139 569 3198 rell.
599 3140 668 3196 Dra·

220 3224 300 3286 kanb.
319 3225 399 3285 codd.
418 3245 490 3284 uero
507 3246 557 3304 pro
577 3229 668 3284 uerbo

221 3315 354 3387 scriptum
372 3322 421 3372 ost.
438 3314 488 3371 sed
505 3312 540 3372 os.
552 3315 667 3383 28,39.:

221 3410 360 3476 postremo
378 3399 609 3459 Turdetaniam..
628 3402 666 3457 ita

219 3486 293 3543 bollo
321 3487 426 3546 adflixit
451 3498 481 3547 ut
506 3508 561 3546 non
584 3486 666 3544 modo

220 3573 300 3630 nobis
311 3604 344 3615 -
354 3575 512 3634 absitverbo
521 3575 623 3633 invidia
634 3603 666 3617 ·-

218 3675 259 3713 no·
275 3663 392 3735 posteris
413 3662 524 3738 'quidem
546 3661 666 3720 timenda

218 3748 319 3801 nostris
338 3757 418 3808 esset.
434 3753 478 3818 38,
490 3753 530 3810 7.=
549 3749 602 3806 hoo
616 3767 665 3824 ego

218 3831 345 3890 adiuncto
364 3864 398 3877 -
423 3835 494 3895 absit
517 3835 601 3895 verbo
623 3838 664 3911 in·

216 3919 384 3998 sidia-qui
392 3921 515 3981 dubitare
524 3923 558 3981 de
568 3932 665 3980 eventu

217 4009 330 4082 possim.
342 4039 376 4050 -
393 4008 507 4073 Videtur
524 4011 556 4066 L.
574 4004 665 4065 ditare

215 4090 299 4151 vallas
311 4095 359 4163 „si
369 4095 437 4161 mihi
450 4097 596 4157 verendum
607 4112 663 4152 non

810 792 883 850 oss'et
909 809 944 847 na
970 788 1025 847 hac
1052 799 1140 847 tanta
1169 789 1256 847 sortus

809 877 905 958 populi
916 879 1023 934 romani
1035 877 1153 936 invidia
1164 877 1256 935 deoru

810 966 914 1025 moveri
941 973 1053 1043 posset,
1088 985 1127 1023 aa
1152 967 1180 1024 si
1204 964 1256 1023 unffi

809 1052 942 1111 bellorum
967 1050 1100 1111 civilium
1128 1055 1201 1111 ratio
1226 1052 1256 1108 ιι

810 1140 898 1198 banda
917 1147 997 1208 assat,
1015 1141 1047 1197 iu
1067 1140 1179 1218 quibus
1195 1142 1257 1197 etisn

810 1228 986 1287 barbarorum
999 1228 1028 1284 vi
1045 1227 1130 1286 icius
1149 1246 1256 1287 romanas

811 1315 885 1373 fusas
904 1334 964 1372 esse
981 1316 1103 1383 seimus,
1123 1336 1192 1376 vore
1207 1315 1256 1373 rusti

810 1403 918 1462 viderer
940 1402 1116 1460 contendero
1144 1423 1198 1461 nos
1221 1422 1257 1460 uss

810 1509 937 1567 umquam
955 1489 989 1547 ab
1012 1488 1073 1548 ullo
1094 1489 1181 1549 hoste
1199 1489 1257 1546 labo

812 1596 889 1634 rossa
906 1577 1028 1635 uaniora
1045 1585 1081 1635 ut
1094 1577 1258 1656 nusquamst

810 1663 868 1723 ullo
885 1661 1073 1724 laboraremus
1079 1671 1111 1727 “.
1129 1685 1168 1723 na
1184 1675 1258 1722 tamon

812 1751 842 1809 id
860 1749 972 1810 alterum
993 1753 1032 1809 ita
1050 1761 1086 1810 ut
1109 1755 1258 1833 ιοιίριίιιιι

811 1835 908 1897 Livius
944 1839 1142 1916 eloqueretur,
1176 1840 1258 1914 religio

811 1924 859 1983 illa
886 1945 939 2003 qua
964 1936 1041 1987 totas
1069 1929 1138 1986 eins
1168 1931 1259 1987 suimus

813 2012 933 2071 imbutus
949 2021 1007 2070 erat
1031 2013 1207 2094 deorumque
1225 2034 1260 2072 va

813 2099 942 2158 rotundis
959 2099 1118 2179 prohibuit.
1144 2103 1176 2161 td
1191 2103 1261 2177 igitur

813 2196 918 2245 nutum
936 2186 1004 2245 dicit
1021 2190 1101 2267 quod
1114 2188 1194 2248 salsa
1209 2187 1260 2246 reli·

813 2276 893 2351 giono
911 2275 965 2332 dici
982 2286 1096 2355 posset,
1123 2293 1260 2355 nunquan

812 2362 848 2419 ad
865 2362 894 2419 id
912 2372 1017 2438 tempus
1028 2363 1171 2444 populum
1183 2383 1260 2423 rona·

811 2469 877 2507 num
903 2448 937 2506 ab
964 2448 1020 2507 ullo
1048 2451 1136 2511 hosta
1161 2453 1259 2530 gravius

811 2536 958 2598 laborasse.
985 2547 1110 2606 ceterum
1129 2561 1167 2598 ua
1189 2539 1259 2597 dubi·

810 2626 863 2681 tari
885 2626 988 2704 possit,
1010 2628 1080 2703 quin
1103 2626 1178 2685 illud
1203 2626 1259 2683 alte·

811 2732 872 2770 rum
889 2714 981 2789 potius
999 2734 1014 2768 a
1031 2711 1190 2790 legentibus
1206 2731 1259 2792 por·

813 2801 870 2878 cipi
892 2799 1022 2868 voluerit,
1049 2799 1159 2859 faciunt
1184 2800 1259 2861 verba

812 2885 908 2955 „absit
929 2886 1031 2943 Invidia
1052 2888 1179 2958 verbo“,
1206 2888 1257 2965 qui·

812 2973 863 3030 bus
881 2974 921 3030 uti
938 2993 993 3030 non
1008 2977 1131 3049 potuerit
1147 2977 1205 3032 nisi
1224 2994 1257 3030 ιι·

811 3061 912 3116 tionem
924 3063 1056 3137 temporis
1069 3061 1154 3121 futuri
1167 3061 1258 3119 haberi

774 3209 779 3213 ‚
810 3144 904 3215 vellet,
931 3157 960 3204 et
985 3149 1079 3218 „balla
1104 3149 1200 3209 civilia
1225 3152 1257 3206 si·

760 3275 763 3281 ,
809 3230 1256 3313 ioaut“‚inquibusnonidmodo

809 3321 875 3376 insit
897 3332 928 3378 ut
948 3322 1058 3380 silentio
1081 3324 1155 3382 bolla
1172 3325 1255 3384 civilia

808 3403 950 3482 praeteriri
966 3409 1041 3478 volit,
1059 3411 1110 3471 sad
1130 3415 1212 3471 otiam
1228 3420 1255 3468 ut

808 3502 933 3570 precatur
949 3515 984 3552 no
1001 3494 1072 3553 ultra
1085 3501 1189 3563 civium
1205 3498 1254 3576 gla-

808 3579 855 3636 dio
873 3585 981 3656 sanguis
993 3585 1094 3643 civium
1111 3587 1252 3664 profunda·

808 3674 861 3726 tur.
888 3668 939 3724 aed
957 3690 1017 3727 aum
1034 3674 1074 3729 ita
1092 3677 1251 3752 scripsisset,

808 3755 934 3826 cogitatio
947 3759 1004 3814 eius
1016 3760 1108 3816 animo
1127 3762 1250 3827 iniieiur,

806 3840 874 3916 quid
887 3841 1002 3900 Romani
1020 3847 1175 3905 novissimo
1191 3859 1249 3906 tam·

804 3944 871 4003 pore
895 3929 1035 3988 aParthis
1056 3937 1134 4010 passi
1159 3944 1249 3993 essem.

805 4031 861 4069 non
878 4016 960 4090 igitur
977 4029 1072 4092 negat,
1093 4021 1157 4080 fieri
1175 4040 1249 4100 posse

805 4107 836 4155 nt
857 4099 935 4160 miles
957 4123 1084 4165 romanus
1111 4118 1170 4170 um
1196 4130 1249 4186 gra·
