2842 4724
524 363 634 426 nrm
651 365 739 428 vm.x
1104 348 1174 418 383
1288 317 1290 323 ’
1400 329 1402 416 ἐ

66 539 138 595 tum
161 527 310 620 equitum
332 529 466 599 turbetis
488 529 634 598 hostibus
651 528 756 597 intulit
770 530 873 621 signa:
896 527 1005 620 viginti
1018 527 1103 596 milia
1118 526 1173 596 ho·

63 634 164 701 stium
188 658 282 703 caesa
304 659 345 704 eo
369 637 420 704 die
441 637 617 704 traduntur.
651 646 798 702 auctores
820 635 925 704 habeo
946 633 996 701 bis
1018 657 1093 700 cum
1115 632 1172 700 ho·

62 751 114 806 ste
134 739 226 830 signa
249 742 374 808 conlata
398 742 551 810 dictatore
574 741 715 824 absente,
738 740 786 807 bis
800 765 870 807 rem
888 739 1011 832 egregie
1031 749 1169 828 gestam:

65 846 151 934 apud
176 845 412 937 antiquissimos
436 858 583 915 auctores
604 869 668 913 una
689 845 770 913 haec
797 869 904 937 pugna
932 844 1103 926 invenitur,
1136 843 1170 908 in
1222 873 1223 880 ¹

63 949 257 1039 quibusdam
292 949 458 1019 annalibus
487 963 554 1019 tota
587 974 638 1017 res
669 952 890 1040 praetermissa
919 960 978 1018 est.
1019 949 1204 1039 blagister5
1262 941 1267 948 ’

63 1056 210 1145 equitum
231 1067 269 1123 ut
297 1079 338 1123 ex
365 1057 452 1124 tanta
481 1057 579 1123 caede
606 1055 715 1122 multis
737 1057 857 1147 potitus
879 1056 991 1146 spoliis
1018 1065 1169 1144 congesta

63 1199 109 1210 -
125 1160 290 1250 ingentem
313 1185 463 1229 acervum
479 1161 664 1229 -hostilia
687 1187 774 1230 arma
796 1161 924 1229 subdito
946 1159 1018 1250 igne
1041 1181 1185 1226 sonere-s

63 1265 176 1348 movit,
198 1288 258 1331 seu
278 1277 392 1333 votum
413 1267 446 1333 id
469 1268 603 1336 deorum
620 1267 758 1356 cuipiam
770 1267 840 1334 'luit
858 1289 916 1334 seu
940 1266 1069 1334 credere
1091 1263 1170 1332 libet

62 1369 162 1437 Fabio
186 1372 309 1438 auctori
337 1394 378 1438 eo
405 1373 527 1439 factum
554 1393 596 1438 ne
624 1393 700 1439 suae
728 1373 846 1464 gloriae
871 1372 1018 1439 lru'ctum'
1036 1369 1172 1437 ilintator

64 1487 194 1567 caperet
214 1499 400 1567 nomenque
421 1477 466 1543 ibi
494 1475 648 1546 scriberet
669 1490 725 1545 aut
745 1478 847 1569 spolia
868 1479 901 1543 in
926 1475 1087 1565 triumpho
1109 1474 1216 1541 fer-10

62 1593 120 1648 ret.
159 1582 285 1650 litterae
309 1605 440 1682 quoque
466 1583 563 1650 dere
585 1605 739 1675 prospere
760 1593 848 1674 gesta
871 1582 912 1648 ad
934 1592 1082 1648 senatum
1103 1603 1170 1647 non

64 1687 105 1752 erl
133 1687 322 1755 dictatorem
349 1687 465 1755 missae
485 1697 717 1778 argumentum
745 1687 835 1755 fuere
864 1687 995 1754 minime
1024 1709 1099 1752 cunr
1128 1705 1168 1751 eo

65 1793 328 1860 communicantis
350 1793 479 1860 laudes:
507 1793 550 1860 ita
573 1803 659 1859 certe
682 1791 817 1858 dictator
838 1792 870 1858 id
892 1792 1014 1866 factum
1037 1789 1169 1879 accepit,

63 1907 99 1962 ut
119 1897 211 1964 laetis
235 1898 303 1964 aliis
319 1898 451 1965 victoria
467 1908 556 1991 parta
571 1921 649 1987 prae
670 1919 706 1964 se
727 1898 825 1965 ferret
841 1898 922 1963 iram
935 1895 1168 1986 tristitiamque.

63 2003 161 2070 misso
183 2003 292 2092 itaque
314 2014 448 2094 repente
470 2013 593 2069 senatu-
605 2027 640 2069 se
657 2026 699 2069 ex
714 2003 800 2070 curia
814 2002 980 2092 proripuit,
1005 2013 1075 2068 tum
1089 2021 1166 2066 vero
1181 2007 1214 2063 15
1245 2063 1250 2080 .

63 2127 129 2171 non
156 2108 348 2174 Samnitium
375 2107 477 2198 magis
505 2107 651 2197 legiones
664 2113 779 2198 xquant
810 2108 1010 2174 maiestatem
1037 2103 1167 2170 dictato-

63 2209 141 2274 riam
164 2219 197 2275 et
219 2208 418 2299 disciplinam
439 2212 610 2279 militarem
632 2236 650 2277 a
672 2209 823 2300 magistro
840 2210 986 2301 equitum
1001 2210 1118 2276 victam
1135 2219 1169 2275 et

64 2337 208 2381 eversam
229 2311 375 2382 dictitans
402 2315 431 2382 si
459 2315 505 2382 illi
531 2317 651 2407 inpune
679 2327 826 2408 spretum
852 2315 1022 2406 imperium
1045 2314 1166 2402 luisset.
1224 2405 1226 2416 Ι

79 2475 105 2532 6.
129 2481 272 2551 congesta
283 2475 430 2551 ingentem
439 2493 580 2532 aceruum
694 2545 696 2552 y
720 2473 782 2532 Pll=
807 2495 974 2552 nomenque
996 2475 1038 2532 ihi
1060 2473 1166 2531 scribe·

129 2560 254 2617 hostilia
271 2581 358 2616 arma
373 2563 492 2620 subdito
510 2565 580 2642 igne
699 2573 705 2590 ¹
721 2572 780 2618 ret:
792 2561 819 2621 b.
832 2583 855 2622 e.
869 2582 1020 2639 nomenque
1032 2581 1109 2618 suum
1121 2559 1167 2614 ed·

130 2650 344 2704 curreremuuit:
362 2647 427 2720 PM]
452 2660 578 2726 congesta
719 2649 851 2705 scriberet
867 2648 963 2725 spoliis
981 2669 1048 2725 qnae
1061 2649 1088 2704 in
1101 2657 1167 2703 tcm-

129 2734 159 2789 in
177 2735 311 2808 ingentem
326 2755 451 2792 acervum
468 2736 578 2820 bostilib
642 2807 644 2816 .
720 2734 774 2814 plis
803 2735 955 2810 figerentur.
991 2725 1067 2792 lllulti
1098 2755 1167 2792 rece.

129 2840 202 2877 arma
222 2829 272 2878 cet.
291 2817 335 2880 cf.
353 2824 398 2890 45,
414 2825 473 2881 33.:
491 2833 578 2880 cetera
721 2821 815 2882 codri:
843 2841 994 2898 nomenque
1021 2822 1080 2878 sibi
1100 2823 1166 2876 scri·
1268 2883 1273 2895 ι

129 2909 218 2965 omnis
236 2911 342 2983 generis
353 2927 426 2965 arma
445 2910 579 2968 cumulata
719 2909 803 2967 beret.

128 3025 164 3038 -·
181 2998 317 3072 ingentem
334 3015 460 3054 acervum
471 3031 505 3042 -
518 3002 579 3075 ipso
650 2995 693 3054 12.
720 2990 1033 3072 argumentumfuerae
1049 2995 1168 3051 minime

129 3085 277 3161 imperator
287 3084 578 3143 lacesubditasuccen-
719 3102 785 3156 cum
797 3103 831 3138 eo
845 3085 1085 3140 communicantis
1102 3083 1166 3138 Iau-

130 3167 180 3226 dit.
202 3197 238 3216 -
264 3171 347 3229 Paulo
365 3185 428 3230 unte
444 3176 577 3252 seriptum
720 3170 790 3226 deo:
808 3169 834 3226 lll
853 3169 926 3230 Harl.
939 3190 956 3230 1.
975 3169 1051 3228 Leld.
1063 3189 1081 3228 1.
1101 3166 1166 3227 Pell.

129 3266 188 3312 eret
205 3275 242 3313 m.
261 3261 285 3315 1.
303 3260 332 3313 in
350 3259 377 3315 lll
397 3261 510 3329 „multis
529 3283 576 3339 pe·
718 3253 799 3316 Voss.
809 3277 836 3315 11.
847 3255 915 3316 Lov.
926 3262 951 3317 4.
961 3257 993 3316 al.
1004 3290 1038 3300 —
1049 3257 1083 3314 Pr
1094 3276 1165 3312 com·
1194 3287 1200 3291 ·

128 3347 195 3400 titus
214 3343 342 3419 spoliis“,
360 3347 410 3404 scd
428 3369 464 3407 m.
481 3351 507 3408 2.
524 3370 575 3423 po·
682 3353 700 3413 s
716 3347 878 3402 mnnieantis
890 3344 977 3404 laude.
999 3344 1079 3403 Recc.
1091 3342 1166 3420 quid.

127 3433 201 3488 titus
220 3435 372 3490 restitutum
391 3444 441 3494 ert.
718 3430 1165 3491 codet:communicandaslaudes.

76 3517 102 3575 8.
126 3538 181 3575 seu
200 3529 302 3576 uotum
320 3521 354 3576 id
376 3521 501 3578 deorum
518 3522 576 3577 cui·
648 3519 692 3579 18.
718 3522 749 3576 si
765 3521 813 3576 illi
835 3521 943 3593 inpune
964 3529 1096 3595 spretum
1114 3520 1165 3575 im·

125 3607 209 3680 piam
221 3605 302 3676 fnit:
320 3606 350 3666 P.
365 3639 398 3650 -
411 3609 451 3664 tl:
469 3627 517 3665 seu
531 3629 576 3664 uo·
715 3608 832 3683 perium
838 3606 969 3678 fuisset:
983 3605 1047 3664 PM:
1061 3625 1165 3674 „wenn

126 3701 184 3749 turn
207 3693 237 3748 id
259 3715 352 3751 eorum
379 3697 496 3771 cuipiam
518 3699 576 3757 snit.
644 3747 647 3766 ,
717 3695 806 3768 jenem
829 3694 977 3768 ungestralt
1000 3694 1088 3753 dieser·
1108 3691 1164 3749 Un-

129 3805 164 3816 -··
182 3779 243 3836 PM:
261 3799 310 3838 seu
327 3782 438 3839 credere
454 3782 521 3840 libet
539 3777 576 3840 la·
718 3779 860 3854 gehorsam
870 3779 1164 3856 gegcndenBelehldes

126 3862 185 3920 bio·
201 3870 306 3920 auctori
336 3889 369 3921 eo
398 3869 496 3926 lactum
526 3879 576 3929 cot.
716 3867 857 3923 Dictatore
886 3867 1017 3942 hingoben
1048 3864 1163 3922 sollte“:

127 3948 197 4010 Lov.
210 3955 249 4011 b:
267 3971 315 4008 scu
333 3953 442 4010 eredere
459 3954 532 4012 fabio
543 3955 576 4012 li·
717 3953 768 4010 sed
786 3955 833 4009 illi
849 3955 966 4030 pendere
978 3973 1086 4032 quoque
1103 3960 1162 4030 pot·
1203 3987 1211 3999 -

129 4040 176 4094 bet
203 4041 308 4096 auctori
337 4060 369 4097 co
399 4041 498 4107 lactum
525 4052 575 4103 cet.
717 4049 761 4097 eut
782 4059 816 4096 ex
837 4051 984 4116 spretum:
1011 4040 1045 4099 cl.
1063 4031 1105 4100 cx'.
1123 4058 1162 4114 gr.

128 4124 174 4187 cf.
193 4129 223 4195 1,
241 4129 300 4184 44:
322 4131 484 4206 scriptorum
507 4134 574 4189 anti·
716 4129 744 4197 8,
763 4129 819 4186 lb:
841 4149 904 4206 pare
921 4129 990 4206 ipsis
1008 4135 1110 4212 retente
1128 4126 1163 4184 ad

129 4215 277 4288 quissimus
299 4213 399 4273 Fabius
420 4215 520 4274 Pictor.
540 4247 574 4258 -
715 4213 870 4276 ludibrium.
896 4277 899 4284 Δ
