2618 4590
417 197 420 205 ’
517 222 626 280 arsen
642 220 701 284 vu.
1096 208 1161 279 20³

58 383 146 476 plebi
167 383 286 452 fenoris
308 383 554 474 ingravescentis
577 393 645 450 erat
667 390 826 475 curaeque
842 385 984 474 privatae
1006 384 1042 453 iu
1062 397 1161 455 cena

59 490 197 557 minibus
219 489 355 580 publicis
375 488 603 579 erumpebant:
627 510 762 578 quarum
776 489 881 557 taedio
903 501 1010 580 patres
1030 489 1068 561 11.
1083 489 1160 559 (lors

59 594 179 667 nelimn
196 595 381 683 Scipionem
402 594 593 683 interregem
615 593 803 661 concordiae
820 616 916 661 causa
932 595 1101 665 observare
1116 595 1161 663 le-

60 722 135 788 gem
157 698 311 764 Liciniam
334 691 469 766 comitiis
491 697 711 765 consularibus
732 697 862 766 iussere.
899 699 936 767 P.
958 699 1087 767 Valerio
1096 700 1162 767 Pu·

52 803 196 869 ¹blieoloe
218 803 310 870 dabis
332 826 351 870 e
372 802 468 894 plebe
497 803 620 893 collega
643 802 681 871 Ο.
702 802 842 871 Marcius
864 804 1000 872 Rutilus.
1036 802 1192 872 inclina-t

38 909 100 975 'tis
122 908 224 974 semel
245 908 277 975 in
299 903 508 977 concordiam
519 907 630 975 annuis
643 908 721 975 novi
738 908 886 976 consules
903 909 1070 976 fenebrem
1085 932 1164 998 ‹pro-

61 1037 127 1102 que
149 1036 227 1095 rem,
249 1036 331 1103 quae
347 1012 494 1081 distinere
511 1014 680 1081 unanimos
697 1013 873 1096 videbatur,
895 1013 1002 1081 levare
1025 1013 1165 1104 adgressi

58 1115 253 1185 solutionem
275 1116 368 1184 alieni
395 1118 475 1185 aeris
504 1118 538 1184 in
563 1118 727 1209 publicam
755 1140 864 1184 curam
886 1129 1050 1186 verterunt
1076 1119 1164 1209 quin-

59 1210 198 1312 queviris
221 1220 349 1305 creatis,
382 1247 466 1314 quos
487 1223 662 1301 mensarios
685 1222 726 1289 ab
749 1221 984 1315 dispensatione
1008 1223 1164 1315 pecuniae

59 1327 272 1418 appellarunt.¹
305 1327 411 1394 meriti
431 1328 592 1420 aequitate
615 1351 755 1419 curaque
777 1339 852 1415 sunt
873 1339 910 1396 ut
930 1351 989 1419 per
1018 1327 1162 1395 omnium
1175 1335 1211 1390 10

130 1526 367 1604 ingrauescentis
398 1536 479 1584 erat:
513 1525 577 1586 Plll:

130 1615 185 1670 nisi
211 1613 286 1691 quod
308 1615 339 1671 in
361 1612 386 1671 P
410 1615 577 1682 ‚,loenoris“

131 1710 182 1766 est.
200 1731 234 1744 -·
256 1699 382 1761 flarl.1.=
399 1702 515 1781 propior
531 1701 579 1757 do·

131 1787 175 1844 lor
191 1786 248 1844 leui
264 1786 385 1845 honoris
402 1795 455 1846 oet.

77 1876 104 1932 2.
134 1894 263 1952 quarum
277 1874 395 1933 medio:
411 1872 462 1932 ΡΜ
474 1872 549 1934 Laid.
561 1895 579 1936 ι.

59 1994 62 1999 -
133 1961 184 2032 al]
203 1980 319 2039 qnorm
334 1960 434 2022 taedio.
454 1993 487 2005 -
508 1962 580 2019 Dra·

133 2049 314 2106 lrenborebiua
355 2051 479 2106 evincere
513 2049 580 2118 vult,

133 2156 262 2215 quorum
297 2156 390 2194 verum
426 2157 486 2194 esso
524 2159 580 2197 nou

132 2245 231 2304 posse,
254 2232 316 2281 cum
338 2223 365 2282 b.
387 2224 406 2283 l.
429 2244 581 2301 pronomen

133 2315 187 2369 nisi
216 2310 250 2367 ad
276 2313 441 2368 conamina
458 2313 581 2387 publico

130 2398 226 2479 pelerri
244 2419 299 2454 non
317 2400 413 2474 possit.
431 2420 525 2456 verum
540 2399 580 2456 illi

134 2488 237 2564 antiqui
255 2486 387 2553 bominac,
405 2487 452 2562 qui
470 2489 524 2564 ipsi
539 2496 581 2544 tot

132 2576 162 2630 in
180 2574 369 2630 certaminibus
387 2573 504 2652 publicis
521 2594 581 2632 ver·

134 2664 187 2717 sati
205 2670 304 2728 essent,
321 2663 368 2718 vix
384 2670 512 2738 poterant
528 2662 582 2718 sibi

134 2746 311 2822 persuadere,
331 2767 458 2823 umquam
475 2748 534 2804 lore
550 2748 582 2804 il·
631 2792 634 2797 .

134 2833 189 2889 lam
204 2852 312 2889 auream
325 2843 439 2889 sentem
456 2854 508 2908 qua
527 2855 583 2891 ccr-

134 2921 281 2976 tnninibus
308 2919 434 2977 civilibus
460 2940 583 2998 superse-

137 3009 196 3066 deri
222 3017 323 3083 posset.
349 3007 402 3064 ¹sed
426 3027 487 3065 cum
508 3009 584 3064 vide·

134 3105 204 3162 rent,
222 3097 252 3151 in
263 3094 381 3174 publicis
393 3096 584 3152 eenaninibua

134 3184 242 3240 iamiam
252 3202 391 3260 erumpere
396 3184 520 3260 coepisse
528 3184 584 3260 pri·

136 3280 213 3327 vatus
231 3291 316 3338 curas,
335 3291 389 3348 quo
403 3270 474 3328 lacto
488 3273 584 3326 timen-

137 3357 203 3413 dum
218 3368 297 3425 esset,
316 3378 350 3414 ne
361 3359 505 3418 vehemens
516 3356 585 3414 illud

136 3453 165 3500 et
192 3444 376 3522 periculosum
405 3445 439 3500 de
474 3444 585 3502 creditis

16 3545 19 3549 ’
137 3533 261 3608 pecuniis
274 3532 308 3587 de
317 3534 386 3607 agris
397 3531 515 3606 publicis
528 3552 584 3587 eer-

136 3628 227 3676 tamen
244 3618 320 3695 quod
331 3618 477 3674 horrebant
492 3638 586 3675 rursus

137 3709 283 3785 inciperet,
306 3708 451 3762 certamina
476 3705 585 3784 publica

138 3794 213 3853 finiri
235 3794 320 3852 atrab
343 3795 475 3870 interrege
502 3793 587 3868 legem

139 3882 272 3940 Liciniam
284 3883 426 3940 observari
443 3883 587 3940 iusserunt.

139 3970 225 4027 nihilo
252 3974 342 4029 minus
371 3971 436 4026 novi
463 3966 588 4025 comulas

719 1545 775 1582 non
798 1544 881 1601 posse
909 1525 1083 1583 concordiam
1112 1528 1167 1583 nisi

719 1613 789 1671 aeris
807 1612 887 1668 alieni
905 1612 1005 1669 solutio
1028 1615 1057 1669 in
1075 1632 1167 1672 curam

719 1698 857 1776 publicam
868 1709 1100 1769 verteretur‚‚rem
1115 1700 1166 1757 dil·
1269 1712 1273 1719 “

647 1830 658 1855 ,
720 1785 869 1844 lioillimam
886 1788 1023 1864 -primo
1041 1787 1100 1842 siue
1118 1786 1166 1843 du-

720 1874 768 1932 bio
778 1873 986 1931 reclamantibus
998 1873 1120 1952 patribus
1132 1904 1169 1919 -··

720 1961 905 2019 'saluberrimis
938 1959 1059 2018 consiliis
1087 1980 1168 2039 expe-

722 2049 781 2104 dire
808 2050 899 2104 eonati
925 2059 997 2107 sunt.
1022 2047 1125 2104 -ttlz
1149 2046 1168 2106 l.

723 2133 872 2192 cornelium
890 2137 1069 2213 scriptionem
1086 2137 1168 2189 inter·

722 2240 823 2296 regem.
844 2221 888 2282 Cl.
906 2226 933 2291 7,
953 2220 1167 2282 1.-Leid.1.:
1198 2292 1200 2304 Ι

723 2327 802 2365 causa
819 2309 989 2385 concordiae.

669 2397 695 2455 5.
724 2397 756 2455 C.
784 2397 915 2455 Martius
941 2398 1091 2455 Rutilias.-
1119 2358 1169 2453 Pbl
1209 2424 1213 2435 ·

722 2481 781 2542 rell.
805 2482 849 2543 Cl.
866 2487 893 2553 7,
912 2485 956 2544 te.
974 2485 1020 2543 ³8.

668 2571 696 2629 6.
722 2572 796 2627 noui
806 2578 866 2630 coi.
878 2571 1038 2644 fenebrem
1050 2589 1170 2648 qnoque

723 2677 801 2714 rem:
818 2657 875 2718 ΡΜ.
889 2689 924 2700 -
935 2658 1013 2718 Leid.
1022 2678 1039 2717 1.
1054 2657 1130 2715 Voss.
1140 2678 1168 2717 11.

723 2743 856 2821 multique
879 2765 948 2804 rece.
971 2744 1063 2803 codd:
1094 2746 1169 2800 lune-

724 2831 809 2887 brem.
823 2861 858 2872 —
876 2830 939 2887 PM:
958 2831 1171 2906 quaedestinere

725 2919 868 2973 unanimos
891 2918 1042 2974 uidebatur.
1077 2916 1121 2975 cf.
1144 2919 1171 2985 4,

724 3005 784 3062 so:
803 3013 833 3061 ut
850 3004 1017 3065 distinerent.
1033 3006 1061 3074 5,
1075 3007 1120 3063 20.
1137 3003 1169 3063 al.
1187 3074 1192 3086 ἱ
1233 3056 1241 3069 ,

725 3122 760 3134 -
776 3090 855 3152 [reid.
868 3113 887 3152 1.
899 3091 966 3153 Pall.
982 3095 1045 3153 1.3.
1058 3091 1106 3151 al:
1125 3091 1171 3150 de·

724 3181 881 3241 atinate-
895 3180 960 3241 Poll.
979 3186 1004 3240 1.
1017 3183 1043 3240 3.
1052 3182 1133 3239 vore.
1143 3200 1173 3235 n.

725 3266 774 3325 aL:
802 3271 945 3326 unanimes
962 3269 1113 3327 uidebatur.
1137 3246 1176 3309 —¹

724 3354 799 3413 Harl.
809 3375 840 3413 n:
858 3356 996 3415 uidebant.
1013 3354 1059 3413 Cf.
1076 3359 1102 3420 7,
1115 3357 1173 3412 2⁰5

727 3431 782 3502 dli.
806 3474 840 3487 -
871 3442 946 3501 Harl.
965 3463 996 3501 n:
1022 3440 1173 3518 appellarit.

725 3531 830 3601 Eodem
854 3550 945 3587 erroro
963 3533 994 3596 7,
1012 3530 1056 3586 22.
1078 3530 1108 3585 in
1130 3549 1174 3584 eo·
1278 3584 1282 3611 ρ

727 3619 790 3675 dem
829 3617 901 3674 libro
942 3619 1173 3694 ‚‚impetrauerit“

672 3714 677 3733 ¹
727 3707 859 3782 scriptum
871 3715 913 3761 est
924 3725 975 3782 pro
991 3706 1174 3782 „impetraue-

716 3797 826 3874 ⁴runt“:
845 3794 893 3868 qui
905 3812 987 3849 error
1003 3791 1083 3850 laoile
1099 3794 1175 3849 nasei

728 3881 826 3954 potuit,
844 3881 869 3937 oi
886 3881 915 3937 io
934 3881 1091 3954 antiquiore
1099 3879 1175 3937 libro

731 3967 907 4044 ‚‚appellart“
926 3970 1059 4044 seriptum
1075 3977 1141 4026 arat.

140 4057 362 4128 considerent,
386 4077 451 4115 vere
480 4056 588 4115 restitui
661 4058 703 4116 10.
730 4058 828 4114 meriti
860 4058 1012 4132 aequitate
1045 4075 1177 4131 auraque
