2618 4590
161 232 227 344 sss
634 242 798 306 mara

161 410 231 480 eius
252 407 315 477 diei
337 429 403 498 quo
424 406 458 474 in
473 406 630 476 Sentinati
645 429 722 499 agro
737 405 891 475 bellatum
905 404 1001 474 lama
1027 416 1085 473 est
1098 402 1200 473 etiam
1212 430 1259 475 reu

162 513 274 584 stanti:
300 513 359 580 sed
379 511 581 603 superiecere
609 512 740 604 quidam
761 512 907 603 augendo
931 510 1062 595 fidem,
1092 507 1158 600 qui
1183 508 1260 577 inho

33 624 50 649 ⁸
162 618 261 688 stium
282 617 424 686 exercitu
445 618 590 708 peditum
611 614 817 709 quadraginta
837 616 927 684 milia
948 625 1135 683 trecentos
1162 615 1261 706 triginta

163 722 309 816 equitum
330 746 388 790 sex
409 722 497 790 milia
519 736 552 793 et
578 711 798 815 quadraginta,
811 720 915 788 mille
943 729 1195 810 carpentorum
1218 720 1260 786 sui
1289 778 1293 789 .

127 838 258 921 tpsere
280 827 394 909 luisse,
424 827 546 895 seilicet
567 850 642 894 cum
663 825 793 894 Umbris
815 825 1001 916 Tuscisque
1028 847 1125 916 quos
1153 836 1187 893 et
1205 823 1261 915 ipsos

163 955 290 1023 pugnae
313 930 466 998 adfuisse:
489 942 522 999 et
543 944 580 1000 ut
593 933 812 1000 Romanorum
828 954 961 1022 quoque
977 939 1154 1020 augerent
1176 930 1260 1021 copias

162 1033 201 1104 la.
218 1035 428 1105 Volumnium
449 1060 509 1127 pro
532 1037 663 1105 consule
686 1038 804 1103 ducem
825 1034 1018 1102 consulibus
1038 1034 1260 1124 exercitumque

165 1140 235 1208 eins
262 1139 439 1232 legionibus
476 1142 644 1208 consulum
678 1140 826 1207 adiciunt
862 1137 896 1205 in
924 1137 1085 1228 pluribus
1125 1140 1260 1207 annalibu

164 1242 301 1312 duorum
323 1268 362 1311 ea
384 1243 553 1312 consulum
568 1245 696 1339 propria
718 1242 849 1312 victoria
869 1251 927 1325 est,
950 1242 1169 1311 Volumnius
1190 1244 1288 1323 insu,

117 1349 252 1416 lo'mnio
283 1346 410 1416 interim
440 1372 492 1416 res
521 1349 601 1441 gerit
622 1344 1098 1438 Samnitiumque·exercitum
1129 1347 1167 1415 in
1193 1348 1262 1415 'liler-

163 1477 243 1521 num
262 1463 408 1521 montem
430 1454 622 1545 conpulsum
643 1477 709 1520 non
731 1451 899 1522 deterritus
925 1449 1109 1542 iniquitate
1133 1451 1203 1522 loci
1220 1453 1262 1520 bu

229 1650 268 1710 ab
285 1649 365 1711 bivio
382 1652 444 1731 ipso
464 1655 512 1720 10,
529 1653 572 1712 28.
591 1650 625 1709 de
642 1654 680 1709 si·

232 1737 292 1797 mili
317 1738 435 1796 bostium
458 1741 592 1816 equitatus
614 1738 680 1796 mul·

234 1826 352 1883 titudine
381 1829 511 1904 scriptum
539 1826 601 1902 legi.
634 1828 680 1883 An

232 1933 298 1972 vero
316 1911 464 1970 Glareanus
482 1923 556 1970 reeta
573 1890 680 1982 vilerit,

232 2003 281 2079 qni
308 2002 450 2078 „equitum
477 2021 526 2058 sex
552 1998 624 2057 milia
652 2009 680 2056 et

232 2086 466 2165 quadringentos“
492 2086 543 2156 (tl.
567 2091 597 2155 1,
618 2089 679 2156 53.)

143 2210 148 2215 -
231 2175 315 2231 scribi
339 2172 468 2242 voluerit,
493 2173 596 2231 dubito.
630 2171 678 2229 sed

232 2280 294 2318 cnm
307 2263 335 2317 in
349 2262 429 2316 codd.
441 2263 578 2338 mseriptis
590 2262 614 2316 is
630 2281 678 2318 nu·

232 2367 322 2404 merus
352 2366 483 2422 nusquam
519 2347 678 2414 inveniatur,

232 2433 262 2488 id
279 2434 449 2508 potissimum
462 2434 548 2487 virum
568 2431 678 2488 doctum

229 2518 380 2586 induxerit,
408 2527 439 2574 ut
457 2521 609 2575 coniectura
631 2518 676 2574 illa

231 2609 272 2664 uti
288 2603 384 2674 vellet,
401 2605 476 2683 quod
494 2607 552 2662 eius
570 2608 676 2680 generis

115 2688 119 2705 ¹
230 2712 349 2752 summas
371 2702 426 2749 tarn
448 2702 541 2750 exacto
566 2712 677 2750 numero

230 2782 337 2858 exquiri
357 2781 482 2856 potuisse
499 2782 545 2838 rix
562 2783 618 2838 reri
641 2782 678 2836 si·

232 2867 297 2926 mile
315 2877 395 2926 esset.
425 2888 476 2924 nee
492 2878 582 2925 tamen
600 2869 628 2923 in
647 2887 679 2923 eo

232 2964 274 3012 est
285 2951 488 3027 neglegendum,
506 2974 561 3010 nou
571 2954 605 3009 de
615 2973 678 3009 vero

231 3059 343 3100 numero
362 3038 389 3096 b.
402 3038 420 3097 l.
440 3042 482 3113 agi
499 3040 548 3096 sed
561 3040 595 3095 de
612 3043 678 3096 scri·

229 3137 340 3206 ptorum
358 3125 525 3203 quorundam
546 3127 678 3202 augenda·

230 3235 292 3271 rum
310 3233 399 3270 rerum
415 3214 529 3270 studiis:
548 3216 623 3271 cuius
638 3217 677 3272 rei

230 3301 319 3359 simila
331 3301 396 3377 quid
409 3303 436 3368 3,
447 3304 473 3360 5.
486 3300 608 3376 legimus,
621 3321 674 3378 quo

227 3388 289 3446 loco
306 3389 401 3444 Antias
422 3386 546 3446 Valerius
569 3388 674 3445 subtili·

227 3484 270 3531 ter
278 3473 448 3550 exsequendo
459 3495 598 3533 nnmerum
607 3475 673 3532 scri·

224 3563 313 3636 puisse
330 3561 461 3629 traditur,
483 3561 673 3640 praedatorum

223 3646 364 3705 interfecta
383 3669 442 3706 esse
455 3659 581 3724 quattuor
598 3649 672 3706 milia

225 3733 356 3792 ducentos
375 3744 402 3791 et
419 3737 536 3809 triginta.
563 3737 671 3793 sivero

223 3819 309 3877 libere
320 3821 464 3879 dicendum
477 3833 519 3878 est
531 3821 597 3899 quid
611 3843 671 3878 seu·

221 3907 314 3976 serim,
332 3909 472 3966 metathesi
485 3906 530 3966 illa
549 3929 669 3985 quasae·
689 3912 694 3924 ’

221 3994 335 4069 pissime
353 3997 382 4052 in
400 3997 510 4072 optimis
531 3995 609 4052 libris
628 4015 669 4051 er·

165 4124 167 4129 .
220 4087 310 4137 ntum
320 4091 371 4152 ert,
389 4081 598 4141 etbuuclocum
611 4100 669 4139 eor·

819 1657 928 1728 mptum
950 1666 1015 1706 asse
1044 1669 1217 1727 persuasum
1237 1651 1265 1708 u

819 1738 887 1805 beo,
912 1756 1056 1813 manuque
1082 1741 1205 1816 antiqua
1222 1740 1266 1795 arri

820 1834 898 1903 ptum
915 1822 1000 1880 luisse
1027 1845 1110 1893 „sex
1135 1836 1166 1882 et
1181 1845 1217 1883 ιι.
1231 1829 1267 1882 nil
1291 1886 1294 1891 ,

819 1909 941 1989 perlitum
953 1930 972 1967 x
985 1911 1053 1982 (vel
1073 1918 1166 1984 „11“)
1179 1932 1267 1970 eccm
1286 1908 1297 1935 ¹¹

822 2000 941 2074 equitum
961 1997 1039 2054 mille
1065 2003 1268 2081 carpentorum“
1290 2034 1295 2045 ·

820 2094 871 2143 cet.
888 2084 941 2140 boe
953 2092 1059 2155 tame'n,
1073 2090 1209 2162 quamvis
1219 2086 1267 2143 nili

820 2169 1268 2239 verosimillimumvirleaturesse,

819 2279 871 2336 pro
884 2267 956 2315 certo
970 2257 1109 2319 allirmari
1124 2283 1185 2319 non
1196 2280 1269 2340 posse,

819 2344 898 2403 laeile
916 2348 1117 2404 concesserim.

765 2433 792 2492 6.
817 2441 847 2490 et
869 2441 902 2488 ut
917 2432 1137 2492 Romanorum
1163 2451 1268 2512 quoque

817 2528 962 2598 augerent
982 2523 1109 2595 copz'aa:
1144 2522 1170 2580 P
1195 2543 1228 2581 nr.
1250 2523 1267 2578 l.

817 2604 860 2665 ll:
888 2625 950 2662 nam
973 2626 1009 2666 m.
1034 2610 1062 2666 1.
1088 2610 1122 2664 in
1149 2609 1173 2666 P
1201 2616 1268 2666 etat

817 2695 999 2769 praeterierat.
1025 2725 1064 2737 -
1089 2695 1147 2754 Plll
1166 2696 1267 2754 [teitu

819 2777 982 2840 corlKloclr.
992 2779 1026 2840 al.
1047 2779 1094 2849 „l.
1105 2781 1268 2840 nolumuirn

818 2888 868 2946 pro
881 2864 991 2924 consule
1001 2867 1102 2924 ducem
1115 2869 1268 2926 consulibus

785 2952 789 2959 ⁴
819 2956 1018 3030 exercitumque
1034 2956 1100 3012 eius
1120 2955 1268 3032 legionibus

805 3040 957 3105 ,consulum
983 3040 1145 3102 adiciunt“.
1179 3041 1213 3101 G.
1234 3041 1268 3097 Si·

818 3129 914 3203 genius
932 3128 1037 3193 ducem
1055 3128 1157 3187 induci
1169 3129 1260 3188 voluit.

764 3216 792 3274 8.
818 3217 849 3272 in
863 3201 1001 3290 pluribus
1011 3218 1183 3274 annalibus
1201 3217 1266 3274 dna·
1305 3294 1308 3299 Ι

816 3321 884 3359 rum
908 3323 945 3358 en
966 3305 1127 3360 consulum
1144 3305 1265 3379 proprio

816 3390 941 3447 uictoria
959 3398 1019 3445 est.-
1037 3386 1074 3447 Μ.
1093 3420 1130 3433 -
1149 3389 1188 3446 Pr
1207 3391 1265 3446 duo·

814 3494 875 3532 rum
893 3495 924 3530 ea
942 3472 1085 3532 consulum
1096 3479 1213 3553 proprie
1229 3477 1264 3533 ni·

816 3563 900 3618 storia
925 3571 967 3617 est
989 3560 1146 3619 uolumnius
1170 3567 1201 3620 in
1226 3584 1264 3620 aa·

813 3649 887 3705 nmio
905 3648 1013 3705 iuterim
1030 3647 1145 3707 sesccrit
1168 3652 1263 3707 samni-

813 3737 934 3813 tiumque
953 3746 1003 3791 eet.
1022 3733 1066 3795 Cl.
1079 3739 1108 3803 7,
1128 3739 1263 3814 9.:‘quae·

810 3823 865 3879 ulta
882 3843 913 3877 ea
926 3822 1040 3900 ‘propria
1060 3821 1183 3880 familiae
1199 3824 1262 3881 laus.

811 3938 848 3953 —
865 3909 927 3966 Pu:
944 3911 974 3965 in
991 3908 1121 3966 tilernnm
1134 3921 1262 3967 montem.

809 3994 854 4055 Cl.
873 3999 906 4064 9,
923 3995 967 4054 ll.
985 3993 1118 4070 Sigonius
1138 3999 1193 4065 „in
1207 3997 1261 4055 Tri·

809 4081 938 4140 lernum“
956 4082 1040 4138 scribi
1056 4080 1155 4144 voluit.
