2618 4590
138 214 206 284 566
602 227 711 289 mm
728 228 775 291 lX.

123 390 212 459 ‘aule
232 400 372 481 peteret:
409 414 448 459 ac
469 391 511 457 dc
533 413 573 458 eo
596 391 727 482 quidem
754 389 832 459 nilril
857 391 1087 482 impetratum,
1116 390 1242 462 indutiae

24 574 30 583 ,
142 518 264 565 annuae
291 495 400 564 datae:
437 494 630 586 stipendium
663 495 806 565 exercitu
834 495 982 565 Romano
1017 495 1062 564 ab
1093 494 1243 565 hertei:
1282 490 1285 495 ’

144 624 221 671 eum
241 622 362 670 annum
388 618 525 690 pensum
556 610 589 669 et
616 600 708 668 binae
737 598 862 667 tunicae
883 598 916 669 in
937 599 1082 670 militem
1108 612 1246 671 exactae

143 728 181 773 er
213 727 338 773 merces
365 703 558 773 indutiarum
583 704 652 776 luit
689 703 891 794 Tranquillus
923 729 976 773 res
1012 705 1085 773 iam
1114 705 1249 801 Etrupd:

77 798 80 803 ⁴
112 808 280 879 ttrubavit
299 809 465 900 repentina
488 809 624 879 delectio
639 808 843 891 Umbrorum,
866 809 969 900 gentis
986 809 1146 901 integrae
1168 811 1250 879 ecla

143 912 237 982 dibu:
260 913 336 983 belli
356 913 416 983 uisi
438 915 526 1005 quod
554 913 721 982 transitum
749 914 907 983 exercitum
935 937 1012 1005 ager
1035 927 1206 986 senserat.
1234 916 1251 983 ii

69 1068 73 1076 -
143 1017 300 1088 concitata
329 1016 418 1088 omni
445 1019 609 1087 iuventute
636 1041 695 1086 sua
723 1030 757 1087 et
783 1042 897 1110 magna
925 1029 1018 1110 parte
1041 1018 1253 1090 Etruscorum

144 1123 185 1191 ud
205 1121 416 1192 rebellionem
437 1122 591 1213 conpulsa
613 1132 737 1191 tantum
759 1122 935 1191 exercitum
957 1123 1132 1210 fecerant,
1160 1137 1199 1195 ut
1217 1150 1253 1194 re

148 1225 226 1296 licto
253 1237 329 1318 post
356 1249 392 1294 oe
418 1224 452 1295 iu
473 1225 598 1294 Etruria
620 1225 723 1296 Decio
751 1229 793 1301 od
820 1229 1073 1320 oppugnandam
1100 1229 1185 1301 inde
1206 1231 1255 1301 llo

97 1340 134 1397 1ο
144 1353 234 1399 mam
253 1331 354 1399 ituros
375 1330 542 1422 magnifice
566 1333 606 1401 dc
628 1355 664 1401 re
687 1356 725 1401 ac
742 1333 952 1425 contemptim
968 1334 1009 1402 de
1029 1333 1201 1407 Romanis
1220 1335 1255 1404 lo

145 1444 280 1525 quentee
307 1435 469 1529 lactarent.
510 1438 599 1528 quod
625 1437 790 1529 inceptum
818 1461 932 1508 eorum
959 1437 1018 1505 ubi
1047 1439 1102 1506 ad.
1121 1440 1256 1511 Decium

145 1539 313 1611 consulem
334 1542 493 1632 perlatum
515 1552 580 1625 est,
608 1541 649 1610 ad
669 1541 785 1613 urbem
807 1566 850 1613 ex
869 1540 994 1611 Etruria
1014 1544 1154 1635 magnis
1177 1546 1256 1615 itine

139 1642 231 1712 'ribus
253 1644 355 1737 pergit
382 1644 475 1715 etin
505 1670 580 1736 agro
603 1645 785 1737 Pupiniensi
813 1648 854 1714 ad
881 1647 1001 1714 lamam
1029 1645 1183 1717 intentus
1207 1650 1256 1717 ho

148 1747 248 1819 :titum
269 1751 423 1820 consedit.
451 1774 511 1820 nec
526 1752 650 1821 Romae
671 1751 880 1845 spernebatur
900 1750 1106 1821 Umbrorum
1130 1753 1255 1838 bellum,

163 1977 190 2037 1.
215 1995 254 2034 oc
271 1976 310 2036 de
327 1999 362 2036 eo
379 1978 498 2054 quidem
516 1977 594 2035 nihil
611 1980 662 2035 im·
805 1979 923 2049 ‚petuo
951 1980 1052 2036 omni⁶⁴
1076 1988 1130 2040 eet.
1161 1983 1254 2039 otioso

214 2073 378 2143 patratum:
396 2065 419 2123 P
435 2087 471 2127 m.
489 2067 515 2126 1.
533 2064 569 2125 Μ.
588 2098 622 2111 -·
640 2065 663 2123 P
805 2069 835 2131 ii.
853 2098 887 2108 -
905 2062 946 2122 ll:
964 2064 1004 2121 hii
1022 2069 1167 2126 concitata
1184 2081 1232 2130 cet

216 2155 312 2215 m.1.:
336 2152 403 2209 adeo
427 2153 536 2230 quidem
554 2163 604 2212 cet.
629 2185 663 2198 ·-
735 2157 778 2215 11.
806 2153 890 2234 quod
913 2152 1062 2226 inceptum
1083 2174 1194 2214 eorum
1211 2158 1256 2214 uti

218 2235 308 2295 Verba
327 2259 452 2307 „annuae
470 2239 571 2297 datne“
593 2243 663 2297 cxci·
804 2241 849 2297 ud
864 2239 989 2296 Decium
1010 2260 1095 2300 conr.
1113 2240 1170 2321 (P:
1189 2249 1253 2312 eoi.)

219 2322 317 2380 derunt
334 2327 363 2379 in
380 2323 416 2383 Μ.
803 2327 952 2404 perlatum
969 2334 1032 2382 eet:
1050 2325 1111 2386 ΡΜ.
1142 2361 1176 2373 -
1199 2331 1253 2388 Pld:

165 2409 192 2468 Μ.
220 2411 354 2467 exercitu
376 2429 514 2466 romano:
531 2410 597 2485 ΡΜ]
619 2432 664 2470 ex·
806 2422 835 2471 et
852 2416 882 2471 in
899 2430 962 2486 agro
984 2415 1148 2491 pupinienet
1170 2417 1204 2474 ad
1220 2418 1254 2474 fa·

219 2497 317 2552 ercitui
339 2516 459 2557 romano.
494 2495 665 2566 Cf.4,1:.=
804 2520 876 2558 mam
902 2500 1021 2556 intentur
1045 2503 1171 2561 hostiurn
1196 2525 1252 2562 con·

216 2601 269 2640 usu
286 2592 432 2644 menstrua.
446 2583 479 2645 al.
495 2615 526 2626 -
539 2584 567 2643 Μ
578 2606 614 2646 m.
625 2589 665 2646 1.:
805 2588 891 2645 sedit:
918 2585 996 2656 „und
1021 2599 1111 2646 cetzte
1131 2591 1196 2650 sich
1218 2595 1259 2650 im·

188 2744 191 2753 1
217 2668 247 2728 in
266 2689 299 2728 eo
315 2670 425 2733 eduum.
441 2671 469 2730 Μ
486 2692 522 2733 m.
540 2674 566 2736 2.
581 2673 616 2733 P:
634 2675 665 2733 in
805 2673 904 2732 Gebiet
921 2694 974 2732 von
992 2674 1112 2754 Pupinia
1134 2677 1189 2737 lert
1208 2683 1252 2739 mit

217 2762 252 2815 ei:
281 2777 390 2819 annum.
419 2792 455 2805 -
483 2759 521 2818 P:
550 2781 666 2841 pensum
806 2782 903 2840 gruter
931 2761 1180 2823 Aulmerlreamlreit
1213 2766 1253 2824 aul

216 2841 281 2900 bine
303 2847 411 2904 tunicae
432 2849 461 2904 in
484 2848 596 2906 militem
620 2869 664 2907 ex·
807 2850 851 2906 dle
867 2848 1015 2908 Nachricht
1032 2870 1090 2907 ron
1108 2851 1251 2912 derAnnt·

158 2926 160 2933 '
218 2938 275 3002 arte
285 2933 423 2992 inmertiea
432 2934 594 2992 indutiarum
606 2935 665 2994 luit.
805 2936 909 3012 berung
921 2935 969 2992 der
981 2936 1085 2994 Feinde
1101 2938 1250 3000 warund‘t

218 3037 254 3077 m.
267 3019 310 3077 ΜΛ
330 3031 422 3091 exacte
439 3040 470 3077 ea
487 3026 595 3079 merties
614 3033 665 3083 cet.
806 3024 851 3091 26,
866 3028 907 3082 ou
926 3022 990 3080 inde
1007 3026 1037 3080 in
1048 3023 1196 3103 Pupiniam
1212 3045 1251 3083 ex·

105 3134 113 3149 ι
217 3135 252 3147 -
269 3103 344 3163 illm.
359 3110 398 3167 l.:
417 3127 447 3163 ea
465 3111 666 3167 mercestiarum
806 3110 893 3166 ercitu
910 3110 1039 3170 demisso.

127 3230 130 3239 ,
218 3190 278 3252 l'ult.
295 3212 331 3252 m.
349 3196 389 3254 2:
407 3192 565 3256 idutiarum.
604 3250 613 3265 ,
736 3199 780 3259 11.
806 3199 1182 3273 necllomacepemebatur
1190 3201 1252 3260 Um·

156 3266 191 3340 ἱ.
218 3282 403 3356 τναιιᾳιιὶῖὶαι
430 3303 479 3342 rer
502 3285 563 3343 iam
589 3293 666 3341 etru-
805 3285 926 3345 brorum
962 3282 1089 3342 bellum.-
1124 3286 1185 3346 ΡΜ.
1220 3319 1251 3330 -·

216 3366 294 3425 scis:
321 3366 371 3428 ΡΜ
400 3369 446 3429 al:
478 3371 586 3440 „sehon
607 3393 666 3429 war
803 3369 882 3430 Leid.
900 3391 932 3432 ιι
960 3372 1061 3430 bellum
1088 3374 1251 3434 umbromm.

89 3476 96 3495 ι
218 3452 263 3509 die
275 3453 354 3513 Ruhe
372 3458 400 3515 in
412 3456 538 3515 Etrurien
551 3460 666 3516 wieder·
807 3492 841 3502 -
859 3459 895 3516 P:
912 3469 940 3515 et
957 3463 1032 3538 ipsae
1046 3465 1137 3519 minae
1155 3473 1252 3520 metum

216 3537 383 3616 hergestellt‚
407 3543 470 3601 als“
488 3566 514 3604 u.
531 3565 554 3606 s.
569 3567 605 3604 w.
629 3577 665 3593 -
806 3545 924 3603 fecerant
942 3551 1060 3626 expertia
1072 3549 1168 3625 gallica
1180 3551 1253 3608 clade

217 3623 297 3687 Voss.
311 3649 339 3692 11.
357 3629 424 3695 Lov.
443 3633 484 3692 l:
508 3632 666 3712 tranquillas
809 3654 889 3714 quam
907 3637 1019 3692 intutam
1038 3636 1133 3694 urbem
1152 3638 1253 3696 incolo·

181 3776 183 3783 ¹
218 3715 665 3784 iamreeetruscir.-Leid.1.:
736 3744 739 3749 ·
808 3731 876 3781 rent.
907 3721 986 3781 lllm.
1007 3727 1044 3781 1.:
1064 3729 1185 3802 expertis
1203 3727 1253 3801 gul-

218 3807 359 3880 repentina
377 3806 487 3864 refectio
501 3809 665 3867 umbrorum.
805 3807 878 3880 liet}
895 3809 1004 3870 cladem.
1029 3829 1065 3869 m.
1084 3812 1124 3870 2:
1143 3813 1236 3889 gallici
1246 3815 1251 3888 Ι

162 3887 189 3947 6.
217 3890 241 3947 tr·
257 3895 403 3951 conducta
418 3898 499 3954 omni
514 3898 666 3957 iuuentute
806 3893 917 3956 cladem.
946 3897 977 3954 ln
995 3896 1071 3955 Leid.
1090 3918 1107 3957 ι.
1126 3899 1207 3960 Voss.
1226 3920 1253 3959 ιι.

212 3970 289 4065 Ιιιιτιι
313 3980 335 4038 P
358 4001 393 4044 m.
416 3985 443 4046 1.
475 4014 504 4027 -
531 3981 606 4046 Pm.
626 3985 664 4045 12:
805 3983 873 4044 Lot.
893 3985 920 4044 t.
946 3982 979 4046 al.
1006 3984 1167 4047 exciderunt
1188 3989 1253 4046 haee
