2618 4590
509 277 617 340 trouu
634 278 705 342 vui.
1090 265 1156 358 369

57 444 199 536 inceptis,
222 444 374 534 cogitaret
395 443 540 536 populus
551 441 715 509 Romanus
730 440 846 532 potius,
868 464 942 509 cum
957 456 1076 535 quanto
1092 454 1155 512 stu·

56 550 108 618 dio
131 549 338 639 periculoque
361 548 499 616 reditum
519 543 553 614 in
568 546 738 615 amicitiam
754 570 846 614 suam
860 553 951 614 'esset
972 573 1069 638 quam
1091 573 1154 640 qua

54 654 186 732 stultitia
208 664 241 720 ct
262 652 438 720 temeritate
462 652 502 718 de
530 649 636 719 officio
664 652 843 720 decessum.
880 651 1087 721 conlaudatus
1113 652 1153 720 ab

55 746 247 849 imperatore
268 758 327 824 tria
349 757 434 825 milia
457 755 594 822 militum
620 756 660 822 ad
690 757 909 847 occupandam
938 781 1010 823 eam
1031 770 1155 848 partem
1227 781 1232 793 ·

56 864 143 930 urbis
172 887 269 953 quam
297 863 457 930 Samnites
484 859 663 928 insidebant
696 860 834 952 accepit:
870 862 1028 952 praesidio
1063 861 1094 930 ei
1118 861 1190 947 us

58 968 224 1054 Quinctius
247 967 391 1047 tribunus
413 964 551 1032 militum
570 964 783 1055 praepositus.
1128 952 1132 959 ⁴

143 1073 262 1141 XXVI.
306 1071 605 1159 Eodemtempore
634 1069 871 1160 etNymphius
898 1083 1079 1162 praetorem
1100 1071 1156 1138 Sa-

54 1177 201 1244 mnitium
223 1187 290 1243 arte
311 1176 480 1265 adgressus
502 1173 687 1264 perpulerat
714 1185 765 1257 ut,
794 1174 945 1268 quoniam
968 1176 1071 1246 omnis
1095 1177 1156 1244 Ro-

56 1306 169 1348 manus
192 1280 349 1350 exercitus
371 1290 428 1345 aut
450 1279 533 1346 circa
555 1275 761 1369 Palaepolim
775 1290 830 1347 aut
851 1280 1038 1359 insomnio
1062 1291 1156 1365 esset,

54 1388 172 1453 sineret
193 1409 227 1453 se
251 1385 353 1452 classe
375 1381 570 1451 circumvehi
592 1384 632 1450 ad
646 1384 828 1450 Romanum
843 1409 954 1475 agrum
976 1411 1043 1454 non
1066 1408 1155 1454 oram
1169 1391 1204 1446 ¹0

55 1491 153 1558 modo
181 1490 277 1557 maris
300 1488 358 1556 sed
387 1488 447 1578 ipsi
474 1487 544 1558 urbi
572 1487 751 1580 propinqua
773 1489 845 1560 loca
873 1490 1157 1583 depopulaturum:

77 1663 87 1684 ⁸
126 1684 291 1759 „inceptum
309 1682 367 1740 is“.
387 1677 470 1738 simili
488 1677 570 1737 modo

124 1771 257 1848 scriptum
275 1776 316 1824 est
326 1769 355 1841 ip
366 1766 389 1847 P
401 1788 437 1827 m.
449 1770 488 1826 1.:
506 1769 569 1836 „iu-

125 1860 268 1934 ccptius“:
292 1873 372 1911 manu
398 1854 461 1911 dein
488 1853 570 1910 altera

126 1946 256 2020 scriptum
274 1943 356 1998 estin
369 1940 392 1998 P
406 1943 571 2019 ‚‚iucept'u“‚

124 2028 570 2110 quodDralenborcltiusiuomni·

124 2120 250 2176 busonis
274 2117 353 2175 codd.
375 2117 512 2193 mseriptis
530 2115 570 2170 io·

81 2277 83 2281 y
125 2208 206 2265 venit.
221 2203 469 2280 ct.ex.gr.25,37.:
480 2204 570 2259 sisue-

126 2296 251 2364 cessisset
263 2293 365 2368 coeptis
379 2290 454 2359 (Put.
464 2287 571 2360 coln).

125 2413 159 2426 -
172 2380 232 2438 Plll:
252 2381 381 2454 cogitaret
390 2401 421 2456 p.
433 2385 457 2436 i.
469 2379 568 2454 potius.

125 2502 160 2513 -
176 2468 212 2525 P:
236 2476 307 2525 esset
325 2485 487 2545 quamquam
502 2463 569 2522 stul-

125 2557 184 2614 titia
209 2564 259 2612 eet.
294 2551 322 2612 tl
348 2573 383 2612 m.
412 2558 450 2612 1.:·
477 2561 571 2621 „esset

127 2646 295 2722 quoiquam
325 2639 438 2697 stultitia
447 2644 478 2695 “r
520 2639 570 2696 sed

127 2732 190 2788 dein
213 2727 305 2784 eadem
331 2747 368 2786 m.
393 2729 418 2784 1.
441 2727 572 2800 scriptum

127 2827 169 2874 est
187 2837 247 2893 quo
269 2833 320 2892 pro
345 2834 410 2889 que.
441 2845 475 2856 -
504 2812 572 2873 Pall.

127 2904 198 2962 Voss
223 2921 252 2960 ιι.
283 2900 331 2960 al:
365 2920 445 2979 quam
474 2910 573 2978 quauta

126 2991 239 3050 stultitia
250 2998 300 3047 cet.
310 3020 343 3030 -
353 2987 427 3058 „l'iir
435 2985 494 3044 sich
503 2985 573 3052 habe

127 3101 157 3137 er
178 3078 246 3136 eben
270 3097 302 3133 so
319 3076 409 3152 menig
433 3083 518 3133 etwas
539 3094 573 3132 zu

126 3167 260 3241 hadingan
273 3163 312 3222 als
325 3185 358 3222 zu
373 3163 503 3232 erbitton:
521 3181 574 3220 nur

129 3256 157 3311 in
174 3253 266 3326 Bezug
287 3251 336 3308 auf
351 3251 400 3308 das
417 3248 503 3307 Wohl
520 3251 573 3307 sei·

129 3360 179 3407 ner
196 3337 350 3395 Vaterstadt
367 3340 436 3406 bitte
452 3358 482 3395 er
498 3337 576 3397 metr

130 3428 224 3484 darum
247 3424 286 3481 als
309 3425 415 3482 fordere
439 3444 483 3493 er,
511 3424 575 3482 dass

129 3534 211 3571 wenn
239 3514 297 3568 sein
329 3511 466 3588 Begiuuen
496 3512 575 3570 einen

131 3598 576 3677 gliiclliehenrlusganggentiana,

22 3688 28 3696 ’
84 3748 85 3752 ,
132 3689 180 3746 das
198 3686 333 3746 rimisclre
350 3685 421 3743 Voll
441 3685 515 3742 nieht
530 3705 575 3743 so·

130 3777 206 3834 wohl
229 3776 311 3832 daran
334 3773 438 3830 denleu
460 3773 576 3842 tudelle,

131 3867 186 3921 wie
202 3851 377 3920 uubesonnen
396 3863 436 3919 sio
451 3860 510 3918 sich
521 3880 576 3919 von

132 3952 205 4007 ihrer
222 3950 322 4009 Pllicht
340 3949 457 4006 entiornt
477 3949 576 4017 littera,

132 4037 172 4094 als
190 4037 319 4094 vielmebr
337 4037 391 4092 wie
407 4055 515 4111 gretser
523 4035 575 4092 Ge·

131 4125 192 4182 iahr
208 4127 249 4183 sie
264 4125 325 4185 sich
348 4133 509 4201 arrogarent,
530 4142 576 4182 um

31 4214 37 4235 ⁸
87 4230 116 4274 T.
131 4229 183 4275 Liri
196 4245 248 4290 pars
261 4230 294 4276 u.

712 1684 763 1739 mit
771 1682 853 1740 ilmen
864 1684 892 1740 in
905 1680 1158 1740 ireundselraltlicbe

713 1768 887 1846 Verbindung
909 1769 1107 1830 zuriiellehren
1124 1787 1158 1825 uu
1267 1816 1270 1820 .

712 1856 853 1917 linnon“.
927 1902 934 1919 .

658 1942 686 2002 3.
714 1944 959 2003 eorrloudetueob
973 1944 1157 2021 imperatore.

712 2050 748 2090 ru.
767 2023 948 2090 militum‘ad
958 2030 1159 2108 occupandum

684 2124 688 2131 “
713 2139 780 2177 eom
809 2129 925 2194 purtem
953 2121 1037 2177 urbis
1070 2135 1160 2196 quom

713 2205 865 2266 Samnites
888 2208 1059 2266 insidebant
1079 2224 1158 2262 acee-
1191 2236 1196 2243 ·

710 2289 1159 2367 perrumpet-1³
1272 2311 1278 2321 ·

712 2399 749 2440 m.
764 2383 801 2437 ia
820 2381 854 2437 ad
873 2380 1067 2460 occupandum.
1084 2377 1158 2438 tim.
1179 2446 1181 2452 Ι

694 2520 696 2525 ,
715 2469 757 2528 1.=
776 2469 846 2530 ortt.
864 2498 900 2514 ·-
917 2467 967 2526 Pit
984 2467 1061 2527 Leid.
1078 2465 1159 2527 nal:

626 2600 629 2602 -
681 2610 684 2616 .
713 2555 952 2630 „praesidiooiln¹
963 2540 1096 2632 Quintius
1102 2555 1158 2612 tbr.

714 2641 830 2700 militum
847 2646 1057 2721 praepositus“:
1085 2639 1159 2720 quod

713 2726 864 2789 litterarum
875 2731 1015 2788 metathesi
1029 2731 1160 2806 scriptum

715 2823 757 2869 est
780 2837 831 2893 pro
855 2819 911 2876 trb.
929 2820 1062 2876 militum.
1092 2813 1160 2870 Vos·
1191 2871 1194 2876 .

715 2902 785 2958 siani
803 2921 830 2960 ιι.
847 2901 973 2975 librarius
992 2903 1045 2959 hoc
1061 2900 1169 2963 mendo,

715 3007 772 3045 uon
801 2987 936 3046 intellecto
965 2990 1076 3070 scripsit
1104 2985 1160 3058 „Iu

672 3124 675 3133 ,
716 3074 862 3150 Quinctius
875 3078 1012 3146 ‘tribunus
1037 3095 1161 3136 romano·

715 3182 777 3222 rum
794 3162 940 3226 militum“.

662 3249 689 3309 7.
716 3251 820 3310 eodem
846 3263 978 3329 tempore
1005 3262 1035 3309 et
1060 3249 1161 3327 nyfiua

714 3348 883 3414 praetorem
898 3339 1080 3400 Samnitium
1096 3345 1162 3395 orte

716 3427 883 3505 adgressus
922 3427 1096 3509 perpulerat
1130 3432 1163 3482 ut

718 3521 768 3587 qr'ri
785 3516 880 3571 omnio
899 3522 960 3572 cot:
978 3512 1037 3571 Plll.
1052 3533 1096 3557 ⁸-
1120 3511 1161 3571 dl:

716 3601 817 3657 sineret
825 3621 856 3657 se
869 3599 980 3658 classem
989 3598 1162 3660 circumuehi.

717 3685 741 3744 P
757 3707 793 3746 m.
809 3691 848 3747 1.:
866 3690 968 3745 sineret
978 3709 1008 3746 se
1021 3688 1092 3746 clase
1109 3689 1160 3744 eir·

719 3774 852 3834 cumuehi.
869 3797 905 3836 m.
923 3778 964 3836 Ἅι
984 3776 1078 3834 classe.

648 3863 691 3921 ll.
718 3863 982 3940 depopulaturum:
1000 3863 1028 3920 M
1045 3883 1080 3921 m.
1093 3863 1119 3918 2.
1131 3859 1162 3920 P.
1184 3933 1186 3937 Α
1215 3929 1221 3941 .

722 3981 751 3992 -
762 3949 836 4010 itm.
851 3954 889 4009 1.:
901 3951 1162 4026 depopulatorum:

718 4046 749 4091 ut
773 4037 951 4099 dubitandum
975 4039 1013 4094 sit
1040 4058 1074 4094 an
1095 4035 1162 4095 {vera

718 4125 850 4202 scriptura
864 4110 1163 4281 [ιιοιξξιρόῃυὶὸιιιω
