2618 4590
127 263 241 357 ιιι
592 269 767 335 ursan

124 466 168 513 ee
188 463 318 532 quoquc
339 437 426 505 baud
447 435 553 502 minus
575 436 697 501 clarum
718 459 794 502 eum
813 431 933 501 iaciunt
954 471 997 483 —
1022 428 1187 499 cessisset
1201 429 1238 497 ri-

124 544 245 615 -delicet
265 545 298 611 in
320 543 387 611 acie
409 541 536 610 oblatus
559 565 616 631 par
637 539 776 607 Manlius
797 540 979 629 Torquatus
1002 547 1063 603 aut
1086 534 1239 603 Valerius

124 647 256 717 ,corvus
277 647 415 736 insignes
436 656 510 714 ante
532 645 648 712 milites
675 667 774 734 quam
802 644 914 724 duces,
943 641 1129 710 cessissent
1151 637 1239 707 Deci

130 751 254 833 devotis
277 751 464 843 corporibus
486 749 519 814 in
533 748 660 815 bostem
675 759 813 830 ruentes,
836 746 982 815 cessisset
995 744 1158 837 Papirius
1168 743 1238 809 Cur-

96 855 261 926 sortito
285 855 428 946 corporis
449 854 565 921 robore
586 852 642 919 illo
666 851 776 917 animi:
799 850 900 920 victus
922 861 1008 918 esset
1031 847 1187 917 consiliis
1200 847 1238 913 iu·

47 974 51 983 '
128 952 219 1033 benis
242 960 402 1028 unius·-
423 982 465 1026 ne
486 956 628 1047 singulos
650 956 813 1023 nominem
828 967 1023 1023 -senatus
1047 954 1121 1033 ille,
1146 976 1238 1044 quem

123 1064 250 1156 quiex
272 1064 399 1154 regibus
422 1072 567 1130 constare
590 1061 669 1127 dixit
690 1084 773 1127 unus
795 1084 904 1129 veram
928 1060 1077 1152 speciem
1103 1057 1238 1127 Romani

130 1179 260 1236 senatus
283 1167 378 1257 cepit.
417 1166 449 1233 id
471 1188 550 1233 vero
574 1176 642 1232 erat
667 1163 859 1255 periculum,
885 1189 926 1233 ne
948 1163 1123 1231 sollertius
1147 1186 1237 1254 quam

128 1271 266 1362 quilibet
287 1294 371 1339 unus
393 1294 435 1337 ex
456 1269 506 1335 bis
528 1292 610 1359 quos
633 1269 793 1338 nominavi
820 1271 929 1338 castris
957 1271 1072 1337 locum
1102 1278 1238 1359 caperet

74 1392 121 1449 ,10
131 1385 330 1445 commeatus
348 1372 521 1463 expediret,
543 1373 583 1439 ab
598 1373 715 1440 insidiis
730 1385 943 1465 praecaveret,
959 1385 1096 1462 tempus
1116 1393 1236 1464 pugnae

131 1476 294 1569 deligeret,
316 1477 418 1554 aciem
439 1477 610 1545 instrueret
630 1476 777 1545 subsidiis
799 1480 952 1545 firmaret:
980 1499 1050 1544 non
1074 1501 1160 1545 cum
1181 1477 1235 1542 Da-

131 1605 188 1652 reo
209 1605 280 1651 rem
301 1604 373 1651 csse
395 1581 534 1664 dixisset,
556 1606 655 1672 quem
669 1583 839 1655 mulierum
861 1606 899 1650 ac
912 1583 1105 1673 spadonum
1130 1602 1236 1672 agmen

149 1758 152 1763 ’
201 1756 343 1816 uidelicet
359 1759 391 1816 in
407 1708 471 1816 sciev
489 1755 543 1826 (lta
558 1758 646 1827 aciae)

158 1844 161 1851 '
202 1844 321 1903 oblatus
335 1854 470 1920 parcet:
488 1841 549 1900 Pll:
568 1844 646 1912 „und

100 1946 104 1953 '
127 1966 130 1971 -
200 1930 236 1988 da
253 1931 314 1989 siob
325 1930 478 1988 Alexander
494 1932 523 1987 in
541 1931 647 2004 eigenor

200 2016 305 2076 Persou
323 2019 384 2075 dem
395 2018 510 2095 Kample
527 2020 580 2074 wie
598 2017 647 2074 der

177 2166 181 2173 ,
199 2103 388 2181 gewbbulicbc
405 2104 501 2163 Soldat
518 2115 646 2180 nnoerzog

200 2223 235 2236 -
253 2211 286 2249 so
304 2191 408 2259 wiirda
426 2194 509 2250 meint
525 2191 583 2259 ilar,
602 2193 646 2246 ein

173 2338 176 2347 ¹
200 2276 316 2334 llanlius
337 2277 420 2354 Torq.
444 2277 511 2335 oder
532 2281 575 2334 ein
594 2277 645 2334 Va·

199 2359 284 2419 larius
302 2361 417 2431 Corvus,
434 2384 516 2420 wenu
534 2365 574 2419 sic
589 2366 645 2421 ibm

148 2510 151 2517 ¹
201 2448 230 2505 iu
243 2447 291 2504 der
303 2447 430 2505 Scblrcbt
441 2449 589 2523 gegemiber
601 2471 644 2524 ge-

153 2594 176 2602 ,,
198 2534 327 2602 straden,
354 2555 404 2592 vor
426 2536 482 2595 ihm
505 2538 644 2612 gewichen

132 2622 272 2701 ,‚3,„¹sein,
298 2620 408 2701 lltnper
430 2622 552 2680 die-crst
576 2623 643 2682 eben

165 2770 168 2777 ¹
199 2726 236 2785 so.
251 2708 643 2788 ausgezeicbnetalsSoldaten

786 1755 862 1818 λέων
878 1759 992 1816 πολλῶν
1009 1751 1176 1832 συνέδριον
1192 1780 1236 1825 φα·

787 1843 856 1918 vaip.

734 1933 761 1991 8.
788 1933 822 1988 id
838 1952 910 1990 uero
927 1939 994 1988 erat
1011 1932 1190 2006 periculum
1205 1947 1237 1984 ne

787 2020 940 2077 sollertius
981 2037 1075 2094 quam
1120 2017 1238 2096 quilibet

788 2126 865 2162 unus
877 2125 918 2162 aa:
930 2104 978 2161 his
991 2124 1072 2179 quos
1083 2103 1238 2165 nominaui

785 2193 893 2255 cornis
910 2193 1008 2249 locum
1032 2203 1162 2268 caperet
1178 2200 1235 2248 cet:

786 2277 848 2335 Pbl:
867 2278 940 2348 „das
957 2279 1024 2337 aber
1035 2288 1118 2337 wire
1136 2277 1236 2337 lreilicb

786 2386 820 2423 zu
838 2365 961 2423 lbrcbtcn
973 2385 1116 2440 genesen,
1135 2367 1199 2424 dass
1210 2385 1234 2420 er

785 2456 836 2511 mit
853 2453 929 2511 mebr
940 2453 1067 2511 Einsicht
1085 2453 1129 2512 als
1146 2452 1235 2530 irgend

785 2543 861 2598 einer
871 2561 924 2599 von
938 2541 1050 2597 denen“
1062 2561 1091 2600 u.
1101 2561 1126 2601 s.
1136 2563 1175 2602 w.
1192 2539 1234 2596 Sic

784 2631 812 2697 9,
826 2629 869 2686 16.
887 2648 987 2696 „nemo
1006 2648 1088 2687 unus
1101 2639 1163 2686 crat
1174 2630 1232 2687 rir“

784 2717 981 2792 scriptumest.

715 2802 759 2862 11.
783 2822 843 2859 non
866 2822 932 2858 cum
952 2803 1057 2862 Dareo
1080 2822 1148 2860 rem
1170 2822 1233 2860 esse

785 2890 930 2947 dixisset:
957 2889 980 2946 P
1005 2912 1043 2950 m.
1067 2892 1092 2947 1.
1111 2889 1155 2946 M:
1181 2909 1234 2959 „er

734 3022 747 3051 ,3
784 2976 879 3034 wbrde
902 2997 931 3033 es
957 2976 1035 3034 wobl
1060 2976 1161 3033 crllttrt
1186 2977 1232 3032 ba·

784 3063 851 3130 ben,
878 3063 942 3121 dass
968 3085 999 3120 er
1023 3085 1054 3122 es
1078 3062 1157 3121 niclrt
1183 3067 1232 3120 mit

783 3151 872 3207 sinam
883 3150 990 3208 Dareus
1002 3172 1037 3209 zu
1051 3151 1120 3209 tbuu
1130 3151 1229 3208 babe“.

784 3268 818 3280 -
840 3234 863 3294 P
885 3259 920 3296 m.
943 3241 983 3298 Ἅι
1006 3239 1094 3298 dario.
1120 3269 1155 3284 -
1178 3241 1228 3294 Da·

784 3344 861 3381 rcum
877 3345 939 3387 'nou
961 3327 1077 3382 Darium
1101 3327 1139 3383 ad
1165 3327 1227 3402 opti·

783 3431 892 3471 morum.
923 3415 1120 3490 inscriptorum
1153 3412 1228 3468 fidem

785 3497 818 3559 C.
836 3498 867 3560 Τ.
886 3500 1041 3577 Zumptium
1059 3509 1087 3556 et
1105 3500 1180 3578 apud
1196 3498 1226 3570 Q.

759 3584 908 3659 ¹‚Curtium
934 3588 1017 3644 scribi
1039 3589 1161 3645 iussisse
1185 3604 1225 3642 uo·

769 3683 839 3748 ..tum
862 3684 911 3734 est.
938 3705 973 3728 -,-
999 3672 1041 3730 ld:
1070 3673 1226 3731 honeratam

782 3761 904 3819 fortunae
922 3761 1097 3837 apparatibus
1110 3782 1185 3820 suae.
1197 3787 1226 3802 ··

780 3847 848 3908 Pm.
860 3851 898 3908 1.:
910 3847 1036 3924 praedam
1046 3850 1143 3906 uerius
1153 3866 1226 3927 quam

781 3941 849 3996 orti.
862 3966 896 3977 -
908 3935 948 3989 ll:
966 3932 1033 3990 nibil
1052 3933 1133 3993 aliud
1151 3953 1224 4014 quam

780 4021 850 4080 bene
867 4040 947 4078 ausus
964 4040 1032 4077 uana
1053 4029 1225 4100 contipnere.

779 4107 824 4169 Gi.
842 4109 871 4168 1.
885 4111 1160 4169 &recruduerant
1270 4172 1272 4177 ,

139 2854 144 2875 Ι
193 2812 324 2875 gesseron
340 2799 395 2855 wie
406 2798 524 2855 mehler
537 2798 642 2858 alsrln-

122 2938 126 2957 .
166 2958 169 2962 Ι
198 2878 331 2939 fatrem
360 2880 403 2943 cf.
422 2888 515 2953 7,,10.
539 2889 582 2947 25.
608 2921 643 2930 -

150 3042 154 3051 ¹
198 2962 266 3027 Pall.
291 2969 315 3027 1.
338 2971 379 3028 3.:
402 2973 528 3029 cessisset
549 2974 644 3032 uideli-

197 3061 243 3110 oet
265 3051 370 3112 oblatus
392 3055 506 3115 Manlius
523 3058 644 3136 Torqua·

198 3134 252 3195 tus.
272 3169 305 3181 ·-
323 3139 359 3197 P:
378 3145 504 3202 cessisset
519 3144 644 3224 Papirius
711 3194 715 3199 -

131 3216 135 3229 ¹
160 3214 174 3311 ἰ
190 3206 354 3285 ¹Cursorillo
365 3234 486 3310 corporis
495 3231 542 3290 illo
551 3236 641 3296 animi.

144 3364 173 3422 6ss
199 3377 288 3440 quem
307 3370 360 3445 qui
375 3389 416 3426 ex
437 3373 557 3451 regibus
575 3396 643 3433 con·
707 3412 710 3419 ·

142 3480 164 3487 ··
197 3454 455 3515 aluredianam
467 3479 568 3517 ueram
578 3484 643 3538 spe·

198 3539 273 3593 ciem
287 3544 405 3598 romoni
418 3556 540 3619 senatus
551 3552 642 3624 cepit:

121 3648 124 3652 ·
195 3619 261 3679 PM:
280 3646 355 3692 „von
373 3628 435 3687 dem
454 3633 502 3688 der
516 3667 549 3677 -
563 3636 643 3694 alleirr

197 3706 243 3762 eiu
264 3711 390 3788 ricbtiges
413 3717 475 3775 llild
498 3721 643 3798 aulgclasst

197 3791 302 3856 batte“.
321 3795 364 3858 Cf.
382 3799 452 3865 Plnt.
469 3805 564 3882 Pyrrh.
584 3813 641 3870 19.:

195 3876 305 3942 Roiw
323 3917 357 3929 -
380 3889 416 3947 roi
442 3886 465 3949 τ’
493 3891 572 3952 ἄλλα
601 3899 641 3968 rei

122 3982 125 3987 '
195 3966 303 4044 ,Πῦᾆρω
329 3973 440 4048 φράσαι
466 3979 519 4037 καὶ
544 3984 639 4051 εἰπεῖν,

195 4049 236 4116 ὧι
251 4055 269 4127 ἦ
287 4057 450 4156 admirarer
460 4066 541 4137 αὐτῷ
557 4079 640 4138 βασι·
