2798 4722
446 315 451 318 ,
495 203 635 290 'suun
653 229 710 293 vn.

1101 218 1164 286 251
1202 255 1204 267 ι

49 396 196 462 randum
226 391 385 484 proelium
412 392 484 462 ciet
518 403 606 460 stant
632 391 741 462 obnixi
763 391 938 478 Samnites,
969 384 1166 485 'quamquam

53 501 146 592 plura
172 498 337 589 accipiunt
359 523 457 588 quam
478 496 618 568 inferunt
638 487 786 567 vulneia:
809 499 1003 590 aliquamdiu
1025 499 1088 566 iam
1109 523 1163 588 pu-

54 615 195 696 gnatum
218 589 304 688 erat}
324 615 415 672 atram
437 603 553 673 caedes
575 604 660 670 eirca
681 602 769 694 signu
790 603 996 690 Samnitium,
1028 603 1102 694 fuga
1125 603 1165 670 ab

55 711 144 777 nulla
169 711 252 776 dum
273 721 363 801 parte
386 719 469 792 erat,
496 708 578 776 adeo
599 709 796 778 mortesela
823 710 907 778 vinei
934 709 1166 778 destinaverant

56 814 184 884 animis.
220 815 330 906 itaque
352 812 488 882 Romani
510 837 586 882 cum
608 823 641 883 et
661 811 761 882 fluere
783 813 848 882 iam
875 815 1060 884 lassitudine
1082 812 1165 881 vires
1184 821 1200 876 5

56 921 215 988 sentirent
238 931 272 988 et
292 919 354 987 diei
366 919 464 988 -hauil
486 918 625 986 multum
646 941 825 1010 superesse,
847 920 972 989 accensi
993 920 1039 988 ira
1061 917 1165 1010 conei-

57 1037 126 1093 tant
153 1049 194 1093 se
222 1024 257 1093 iu
283 1025 422 1094 hostem.
459 1033 530 1092 turn
556 1023 696 1114 primum
723 1024 833 1094 referri
860 1024 978 1116 pedem
1004 1035 1100 1114 atque
1122 1021 1166 1090 in-

58 1131 168 1198 clinari
190 1152 262 1197 rem
282 1130 315 1197 in
337 1130 446 1221 fugam
468 1128 622 1220 apparuit,
643 1140 714 1198 tum
736 1130 806 1219 capi
829 1130 931 1198 occidi
946 1130 1083 1214 Samnis,
1104 1152 1166 1195 nee

61 1235 298 1324 superfuissent
319 1232 411 1300 multi
431 1232 464 1300 ni
485 1256 553 1302 nox
574 1233 740 1302 victoriam
761 1235 862 1326 magis
889 1259 988 1327 quam
1009 1234 1167 1327 proelium

58 1339 252 1408 diremisset.
288 1348 322 1408 et
346 1337 484 1406 Romani
515 1337 696 1410 fatebantur
723 1363 901 1431 numquam
928 1365 1005 1412 eum
1032 1339 1174 1436 pertina-u
1182 1348 1216 1406 10

128 1550 242 1608 nomina
269 1551 392 1629 proxime
421 1549 580 1608 anteceden-

127 1637 170 1694 tia
198 1637 271 1716 apud
293 1637 401 1697 Livium
429 1636 514 1695 relata
540 1640 580 1696 vi·

128 1723 252 1784 deumne.

78 1812 102 1871 1.
130 1819 215 1870 stant
240 1813 345 1869 obnixi
365 1809 531 1871 Samnites:
556 1809 580 1870 P
634 1842 638 1850 v

129 1919 168 1958 m.
187 1901 214 1959 2.
241 1931 276 1948 .—
305 1899 381 1959 Pm.
405 1904 444 1958 1.:
468 1901 578 1963 obnoxi.

129 1987 205 2046 Harl.
221 2007 239 2046 r.
257 1985 334 2046 Leid.
348 2007 382 2047 ω
401 1987 520 2050 obnoxii.
543 2019 578 2030 -

128 2075 173 2132 lii:
200 2084 292 2132 astant
312 2075 415 2134 obnixi.
441 2074 535 2135 Lovel.
552 2079 579 2136 4.

128 2160 216 2240 Neap.
234 2159 308 2221 Late
327 2164 437 2223 instant.
455 2191 490 2206 -
517 2163 578 2220 Pul:

130 2253 237 2323 quiqui
248 2280 283 2290 —
296 2249 439 2327 aliquidiu.
450 2281 484 2294 -
497 2249 580 2311 Recc.

133 2333 210 2411 quid.
236 2332 330 2393 cedde
361 2346 461 2404 „atrox
484 2340 580 2396 caedes

137 2430 206 2476 orta
228 2422 299 2477 eirea
327 2423 425 2498 signa“
452 2437 504 2486 eet.
532 2427 582 2484 sed

111 2517 201 2566 erat
230 2510 348 2586 pastinat
375 2510 411 2569 ed
439 2522 563 2592 ntrumqu

130 2594 230 2656 laeum.
553 2631 559 2636 -

77 2687 106 2744 5.
133 2701 201 2752 curn
218 2693 247 2742 et
256 2673 359 2758 flu'ere
376 2688 437 2744 iam
458 2690 581 2748 lassitu-

132 2771 203 2828 dine
221 2773 458 2833 usercensem
475 2785 505 2833 ct
519 2777 583 2834 diei

134 2856 221 2915 haud
248 2861 374 2918 rnultum
408 2851 582 2938 superesse.-

132 2941 271 3006 Pflarl.1
298 2943 375 3007 Leid.
395 2968 414 3008 1.
441 2949 492 3021 aL]
520 2969 582 3008 eum

132 3033 582 3113 etiluere-supereseet(Vess.u.

132 3119 232 3198 aliique
251 3141 319 3182 rece.
338 3123 442 3196 eedd.).
454 3123 530 3186 -M
545 3144 581 3184 m.

135 3211 175 3271 1.2
193 3229 277 3278 „eum
295 3220 323 3266 et
336 3211 420 3269 fluere
432 3215 485 3270 iarn
502 3211 582 3270 lasei-

134 3295 240 3354 tudine
256 3299 328 3356 uires
350 3302 451 3357 sentire
475 3309 503 3356 et
527 3298 582 3356 diei

132 3383 205 3441 haud
223 3384 336 3444 multum
348 3392 521 3464 superesse“.
546 3406 582 3446 m.

134 3473 174 3532 3.=
201 3476 360 3541 ‚,seutiret“
378 3501 413 3520 ⁴-
435 3493 583 3553 „superes-

135 3564 206 3616 set“.
237 3559 319 3621 Reae.
337 3561 391 3620 due
410 3561 502 3621 cedde
521 3581 582 3619 eum

134 3644 252 3711 effluere.
264 3643 305 3694 '-·
333 3651 389 3726 Qui
412 3657 584 3726 superesset

137 3736 219 3793 scribi
241 3735 401 3806 voluerunt,
427 3737 482 3794 ieci
503 3739 583 3798 ratio-

135 3839 195 3876 nem
217 3822 280 3882 'nen
307 3833 510 3903 perspexerunt.
540 3825 584 3884 his

137 3907 241 3966 duabus
269 3914 341 3966 enim
368 3914 457 3969 causis
485 3911 584 3970 milites

137 3993 254 4054 Romani
272 3997 380 4075 impulsi
393 4008 464 4068 sunt,
482 4008 512 4056 ut
529 4021 584 4058 ma·

138 4085 205 4153 iere,
219 4086 301 4144 etiam
323 4105 404 4164 quam
430 4095 507 4144 antea
535 4090 584 4148 im·

721 1559 787 1628 petu
803 1551 922 1610 bestium
940 1553 1024 1610 aciem
1044 1549 1168 1628 aggrede-

722 1647 831 1697 rentur:
857 1637 953 1708 altera‚
972 1639 1046 1716 quod
1064 1638 1168 1693 Samni·

721 1727 834 1782 tesiam
851 1722 924 1783 vires
946 1723 1106 1782 videbantur
1124 1723 1168 1779 de·

720 1811 802 1870 ficere
819 1815 957 1890 magisque
975 1814 1072 1868 animis
1089 1831 1169 1888 quarn

721 1902 826 1960 viribus
845 1921 939 1960 eorum
956 1899 1169 1964 ressustentari;
1242 1891 1244 1895 ’

722 1987 819 2058 altera,
849 1989 924 2066 quod
953 1987 1027 2045 haud
1058 1984 1171 2043 multum

722 2076 778 2133 diei
805 2096 947 2151 superesse
969 2073 1110 2142 videbant,
1140 2082 1172 2130 ut
1207 2139 1211 2152 1

723 2174 777 2233 aut,
796 2165 850 2220 nisi
862 2184 956 2238 magno
970 2163 1060 2240 alique
1074 2169 1171 2217 conatu
1248 2201 1250 2206 .

722 2253 863 2308 victoriam
887 2251 1002 2328 adipisci
1026 2245 1169 2306 contende·

724 2348 798 2409 rent,
820 2361 876 2396 uon
900 2337 1062 2396 debellatum
1083 2334 1172 2391 videri

723 2436 819 2505 posset
848 2445 1003 2503 novumque
1020 2420 1171 2502 proelium

723 2515 943 2574 committendum
961 2523 1042 2581 esset,
1070 2519 1116 2566 aut
1134 2517 1171 2575 ut,

672 2609 675 2614 '
725 2605 846 2680 quamvis
868 2605 923 2680 ipsi
947 2604 1001 2660 iam
1027 2596 1171 2681 pugnando

723 2689 789 2748 fessi
807 2700 911 2756 essent,
932 2687 1080 2746 dummodo
1098 2685 1172 2742 omni

725 2797 774 2834 sua
792 2779 821 2835 vi
838 2779 867 2832 in
889 2777 1008 2832 hostium
1028 2776 1112 2830 aciem
1131 2773 1171 2825 in·

726 2883 850 2940 rumpere
873 2871 1048 2927 sanarentur,
1069 2859 1171 2914 brevis·

724 2951 788 3008 simi
809 2951 941 3027 temperis
965 2957 1114 3004 extremum
1140 2943 1171 2998 il-

724 3038 772 3095 lud
802 3047 938 3100 certamen
973 3034 1031 3092 sore
1064 3051 1173 3112 sperare

723 3133 843 3206 possent

670 3216 698 3275 8.
724 3223 787 3271 tum
804 3215 872 3288 cupi
889 3213 984 3272 occidi
995 3209 1132 3271 Samnis:
1149 3207 1172 3264 P

723 3321 759 3363 m.
777 3305 803 3360 2.
821 3299 858 3360 Μ.
883 3331 916 3342 ·-
944 3299 1018 3358 Pm.
1041 3301 1077 3356 L:
1102 3297 1173 3351 ecci·

725 3389 773 3448 dit.
792 3420 826 3433 -
853 3387 934 3446 Reae.
953 3385 1048 3452 eodd.:
1068 3383 1172 3440 Samni·

725 3469 1172 3542 mffiQQQm-OE

724 3565 802 3632 55&
821 3561 907 3618 imber
925 3569 1026 3617 certam
1038 3561 1121 3634 magis
1134 3559 1173 3612 vi-

727 3651 840 3707 sturiam
867 3669 947 3726 quarn
973 3645 1105 3726 proelium
1132 3645 1172 3702 di·

725 3739 813 3796 remit.
925 3745 928 3756 '

656 3828 699 3884 10.
725 3824 895 3884 etRomani
903 3823 1171 3896 fatebunturnum·

727 3931 819 3987 quam
836 3929 901 3966 cum
910 3909 1108 3985 partutaciora
1122 3907 1172 3964 Ιιο·
1280 3943 1284 3950 -
1316 3919 1319 3926 ·

725 4006 772 4056 ste
789 3999 971 4072 conflatum:
989 3995 1021 4055 P.
1034 4025 1069 4038 -·
1087 3993 1126 4052 M:
1146 4005 1173 4050 et

726 4087 831 4144 romani
849 4083 1007 4144 ferebantur
1028 4102 1173 4160 numquam
