2618 4590
515 258 688 320 utens-lx.
1090 246 1155 316 431

56 433 232 493 servantur.
271 421 342 512 quis
365 421 451 489 enim
479 446 518 489 ea
545 421 704 489 tuebitur?
738 419 864 489 inbellis
891 421 1040 492 videlicet
1058 436 1155 518 atque
1219 464 1222 477 «
1277 450 1282 463 ’

26 575 36 606 ·.
54 529 182 597 inermis
211 527 384 594 multitudo
406 553 465 593 -r
495 537 562 594 tam
588 526 720 594 hercule
743 532 842 616 quam
868 550 887 592 a
910 526 1075 596 Gallorum
1098 530 1160 597 im··
1250 551 1253 569 ¹

54 645 132 725 petu
155 633 305 700 defendit.
330 656 370 699 an
393 629 504 699 aVeis
526 626 702 700 exereitum
717 624 953 722 Camillumque
975 633 1090 701 ducem
1109 635 1156 711 in·
1265 716 1268 723 Ι

53 737 249 830 plorabunt?
270 738 323 806 hie
346 757 459 806 omnes
481 759 555 827 spes
572 760 716 828 opesque
730 747 814 819 sunt,
836 759 916 826 quas
931 738 1086 807 servando
1100 763 1154 830 pa·
1265 749 1269 759 “

53 830 147 911 triam
175 852 355 926 servamus,
384 837 537 909 dedendo
554 842 595 909 ad
618 862 735 910 necem
763 843 899 933 patriam
921 841 1096 909 deserimus
1117 864 1191 920 aco

53 947 228 1039 prodimus.
267 958 300 1014 at
320 946 415 1015 laeda
438 958 534 1038 atque
556 946 766 1048 ignominiosa
789 946 907 1014 deditio
931 958 981 1014 est
1002 972 1061 1012 -τ
1096 949 1161 1016 sed·

55 1077 94 1120 ea
117 1054 228 1120 caritas
250 1052 370 1142 patriae
399 1062 449 1119 est
474 1063 511 1120 ut
534 1062 606 1121 »tam
632 1043 804 1144 ignominia
833 1075 906 1119 eam
933 1047 1031 1142 quam
1051 1040 1175 1124 morte'

54 1168 161 1225 nostra
184 1158 212 1224 si
234 1178 316 1249 opus
338 1143 379 1224 sit
392 1168 568 1224 servemus.
608 1158 762 1226 subeatur
783 1181 860 1248 ergo
874 1157 935 1222 ista
950 1168 1156 1246 quantacum*
1218 1155 1221 1161 ’

32 1286 118 1353 ,que
141 1273 190 1330 est
209 1261 432 1357 indignitasct
457 1272 609 1352 pareatur
627 1261 810 1332 necessitati
838 1285 937 1351 quam
958 1283 1001 1328 ne
1023 1261 1065 1328 dii
1088 1262 1156 1354 qui-

54 1367 129 1434 dem
151 1377 317 1457 superant:
338 1367 384 1434 ite
405 1366 565 1449 consules,
585 1366 731 1436 redimite
754 1366 850 1434 armis
871 1365 1031 1434 civitatem
1054 1387 1202 1461 quamro
1241 1374 1245 1389 ’

53 1494 131 1540 auro
153 1472 290 1540 maiores
311 1471 409 1540 vestri
429 1461 668 1540 redemerunt“.

124 1670 569 1747 aiqueinermismultitudotam
628 1704 631 1709 ,

125 1759 246 1816 hercule
266 1766 331 1814 cet:
355 1756 386 1817 P.
409 1789 444 1800 -
474 1758 569 1816 Omni.

123 1846 175 1901 bns
187 1847 227 1901 eis
239 1864 308 1921 quae
322 1846 393 1901 inter
404 1846 491 1902 inmo
503 1846 569 1904 leer-

710 1669 779 1727 Pm.
794 1671 832 1728 la
850 1689 884 1725 an
899 1667 990 1727 auehis
1009 1670 1154 1729 exercitum

711 1765 762 1816 cet.
779 1755 819 1813 lll:
839 1756 984 1815 anauheis
996 1759 1152 1832 exereitum}

711 1844 896 1922 camillamque
915 1855 966 1903 ceta
1087 1900 1090 1905 ,

122 1934 188 1990 culo
206 1942 234 1989 et
249 1941 312 1989 tam
323 1931 444 1990 hercule
453 1932 517 1990 inl>
531 1932 567 1992 le·
656 1955 682 2013 4,
709 1954 758 2014 hic
787 1974 889 2012 „mm
918 1975 989 2030 spes
1024 1973 1154 2032 opesque

61 2068 64 2074 .
123 2030 224 2095 gantur
253 2020 422 2096 neglegenter
449 2031 569 2099 praeter-

122 2110 214 2164 missis
226 2106 293 2174 nihil
304 2110 333 2164 iu
345 2106 373 2182 Μ
384 2110 514 2186 seriptum
527 2118 568 2166 est

122 2196 176 2253 nisi
206 2195 261 2257 hoe
288 2193 440 2263 „incolitur
458 2199 465 2270 Ι
484 2199 566 2255 immo

121 2283 222 2340 ercule
243 2283 285 2341 lris
302 2303 382 2359 quam
399 2304 415 2339 a
436 2283 567 2360 gallorum
606 2314 608 2320 ·

121 2372 224 2449 impetu
236 2369 377 2429 delendit“
390 2380 441 2430 cet.
457 2370 489 2428 ln
497 2371 566 2430 Nea·

120 2457 176 2534 pol.
212 2457 312 2515 Latinii
345 2461 484 2516 inventum
525 2472 568 2519 est
663 2474 668 2485 '

122 2565 206 2613 ‚‚una
231 2545 339 2603 hercule
360 2547 513 2623 produntur
534 2570 566 2606 ea

121 2635 235 2688 omnia“
253 2642 304 2691 eet.

69 2719 96 2777 2.
124 2728 186 2775 tom
197 2718 317 2775 hercule
335 2739 425 2794 quam
436 2740 456 2776 a
469 2722 566 2798 gallo-

122 2825 190 2862 rum
207 2806 480 2880 impeludesendit:
488 2807 519 2866 P.
531 2838 567 2852 -

124 2892 292 2970 Quamquam
316 2895 345 2950 iu
364 2891 395 2951 Μ
416 2895 568 2951 invenimus

64 3000 68 3013 ·
123 2980 235 3049 „ercule
244 2980 287 3037 his
298 2979 496 3058 qnamagall.“
505 2993 567 3050 eet,

123 3078 211 3127 tamen
234 3071 281 3125 vix
302 3069 414 3125 dubium
436 3078 479 3124 est
501 3064 566 3146 quin

121 3154 189 3211 illud
207 3155 255 3212 his
273 3158 371 3213 erranti
391 3155 501 3213 librario
521 3158 567 3214 de·

122 3244 230 3298 beatur:
252 3243 305 3298 nisi
324 3243 392 3299 lorte
410 3242 502 3301 dicere
518 3265 565 3302 vo·

121 3328 173 3386 luit
198 3331 225 3389 iu
257 3329 320 3386 aliis¹
344 3328 422 3387 libris
451 3332 568 3388 inveniri

122 3416 312 3485 „hercules“‚
343 3427 392 3474 aut
418 3438 568 3494 pronomen
605 3454 608 3467 ‹

121 3496 197 3562 haee
214 3507 243 3560 iu
261 3502 309 3560 leis
321 3503 402 3560 latet:
420 3515 497 3572 „tam
508 3505 567 3562 laer·

120 3591 194 3647 rcule
208 3591 273 3647 haec
285 3589 360 3658 (scil.
373 3589 515 3649 multitado
527 3596 568 3649 in·

72 3726 73 3730 ,
119 3678 216 3747 bellis)
233 3678 327 3736 urbem
345 3678 476 3737 defendet
489 3699 569 3758 qoam

122 3787 137 3822 a
157 3766 242 3822 Gallis
260 3764 381 3823 defendit
388 3770 413 3823 “.

64 3853 92 3909 3.
119 3872 160 3908 an
182 3857 203 3908 d
226 3854 300 3913 Veia
322 3857 484 3911 exercitam
510 3856 566 3913 Ca·

102 3941 291 4016 >miliumque
309 3942 414 3998 ducem
439 3943 567 4021 inplora-

118 4027 243 4084 tanat>
265 4051 300 4087 m.
323 4030 364 4099 2]
393 4050 426 4085 an
450 4049 464 4084 a
493 4027 566 4086 Veiis

114 4125 167 4179 cet.
185 4113 229 4173 (ll.
246 4118 273 4184 5,
285 4116 341 4174 52:
360 4115 458 4175 aveir.
477 4114 511 4174 al.
528 4147 562 4170 .—

709 2050 793 2098 sunt:
816 2042 865 2098 ΡΜ
888 2041 948 2099 cod.
970 2040 1028 2100 Gel.
1052 2072 1088 2085 ·-
1113 2042 1152 2099 lll:

708 2126 754 2184 lrie
772 2138 830 2185 ouis
848 2149 910 2205 spes
925 2137 1028 2186 cets-
1046 2128 1089 2186 M:
1107 2129 1152 2186 de·

641 2247 655 2270 a
710 2215 800 2272 dendo
819 2216 854 2272 ad
870 2236 963 2272 necem
975 2218 1089 2294 patriam
1107 2216 1153 2273 de·

707 2305 837 2362 serimraa.
872 2313 911 2359 at-
928 2303 993 2375 soe!
1009 2302 1044 2359 da
1072 2296 1158 2382 atque*
1219 2346 1222 2351 -

682 2391 883 2465 ignominiosa
906 2390 1013 2448 dedicio
1036 2401 1079 2449 est
1103 2392 1153 2449 sed

707 2498 738 2532 ea
756 2481 854 2535 caritas
872 2484 975 2557 patriae
992 2489 1034 2536 est
1051 2490 1082 2537 nt
1098 2491 1153 2538 tam

707 2567 838 2640 ignomini
865 2587 931 2624 eam
960 2588 1040 2644 quam
1065 2577 1153 2624 morte

706 2664 798 2710 nostra
815 2658 840 2711 si
859 2676 927 2733 opus
946 2664 987 2711 est
1006 2675 1152 2714 cernemus.

708 2761 744 2797 m.
755 2743 794 2799 2:
807 2745 936 2815 ignomini
949 2762 1054 2818 aquam
1066 2753 1153 2799 morte

708 2836 759 2882 cet.
791 2827 867 2886 Laid.
887 2847 904 2885 r.
928 2827 978 2884 al.:
1004 2831 1153 2904 ignominie

707 2931 767 2967 eam
784 2903 863 2991 quam
881 2925 975 2983 morte.

655 3035 681 3092 8.
708 3035 850 3094 subeatur
866 3059 938 3118 ergo
956 3039 1016 3096 ista
1029 3045 1152 3115 quanta·

706 3127 801 3201 cuique
818 3133 864 3180 est
881 3125 1059 3204 indignitas:
1075 3123 1107 3184 P.
1120 3155 1151 3165 —

707 3207 747 3266 ll:
779 3214 1083 3288 quanltocumqsest.
1116 3242 1152 3255 -
1180 3270 1184 3275 ,

709 3297 770 3354 Pit:
789 3320 824 3355 ne
841 3300 880 3357 dii
898 3300 1014 3376 quidem.
1032 3299 1113 3359 Voss.
1125 3319 1151 3360 η.

708 3382 775 3444 Lov.
788 3388 814 3443 4.
833 3384 882 3444 al.:
899 3407 949 3441 nec
967 3385 1005 3441 dii
1024 3387 1143 3462 quidem'

640 3508 684 3566 10.
713 3508 752 3564 ite
768 3515 845 3568 eois.
863 3507 998 3566 redimite
1009 3511 1102 3569 armis
1115 3512 1152 3567 oi·

711 3596 831 3652 uitatem
855 3615 944 3672 quam
966 3616 1043 3654 auro
1061 3598 1152 3654 maia·

711 3702 759 3737 res
778 3685 872 3739 uestri
885 3683 1087 3741 redemerunt:
1104 3678 1154 3739 ΡΜ

709 3767 776 3828 Lov.
794 3772 819 3827 l.
840 3800 871 3811 —
895 3768 1019 3830 Laida:
1037 3773 1153 3827 maiores

710 3858 843 3914 uenostri.
861 3856 941 3917 Recc.
957 3859 1051 3918 codd:
1070 3861 1152 3917 maio·
1229 3891 1232 3898 .

708 3962 751 3998 res
774 3947 869 4003 nostri.
905 3943 948 4002 ci.
967 3950 998 4014 5,
1015 3947 1073 4005 ΜΛ
1097 3966 1153 4004 ma-

707 4031 779 4085 ximo
803 4033 901 4106 gaudio
928 4038 1152 4108 patronium·

707 4134 775 4177 rum.
794 4117 827 4178 al.
