2798 4724
479 217 589 330 curn
606 267 663 333 vu.

940 229 942 238 ’
1060 263 1121 334 171

44 459 130 505 secum
151 432 224 524 acie
247 432 448 504 conflixisse?
470 440 667 524 spectatores
688 454 808 524 paucos
830 434 923 526 fugae
941 438 1122 530 trepidatio

46 541 132 632 risque
146 537 318 616 Gallorum
340 537 430 608 extra
450 549 559 628 portas
568 560 730 630 egressos,
751 549 923 630 postquam
943 541 977 610 iu
993 567 1028 611 se
1044 568 1121 634 quo-

46 669 88 736 que
107 644 173 710 fieri
195 641 356 735 impeturn
376 643 512 712 viderint
533 655 567 712 et
588 643 656 710 sine
679 642 858 713 discrimine
886 645 999 716 obvios
1023 648 1122 734 caedi,

46 749 178 840 recepisse
202 773 242 818 se
262 748 344 816 intra
365 747 494 816 urbem:
517 757 590 816 eam'
610 771 680 815 rem
695 748 856 840 triumpho
872 750 999 841 dignam
1018 753 1122 820 vismn
1192 735 1197 746 ¹

46 854 184 922 Romanis:
208 878 252 923 ne
274 852 368 920 nimis
388 852 506 920 mirum
527 876 743 948 magnumque
760 867 927 924 censerent
947 856 1150 938 tumultumu

47 960 142 1028 exciere
162 958 198 1026 in
221 959 365 1028 hostiurn
385 957 495 1048 portis,
516 957 672 1028 maiorem
686 958 774 1050 ipsos
790 959 1033 1052 trepidationem
1049 973 1122 1030 ante

47 1063 143 1131 noenia
165 1088 229 1132 sua
252 1064 386 1133 visuros.

108 1167 174 1238 XII.
219 1169 335 1260 Itaque
362 1166 542 1259 insequenti
567 1191 651 1236 mmo
672 1166 718 1234 M.
740 1166 877 1258 Popillio
899 1167 1040 1238 Laenate
1062 1169 1138 1246 Cn.

47 1272 138 1340 Medio
159 1274 351 1344 oonsrdibus
377 1273 482 1365 primo
503 1272 629 1352 silentio
656 1271 758 1340 noctis
787 1272 827 1338 ab
849 1272 968 1342 Tibure
998 1274 1122 1364 agmine

47 1379 132 1447 infesto
160 1378 302 1470 profecti
328 1378 369 1448 ad
399 1378 513 1448 urbem
533 1378 672 1446 Romam
698 1387 864 1448 venerunt.
899 1389 1170 1452 terroremre·10

47 1491 117 1571 pente
141 1506 183 1552 ex
211 1507 332 1552 somno
360 1482 503 1552 excitatis
530 1482 636 1552 subita
668 1505 719 1551 res
757 1493 790 1550 et
821 1492 996 1552 nocturnus
1023 1506 1125 1574 pavor
1166 1541 1171 1549 .

96 1729 125 1770 n.
143 1711 180 1772 1.=
199 1713 382 1773 continue.
399 1743 434 1760 -
461 1710 540 1773 Multi

96 1817 157 1861 rece.
175 1799 275 1860 codd:
293 1801 340 1858 uhi
353 1803 430 1858 eninr
447 1821 540 1858 secum

681 1711 833 1771 unium
857 1720 921 1770 ante
945 1713 1051 1770 moenia
1076 1732 1125 1772 sua

680 1801 798 1860 uisuros.

99 1887 148 1942 acie
164 1888 333 1947 conflixisse.
359 1921 391 1934 -
421 1888 455 1946 P:
479 1908 540 1964 spe·
626 1889 654 1946 8.
681 1887 722 1945 M.
747 1883 878 1961 Popillio
907 1887 1042 1944 Laenate
1073 1887 1125 1948 Cn.
1153 1845 1156 1850 Ι

99 1983 205 2032 emtores
232 1995 334 2053 panem
357 1975 434 2050 fugae
458 1976 540 2052 trepi-

97 2059 263 2140 dationisque
281 2061 411 2138 gallorum
430 2073 480 2122 cet.
503 2093 538 2105 -

98 2143 165 2209 Leid.
179 2171 196 2210 1.
207 2173 216 2208 ε
236 2161 401 2228 spectatores
414 2150 474 2227 luga
486 2159 540 2206 trc-

99 2235 241 2312 pidationis
258 2239 397 2313 gallorum.
416 2267 446 2279 -
463 2237 494 2294 ln
513 2235 540 2294 Μ

100 2327 223 2403 seriptum
236 2337 290 2384 est:
309 2326 381 2396 „ubi
394 2327 464 2382 enim
479 2345 539 2382 eum

99 2429 180 2471 secum
198 2417 260 2471 acie
278 2413 438 2472 conflixistis
457 2409 539 2488 epecl

101 2507 192 2578 latores
213 2521 314 2580 paucos
333 2499 410 2577 fugae
423 2497 541 2578 trepida·

100 2587 229 2665 tionisque
245 2587 377 2663 gallorum
395 2595 446 2646 cet.

64 2667 81 2727 l.
100 2684 254 2753 postquam
288 2678 319 2732 in
354 2695 388 2734 se
425 2693 543 2751 quoque

97 2759 166 2834 fieri
191 2766 329 2839 impetum
356 2762 485 2820 uiderint
514 2769 543 2818 et

104 2848 165 2905 aine
176 2851 344 2908 discrimine
358 2851 463 2908 obuios
480 2867 544 2906 cae·

105 2934 150 2990 di.-
177 2936 241 2994 PM:
270 2939 324 2994 nisi
354 2937 430 3015 quod
459 2937 488 2992 in
515 2935 543 2992 M

106 3025 234 3089 „coedi“.
252 3057 287 3070 -
305 3024 385 3082 Recc.
405 3021 484 3083 codd.
497 3020 544 3079 alii

107 3111 240 3170 uiderunt
251 3111 295 3168 alii
310 3113 456 3181 uiderant,
474 3129 544 3168 unus

108 3193 177 3259 leid.
190 3219 218 3260 n.
237 3200 381 3260 uiderent.
399 3199 443 3259 Cl.
461 3203 487 3268 3,
504 3201 544 3258 2²

110 3281 216 3349 dederit.
239 3311 273 3331 ⁴-
296 3286 373 3345 Leid.
391 3308 421 3348 n:
449 3287 546 3344 obuios

110 3371 220 3433 caedere
237 3378 341 3453 cepisse
358 3395 388 3434 se
405 3383 457 3434 cet.

82 3494 88 3508 .
110 3477 142 3514 ne
158 3463 245 3519 nimis
266 3450 373 3520 mirum
396 3481 548 3544 nurgnum·

111 3553 549 3619 quecenserenttumultumex·
606 3607 610 3626 ,

680 1973 795 2040 Manlio
818 1975 1007 2031 consulibua.-
1033 1971 1126 2050 Sigon.

681 2073 716 2104 ·'-·
743 2059 827 2117 Diod.
850 2062 899 2126 16,
923 2063 979 2119 15.:
1004 2062 1128 2135 Μάρκον
1180 2101 1193 2122 x

680 2145 838 2206 leoninum
864 2147 1017 2220 Aoecvdanv.
1061 2147 1127 2206 Tul).

681 2229 748 2311 Cap.
767 2255 791 2292 a.
810 2235 884 2293 tou:
902 2235 936 2295 M.
949 2234 1079 2314 Popillius
1091 2235 1127 2296 M.

681 2319 753 2380 PM.
776 2339 803 2380 n.
825 2319 939 2405 Laenas.
967 2354 1003 2366 -
1028 2321 1059 2380 ln
1077 2321 1128 2380 PM

681 2407 756 2468 Harl.
768 2407 874 2468 etheid.
888 2430 905 2470 r.
923 2414 1054 2490 scriptum
1072 2420 1128 2468 est:

682 2505 719 2555 m.
736 2500 876 2573 pouupilto
894 2500 1020 2560 laenate.
1057 2499 1129 2555 Deiu
1219 2515 1226 2527 “

681 2586 710 2642 in
722 2582 758 2640 Pr
776 2604 820 2642 cn.
838 2587 949 2643 manlio
968 2607 1027 2646 coa.
1046 2585 1128 2642 intr:
1236 2649 1242 2660 ,
1309 2596 1315 2605 “

683 2691 727 2731 cn.
745 2660 867 2730 manilio
885 2693 945 2733 eoa.
964 2705 999 2716 -
1021 2673 1130 2731 Praeter

683 2758 756 2814 huno
782 2757 872 2815 locum
899 2761 927 2815 iu
953 2759 1003 2817 PM
1032 2777 1130 2816 nomeu

685 2843 795 2920 Popillii
822 2864 929 2920 semper
954 2846 1011 2900 lere
1035 2849 1120 2902 unol
1205 2833 1238 2903 e*

685 2935 816 3007 scriptum
845 2943 888 2988 est
916 2931 1062 3006 Popilius.
1100 2932 1132 2988 ln

685 3017 745 3076 Put.
763 3019 807 3086 96,
825 3019 851 3077 6.
873 3021 1041 3097 repperimus
1060 3018 1133 3077 idem

686 3105 832 3182 Popilius,
860 3106 910 3163 sed
928 3109 971 3176 ut,
990 3109 1015 3166 l.
1033 3105 1133 3183 Popil-

687 3195 768 3255 lium.
781 3225 815 3236 -
828 3193 872 3252 De
888 3193 1017 3254 Laenatis
1034 3215 1133 3272 cogno·

687 3285 761 3341 mine
779 3280 813 3339 el.
826 3281 885 3344 cte.
897 3286 926 3340 in
935 3285 1020 3342 Bruto
1034 3285 1077 3350 tt,
1089 3285 1133 3338 56.

688 3401 724 3413 »-
751 3367 773 3425 Ρ
796 3387 832 3426 m.
854 3374 881 3428 Μ.
904 3371 945 3426 M:
974 3370 1135 3436 udurbem
1238 3411 1241 3419 .

688 3454 803 3513 Romam
825 3467 964 3516 uenerunt.
989 3455 1012 3513 P
1036 3475 1071 3514 m.
1096 3460 1137 3514 1.:

690 3545 729 3602 ab
746 3544 839 3600 urbem
858 3552 909 3602 eet.

110 3631 180 3693 ciem
197 3639 228 3693 in
245 3638 375 3696 boatium
393 3635 551 3716 pomierP
622 3632 665 3690 11.
691 3649 847 3688 exsomno
862 3631 1015 3689 excitatio:
1032 3630 1090 3690 PM.
1103 3664 1137 3673 —
1193 3695 1197 3704 .

112 3735 144 3778 m.
161 3723 186 3782 2.
203 3723 239 3784 M.
257 3756 291 3769 -
315 3721 551 3785 Pm.1.:uemi·

113 3807 152 3863 nis
168 3814 264 3869 mirum
277 3823 328 3872 eet.
341 3845 376 3856 -
393 3811 470 3868 Multi
483 3831 551 3871 reue.

115 3894 198 3958 codd:
229 3917 430 3976 „magnumque
455 3898 551 3956 tumul-

116 3987 165 4040 tum
177 3997 317 4044 censerent
324 3993 355 4044 “2
374 3986 471 4044 deinde
484 4027 500 4055 ‚‚
510 4006 553 4042 ex·
583 4028 587 4045 .

116 4067 194 4131 cire“.
212 4105 247 4118 -
273 4075 313 4154 M:
332 4078 460 4133 maiorem
478 4077 553 4152 ipsos

691 3718 768 3775 Leid.
784 3738 816 3778 n:
838 3721 1002 3780 exercitatis.
1021 3751 1055 3764 -·
1073 3719 1137 3786 PM:

693 3808 737 3864 ud
763 3807 819 3865 hoc
849 3807 993 3866 multorum
1023 3810 1139 3867 inscitia.

693 3893 771 3953 Leid.
782 3913 815 3954 ιε
833 3896 929 3957 adhuc.
951 3898 1031 3957 Recc.
1045 3895 1138 3952 codd:

694 3981 729 4038 ad
747 3982 822 4042 baec.
840 4016 874 4029 -
893 3985 966 4043 Harl.
979 3971 1009 4041 ri:
1028 3985 1075 4059 qui
1094 3991 1140 4038 aut

694 4068 766 4128 uude
784 4071 874 4132 hostia
897 4073 1060 4130 aduenisset.
1094 4067 1138 4128 Gi.
