2618 4590
167 228 232 299 101

632 243 742 305 mun
759 244 803 306 vt.

167 418 242 501 tum·
265 406 406 475 lacerent
435 405 560 474 misere.
597 405 682 474 houd
704 408 831 497 segnius
858 430 956 498 quam
977 405 1041 474 fide
1068 405 1181 496 populi
1201 405 1264 474 Ro·

144 495 251 580 mani
271 511 401 602 dignum
422 510 481 580 tuit
502 510 660 580 exercitus
682 511 860 579 Tusculum
882 512 1012 579 ductus:
1033 509 1071 578 L.
1094 509 1262 596 Quinctius

166 628 199 684 et
212 616 281 685 Ser.
296 614 456 706 Sulpicius
478 614 595 682 tribuni
616 614 754 682 militurn
776 617 911 684 duxere:
934 615 1058 683 clausas
1075 625 1183 705 portas
1201 615 1265 682 'l'u-

117 711 119 719 ¹
164 720 245 788 sculi
259 720 454 810 Latinosque
476 719 572 787 simul
595 719 809 788 obsidentium
823 733 919 811 atque
937 720 1142 788 obsessorum
1158 718 1266 785 animo

133 823 237 892 thino
258 825 384 892 moenia
398 824 532 892 'lusculi
553 823 635 903 tueri
657 823 768 892 vident
787 825 874 892 illinc
897 849 1004 892 arcem
1018 845 1203 915 oppugnare
1221 861 1265 874 -

41 960 44 973 ·
161 937 279 996 terrere
311 953 375 997 una
411 952 449 996 ac
480 951 609 1019 pavere.
648 928 804 997 adventus
834 930 1054 997 Romanorum
1088 938 1265 994 mutaverat

41 1022 45 1031 ⁴
111 1042 129 1060 ⁸
161 1031 326 1123 utriusque
358 1031 457 1123 partis
490 1031 628 1099 animost
665 1031 865 1102 'lusculunos
895 1058 936 1101 cx
963 1031 1082 1123 ingenti
1114 1041 1205 1098 metu
1232 1031 1264 1096 in

94 1170 98 1187 ι
161 1159 322 1227 summam
348 1136 557 1220 alacritatem,
584 1135 714 1205 Latinos
742 1161 783 1205 ex
810 1161 913 1228 prope
936 1147 1022 1203 certa
1048 1136 1164 1202 fiducia
1185 1160 1265 1203 mox

162 1239 335 1328 capiendae
357 1240 446 1324 arcis,
468 1241 622 1334 quoniam
644 1240 763 1332 oppido
785 1242 977 1332 potirentur,
998 1239 1032 1307 iu
1054 1240 1202 1331 exiguam
1224 1241 1264 1307 de

117 1349 198 1408 lose
220 1342 297 1432 ipsis
326 1368 418 1435 spem
440 1356 586 1414 verterat.
623 1345 746 1413 tollitur
773 1370 815 1414 ex
837 1372 910 1414 arce
937 1346 1058 1414 clamor
1079 1345 1119 1412 ab
1142 1346 1264 1412 Tuscu-

161 1445 251 1530 lanis,
274 1449 430 1540 excipitur
445 1450 607 1541 aliquanto
621 1449 743 1520 maiore
757 1450 798 1518 ab
814 1452 957 1518 exercitu
970 1450 1128 1517 Romano.
1156 1448 1263 1515 utrim-

163 1573 227 1639 que
249 1563 399 1640 urgentur
418 1552 537 1621 Latini:
574 1550 796 1644 nec‘lmpetus
817 1556 1074 1624 Tusculanorum
1099 1553 1264 1620 decurren-

162 1652 243 1721 tiu'm
272 1678 314 1722 ex
340 1657 505 1749 superiore
531 1657 606 1725 loco
634 1659 794 1729 sustinent
819 1683 881 1730 nec
901 1661 1064 1728 Romanos
1091 1658 1264 1727 subeuntes

179 1794 206 1851 1.
233 1792 319 1852 houd
346 1797 470 1875 segnius
500 1816 590 1874 quam
609 1797 680 1872 fide
708 1808 711 1813 '

229 1882 422 1960 priuignum
431 1883 515 1956 fuit:
532 1882 567 1942 Μ.
586 1915 620 1926 -
643 1883 678 1940 P:

231 1965 305 2025 haud
328 1971 439 2049 sergius
462 1991 542 2048 quam
564 1969 620 2026 lide
636 1977 679 2050 pt,

143 2094 147 2100 ·
230 2053 341 2132 dignum
350 2055 409 2119 tuit
420 2055 454 2115 cl.
467 2056 677 2128 6,38.Η111.ι.1

228 2139 284 2198 lide
302 2153 353 2200 eet

178 2225 205 2282 9.
232 2227 266 2286 L.
286 2227 425 2304 Quintius
443 2240 474 2288 et
491 2230 558 2289 Ser.
576 2231 677 2306 Sulpi·

230 2315 294 2369 cius
311 2324 348 2373 tr.
367 2318 430 2375 mil.
449 2317 579 2375 duxere:
597 2314 677 2374 Μ.-

228 2397 264 2454 Ρι
293 2397 312 2459 l.
341 2402 476 2478 quinctius
499 2412 526 2459 et
553 2401 678 2460 seruilius

234 2484 366 2561 sulpicius
383 2498 417 2546 tr.
435 2488 495 2548 mil.
508 2489 616 2549 duxere.
633 2489 677 2552 Cf.

230 2574 261 2640 6,
279 2574 336 2630 nt:
361 2573 458 2632 Servio
482 2573 619 2635 Cornelio.
641 2607 677 2621 ·-

231 2656 263 2736 Ι111
280 2656 358 2720 Letd.
376 2681 395 2721 1.
414 2663 515 2720 excidit
535 2673 571 2722 et.

176 2746 203 2805 5.
231 2749 350 2805 moenia
375 2749 511 2807 Tusculi.-
536 2747 586 2807 ΡΜ
606 2748 676 2822 rell]

227 2836 343 2895 moenia.
361 2832 408 2894 cf.
421 2838 500 2906 o,1.:
518 2835 553 2893 ad
571 2845 677 2914 captam

226 2923 321 2979 urbem
337 2921 457 2984 eandem.
470 2956 505 2969 -
516 2921 558 2981 ld:
577 2921 676 2981 tusculi

229 3010 288 3063 ueri
303 3013 309 3080 1
324 3011 426 3066 uident.
629 3001 634 3008 ¹

175 3093 202 3148 7.
229 3095 386 3170 utriusque
410 3098 523 3168 portis:
553 3095 610 3152 ΡΜ.
639 3128 675 3140 -

228 3173 307 3237 Leid.
324 3197 360 3238 1.:
378 3182 464 3236 utrius
482 3183 576 3260 partis.

173 3261 200 3322 8.
228 3283 269 3320 cac
286 3285 382 3345 prope
404 3277 487 3326 certa
499 3267 676 3344 fiduciueP

226 3352 673 3416 mzfflmt-th

104 3429 106 3436 ’
226 3437 327 3499 fidicia.
344 3438 419 3502 ttn.
432 3444 471 3505 1.1
489 3441 674 3503 certamlidu·

227 3543 306 3586 eram.

172 3610 199 3668 9.
227 3619 278 3685 qm
289 3616 398 3690 oppido
408 3619 590 3692 potirentur.-
607 3617 671 3676 Pu:
684 3674 689 3683 ,

225 3695 253 3755 h.
272 3717 313 3756 e:
338 3707 465 3778 quoniam
492 3705 621 3783 oppidum
641 3706 671 3762 in

224 3792 360 3856 potestate
381 3809 430 3845 sua
456 3791 594 3852 haberent.
625 3791 671 3853 Gi.

225 3871 272 3938 25,
283 3874 339 3932 11.=
356 3893 446 3957 'neque
463 3881 602 3937 eccistam
612 3899 669 3937 nm·

225 3958 299 4015 uitae
333 3963 524 4040 expugnandae
563 3987 670 4024 cornero

225 4044 296 4103 viam
305 4066 392 4126 neque
403 4052 433 4110 in
441 4051 583 4113 obsidione
594 4055 670 4133 quie·

821 1815 901 1879 quam
913 1801 1011 1859 bebere
1023 1801 1090 1878 spei,
1103 1798 1190 1857 donec
1198 1800 1266 1856 mari

820 1887 913 1946 hostes
930 1891 1076 1966 potientur.

767 2001 795 2059 9.
822 2000 854 2056 in
885 2001 1027 2078 exiguum
1061 1999 1100 2054 de
1129 2017 1163 2054 se
1192 1998 1268 2069 ipsis

820 2107 902 2160 opem
909 2091 1054 2145 uerterat:
1063 2082 1119 2141 ΡΜ.
1129 2082 1242 2141 lnLeid.
1248 2101 1266 2141 1.

820 2170 900 2231 Voss.
913 2192 942 2230 rr.
960 2171 1017 2231 rell.
1030 2191 1099 2233 rece,
1112 2168 1214 2226 excidit
1224 2189 1265 2230 se.

819 2288 855 2303 -
872 2256 894 2317 l.
911 2258 956 2318 Fr.
975 2258 1060 2317 Gron.
1083 2255 1166 2313 deleri
1184 2255 1265 2312 male·

818 2344 867 2401 bat
883 2353 1021 2406 verterat.

750 2455 793 2518 11.
821 2456 1265 2533 excipituraliquautomoiore:

820 2543 863 2603 ed.
880 2542 961 2601 Frob.
981 2547 1060 2605 1531.
1074 2575 1107 2586 -
1125 2541 1175 2601 ΡΜ
1192 2540 1265 2600 rell:

803 2631 974 2709 'aliquanto
1002 2632 1106 2690 maior.
1135 2629 1209 2706 quod
1239 2629 1264 2684 si

818 2718 951 2794 integrum
969 2727 1022 2791 est,
1044 2737 1099 2777 non
1117 2717 1265 2791 excipitur

818 2825 834 2861 1
852 2792 931 2863 Livio
956 2804 1105 2883 profectum
1127 2822 1186 2861 esse
1203 2811 1265 2877 pot·

819 2902 860 2948 est
888 2891 938 2949 sed
960 2894 1076 2968 excipit.
1108 2888 1191 2948 simili
1221 2910 1264 2945 er-

817 2999 879 3038 rore
891 2978 1026 3049 ferebatur
1038 2977 1109 3056 apud
1121 2976 1169 3034 Iul.
1182 2976 1263 3039 Caes.

817 3067 847 3125 in
866 3064 936 3121 bello
955 3062 1016 3142 gall.
1034 3069 1062 3137 7,
1075 3069 1131 3125 681
1150 3066 1262 3135 „utrim-

817 3171 870 3229 que
896 3148 1012 3207 clamore
1034 3152 1139 3209 sublato
1164 3153 1263 3229 excipi·

816 3246 869 3295 tur
897 3254 992 3298 rursus
1021 3259 1055 3300 ex
1082 3239 1153 3297 vallo
1183 3248 1264 3316 atque

817 3323 943 3385 omnibus
978 3327 1172 3385 munitionibus
1208 3325 1262 3382 cla·

814 3417 913 3481 mor“‚
943 3422 1085 3492 antequam
1105 3413 1126 3474 l.
1144 3412 1263 3489 Scalige-

759 3570 765 3585 ·
814 3517 862 3558 rus
887 3499 918 3557 id
939 3501 1013 3578 quod
1034 3503 1063 3558 in
1086 3492 1154 3578 optt.
1181 3500 1262 3563 codd.

813 3593 857 3642 cst
874 3589 984 3664 excipit
1001 3589 1125 3647 restituit.
1168 3600 1170 3604 ‘

762 3737 796 3750 -·
815 3709 964 3786 utrimque
982 3721 1126 3790 urgentur
1142 3711 1260 3769 Latini.-

798 3791 1078 3857 emunt-P
1101 3803 1259 3860 11111111-

811 3892 929 3955 geretur.
950 3915 983 3928 ·-
1005 3884 1037 3942 ln
1053 3885 1081 3942 Μ
1097 3885 1261 3965 paulopost

811 3972 943 4048 scriptum
960 3982 1003 4029 cst
1019 3979 1202 4048 „urgueret“.
1231 3984 1259 4031 et
1304 3974 1306 3979 '

813 4059 854 4114 sic
871 4061 897 4128 9,
910 4062 953 4118 21.
966 4059 1000 4119 al.
1012 4061 1040 4118 in
1052 4059 1075 4117 P
1087 4067 1259 4138 „urguent“.
