2618 4590
902 166 998 217 p..

162 267 227 339 326
618 251 813 340 manvu

39 498 43 503 .
163 441 327 525 adurbem
341 443 444 533 ipsam
455 442 579 511 Pedum
594 451 760 532 castraque
775 440 936 509 sociorum
959 439 1162 529 populomm,
1181 439 1263 528 quae

45 543 51 556 ’
163 545 234 613 urbi
256 545 402 614 adiuncta
425 557 523 629 erant,
545 546 666 636 integer
687 545 778 614 labor
799 556 945 625 restaret,
969 543 1055 610 bello
1077 542 1197 610 iniecto
1220 568 1264 610 re-

106 684 108 689 ·
151 661 259 740 ’pente
280 651 401 718 omisso
424 651 546 735 consul,
569 651 642 740 quia
660 651 802 740 collegae
822 650 986 718 decretum
1000 647 1200 737 triumphum
1214 672 1265 715 au·

164 755 248 837 divit,
270 754 338 845 ipse
361 778 491 847 quoque
514 754 666 846 triumphi
688 765 760 822 ante
777 753 941 822 victoriam
956 752 1112 842 flagitator
1127 752 1264 820 Romam

127 859 263 937 tradiit.
301 885 364 951 qua
393 860 565 951 eupiditate
592 859 720 927 offensis
747 859 888 950 patribus
906 856 1173 948 'negantibusque
1207 857 1264 924 nisi

162 963 251 1050 Pedo
274 976 368 1055 capto
391 976 446 1032 aut
468 965 575 1033 dedito
591 964 797 1055 triumphum,
819 962 893 1029 binc
914 961 1068 1031 alienatus
1090 962 1130 1027 ab
1152 972 1265 1029 senatu

123 1055 127 1071 ⁸
162 1067 316 1137 Aemilius
338 1069 494 1136 seditiosis
516 1068 727 1136 tribunatibus
755 1066 893 1134 similem
921 1067 1034 1134 deinde
1064 1065 1267 1134 consulatum

162 1173 273 1262 gessit:
304 1198 380 1241 uam
401 1197 507 1263 neque
530 1174 637 1263 quoad
659 1173 719 1240 init
741 1166 1032 1239 consul'criminari
1058 1170 1143 1261 apud
1165 1194 1265 1262 popu-

162 1263 231 1348 luui
263 1288 370 1367 patres
397 1277 516 1348 destitit
542 1276 666 1366 collega
695 1276 945 1368 haudquaquam
972 1276 1158 1345 adversante
1193 1274 1265 1366 quia

24 1446 28 1453 .
118 1391 200 1450 toet
221 1381 291 1471 ipse
313 1382 353 1449 de
376 1381 471 1470 plebe
489 1393 570 1475 erat,
592 1419 636 1430 -
657 1381 824 1447 materiam
845 1392 953 1450 autem
970 1380 1144 1470 praebebat
1165 1379 1265 1446 crimi-

138 1483 256 1554 -nibus
283 1509 358 1576 ager
384 1485 417 1555 iu
438 1485 551 1555 Latino
574 1486 775 1576 Falernoque
798 1510 874 1576 agro
897 1484 1033 1577 maligne
1056 1485 1162 1574 plebei
1192 1485 1265 1551 divi·

41 1621 48 1634 ·
142 1624 145 1631 ·
162 1610 218 1658 sus
244 1629 287 1640 -
310 1601 353 1673 et,
372 1603 546 1683 postquam
566 1603 696 1661 senatus
717 1591 807 1658 linire
828 1590 996 1680 imperium
1013 1589 1265 1659 consulibusco-

161 1690 252 1786 pieus
274 1695 462 1763 dictatorem
479 1697 632 1767 adversus
655 1694 850 1765 rebellantes
865 1693 995 1762 Latinos
1009 1694 1072 1761 dici
1084 1694 1184 1776 iussit,
1206 1694 1264 1760 Aa·

179 1843 204 1905 l.
232 1842 277 1899 od
284 1845 385 1903 urbem
397 1846 492 1918 ipsam
504 1844 619 1904 Pedum
631 1866 678 1902 ce·

145 1940 147 1947 '
232 1940 356 2006 atraque
385 1935 533 1990 sociorum
554 1935 649 2008 popul
667 1967 678 1980 ·

232 2018 313 2074 rum}
331 2019 361 2075 P.
378 2049 410 2060 -
429 2019 470 2076 Μι
488 2020 523 2077 ad
542 2040 573 2076 ur
591 2023 678 2096 ipsam

97 2162 109 2175 ,
231 2104 331 2188 pedum
350 2115 488 2184 castraque
502 2127 593 2170 sorum
608 2113 612 2178 Ι
629 2130 677 2187 po·

230 2191 329 2268 pulorir
354 2214 407 2270 qua
429 2195 489 2251 urbi
516 2196 676 2269 adiunctae!

120 2296 125 2303 ·
192 2300 193 2305 ’
231 2289 316 2338 eraut.
343 2299 378 2336 m.
395 2282 435 2340 3.:
455 2281 489 2337 ad
508 2282 573 2338 urbe
590 2286 676 2360 ipsam

230 2363 329 2440 pedum
342 2374 481 2442 castraque
493 2368 613 2447 ipsorum
628 2391 675 2450 po-

146 2455 153 2528 J
229 2449 326 2526 pulorir
346 2461 396 2509 cst.

176 2537 204 2598 3.
229 2543 289 2597 coi.
319 2539 391 2614 quia
417 2541 551 2620 collegae
565 2543 675 2604 ‘decre-

229 2631 290 2679 tum
299 2625 478 2701 triumphum
487 2630 605 2687 audiuit
613 2635 675 2707 ipso

170 2752 185 2775 a
230 2729 349 2787 quoque
374 2716 517 2791 triumphi
537 2727 606 2776 ante
634 2722 675 2775 ui-

128 2791 131 2809 '
203 2815 209 2839 r
229 2801 353 2858 noriam
363 2801 540 2880 flagitator:
555 2804 611 2864 ΡΜ.
631 2804 679 2869 (il.⁴

228 2886 259 2951 Ρ,
277 2887 335 2946 toz
360 2890 480 2945 centurio
506 2901 615 2947 erat-
634 2895 674 2950 in·

227 2981 268 3028 ter
291 2974 423 3049 primores
444 2996 549 3053 pugnae
572 2980 673 3055 flagita·
736 3043 738 3047 y

169 3056 174 3067 '
227 3064 278 3120 tor,

101 3147 104 3153 '
173 3145 200 3205 l.
228 3144 382 3202 seditiosis
409 3149 607 3207 tribunatibus
635 3154 674 3208 ai·

227 3232 326 3289 milem
353 3231 462 3292 deiude
488 3238 674 3294 consulatum

224 3321 338 3395 gessit:
355 3319 404 3381 ΡΜ
416 3319 450 3382 al.
463 3353 497 3364 ·—
515 3321 599 3381 Paulo
611 3334 672 3381 anta

226 3405 268 3462 n:
286 3409 484 3487 uagantibuaq.¹
563 3456 578 3474 .,

172 3493 199 3555 8.
227 3513 297 3553 uam
315 3516 411 3573 raeque
425 3506 516 3573 queat
527 3496 595 3570 fuit
605 3492 675 3555 eouv¹

142 3620 144 3624 v
227 3581 280 3637 eui
303 3584 459 3640 criminari
478 3585 561 3658 apud
579 3605 671 3661 popu·

225 3664 288 3726 lum
302 3679 406 3741 patres
418 3671 547 3733 destitit:
565 3669 633 3732 Pm.
647 3673 672 3734 1.

226 3781 260 3798 ι-
278 3750 301 3808 Ρ
319 3773 354 3812 m.
373 3757 415 3814 2:
438 3758 535 3833 quoad.
553 3758 592 3819 M:
610 3780 672 3821 uam

225 3853 315 3916 neque
339 3843 411 3918 quod
437 3845 487 3902 luit
509 3847 602 3907 consul
620 3857 670 3907 cet.

226 3956 258 3974 ν·-
273 3927 309 4003 ΙΡ
326 3948 362 3991 tn.
382 3933 418 3992 1.:
442 3954 494 4010 qua
513 3943 540 3989 et
560 3937 618 4012 ipse
636 3933 670 3989 da

225 4012 304 4089 plebe
322 4026 387 4077 erat.
407 4017 428 4074 Ρ
446 4040 480 4077 m.
500 4021 525 4080 2.
539 4018 579 4075 tt:
598 4020 669 4094 quia.

134 4142 136 4147 ·
222 4125 258 4147 ⁸·-
267 4098 294 4160 Μ
304 4120 311 4156 2
322 4102 458 4179 malignae.
470 4137 502 4149 -
512 4103 561 4168 ΡΜ
569 4103 641 4167 llarl.
650 4123 668 4164 ι.

820 1841 898 1902 Laid.
917 1862 934 1900 1.
962 1841 1009 1901 al:
1039 1840 1129 1923 plebei
1153 1840 1264 1903 diuisus.

819 1928 900 1991 Reos.
919 1929 1013 1989 codd:
1034 1929 1115 2005 plebi.

750 2019 793 2080 12.
821 2027 851 2077 et
865 2027 1026 2093 postquem
1038 2026 1160 2073 senatus
1170 2017 1265 2094 finire

819 2107 973 2180 imperium
1008 2105 1179 2161 consulibus
1218 2124 1263 2159 cu-

817 2195 904 2272 piens
932 2201 982 2250 cet.
1005 2189 1061 2249 Pul.
1097 2189 1127 2246 ln
1152 2190 1228 2249 Letd.
1247 2192 1263 2249 i.

818 2277 898 2338 Voss.
910 2299 937 2338 u.
950 2277 1093 2355 multisque
1111 2276 1170 2337 aliis
1185 2278 1263 2336 codd.

818 2366 920 2422 excidit
938 2376 974 2425 et.
1001 2397 1034 2408 -
1065 2364 1140 2427 Pm.
1161 2368 1198 2425 1.=
1223 2386 1262 2420 ro-

819 2452 961 2511 bullautes.
975 2482 1009 2514 r-
1025 2451 1063 2511 lll:
1083 2454 1262 2520 „dictatorem

819 2539 901 2598 dixit
912 2539 1041 2596 aduersus
1054 2540 1212 2598 rebellantes
1225 2539 1261 2595 la·

818 2629 890 2685 tluos
908 2627 1067 2687 dioiussit“.
1090 2649 1126 2690 m.
1144 2632 1181 2686 ⁸2.:
1200 2627 1260 2696 „di-

818 2716 955 2774 eiiussit“.
981 2734 1074 2774 verum
1093 2716 1172 2774 dixit
1189 2714 1260 2791 quud

816 2800 870 2858 boc
896 2801 956 2859 loco
981 2801 1049 2858 male
1074 2803 1261 2880 interpositum

816 2898 865 2957 est,
883 2910 937 2950 suo
961 2887 1030 2949 locos
1047 2877 1132 2943 diest:
1155 2886 1259 2955 „colle-

815 2995 876 3050 gam
894 2976 1049 3032 dictatorem
1064 2976 1069 3040 Ι
1085 2974 1117 3030 ab
1135 2980 1190 3028 eo“
1207 2984 1258 3034 cet.

816 3091 852 3104 ·-
870 3062 901 3117 ln
919 3059 1114 3129 Harl.r.14eid.
1132 3079 1149 3122 1.
1169 3063 1260 3135 omnia

815 3149 915 3204 omissa
940 3160 1004 3206 suut
1026 3168 1092 3226 qnae
1110 3149 1181 3205 inter
1207 3150 1259 3204 od·

781 3291 786 3305 ‚
817 3253 923 3293 uersus
947 3247 975 3294 et
996 3237 1076 3298 dixit
1097 3235 1125 3295 io
1148 3235 1206 3294 rell.
1223 3237 1258 3293 le-

812 3332 919 3397 guntur.
999 3357 1004 3359 -

745 3408 787 3471 13.
813 3408 959 3468 Aemilius
977 3422 1040 3472 tum
1057 3413 1141 3468 euius
1152 3409 1259 3484 fasces

813 3507 913 3556 erent:
935 3499 1001 3572 ΡΜ]
1024 3499 1157 3557 Aemilius
1184 3499 1258 3554 euius

793 3586 871 3640 'tum
890 3583 975 3643 fasces
994 3597 1071 3643 erant
1088 3591 1174 3656 (rece.
1186 3584 1258 3661 quid.

813 3670 916 3742 codd).
948 3675 1021 3732 Tum
1042 3677 1160 3751 pertinet
1182 3682 1208 3729 et
1226 3671 1259 3732 ad

813 3757 960 3824 „Aemilius
973 3761 1061 3817 dixit“
1078 3772 1106 3818 et
1117 3759 1151 3816 ad
1164 3761 1257 3829 „euius

810 3843 896 3903 fasces
920 3853 1025 3908 eraut“.
1054 3880 1088 3891 -
1115 3846 1196 3909 lbm.
1218 3851 1256 3902 1.:

811 3932 845 3989 ab
864 3953 895 3989 eo
914 3937 998 4012 magis
1013 3939 1019 4008 Ι
1035 3938 1164 4018 equitum.
1182 3934 1210 3992 Μ
1222 3955 1255 3994 m.

809 4021 850 4078 3.:
881 4022 914 4078 ab
937 4044 970 4080 eo
993 4026 1096 4100 magist'
1112 4027 1116 4096 Ι
1133 4026 1252 4101 equitum

808 4110 897 4170 iunius
915 4111 1008 4171 brutus
1028 4112 1115 4169 dictur
1134 4109 1198 4183 (P).
1242 4116 1246 4123 ⁴
