2618 4590
288 264 294 275 .
481 238 687 302 musurx.
734 186 737 190 ·
785 239 788 245 ’
911 283 913 287 ,
1085 225 1149 295 Ill

55 415 183 492 senatus
216 379 398 472 consultum
426 411 475 468 est
500 411 538 468 ut
564 400 751 485 dictatorem
775 391 919 470 'diuerent
950 401 1151 472 comitiorum

56 534 161 578 causa.
199 511 240 595 Q.
262 505 397 573 Fabium
420 505 613 571 Ambustum
642 505 789 572 dixerunt
816 507 849 573 et
869 505 905 573 Ρ.
927 504 1053 574 Aelium
1074 508 1150 576 Pae·

56 627 125 683 tum
147 613 334 703 magistrum
356 609 514 700 equitumt
538 609 653 699 quibus
667 609 743 676 vitio
766 611 878 678 creatis
892 611 1016 678 suffecti
1029 611 1075 679 Μ.
1091 609 1151 680 As·

55 717 160 783 milius
188 717 295 805 Papus
329 714 462 781 dictator
483 711 520 779 L.
549 711 695 779 Valerius
723 712 857 781 Flaccus
885 715 1034 806 magister
1063 717 1164 806 equi:

54 832 134 889 tum.
172 844 233 886 nee
253 842 311 909 per
333 841 391 884 eos
418 816 544 884 comitia
572 815 680 882 habita
703 827 749 900 et,
781 820 854 909 quia
883 819 1031 918 taedebat
1051 820 1181 909 popu-5

53 925 121 989 lum
144 925 288 990 omnium
308 921 549 1012 magistratuum
577 920 644 987 eius
673 921 761 1005 anni,
794 947 845 990 res
867 924 913 990 ad
939 923 1153 1013 interregmun
1239 955 1244 962 ·

53 1029 159 1095 rediit:
187 1029 357 1117 interreges
380 1027 420 1112 Q.
443 1018 559 1100 Fabius
580 1023 741 1091 Maximus
768 1027 814 1094 Μ.
838 1027 982 1096 Valerius
1014 1027 1153 1096 Corvusa
1192 1082 1218 1120 ,y

55 1133 81 1197 is
110 1132 257 1199 eonsules
285 1131 404 1198 creavit
426 1130 466 1215 Q.
489 1128 660 1196 Publilium
681 1127 849 1197 Philonem
877 1142 910 1198 et
933 1129 971 1198 L.
992 1132 1153 1222 Papirium
1267 1188 1274 1203 .

55 1236 227 1327 Cursorem
248 1237 363 1303 iterum
384 1233 470 1301 haud
493 1234 589 1301 dubio
613 1256 772 1301 consensu
793 1233 942 1318 civitatis,
964 1237 1052 1325 quod
1074 1238 1152 1305 nulli
1237 1234 1244 1243 ”

57 1364 95 1406 ea
117 1351 308 1431 tempestate
331 1342 428 1406 duces
451 1338 600 1406 clariores
622 1350 738 1417 essent.
1165 1355 1201 1412 lo

145 1445 227 1515 VIII.
272 1445 345 1529 Quo
376 1443 473 1510 creati
499 1453 575 1509 sunt
600 1442 651 1509 die
679 1466 719 1510 eo
742 1479 787 1492 -
808 1444 854 1510 sie
881 1443 966 1510 enim
991 1445 1155 1536 placuerat

60 1548 268 1639 patribus-
297 1548 516 1638 magistratum
541 1545 692 1630 inierunt,
722 1546 994 1639 sollemnibusque
1024 1529 1153 1620 senatus
1176 1534 1198 1554 '¹
1276 1578 1282 1605 ¹

124 1730 174 1782 est.
191 1721 259 1791 bor.
276 1724 316 1782 A:
335 1741 489 1800 expressum
507 1741 568 1777 san·

125 1819 197 1866 etum
216 1818 273 1866 tum
291 1819 339 1870 est.
359 1808 394 1868 P:
414 1829 568 1886 expressum
621 1826 622 1829 ’

125 1902 164 1955 ie,
176 1909 212 1955 ÷
223 1908 254 1953 ut
271 1896 428 1955 dictatorem
450 1898 571 1954 dicerent

126 1994 176 2042 cet.
194 2014 229 2026 -
256 1983 387 2042 Senatus
403 1985 570 2041 consultum

123 2072 163 2143 ub
192 2072 363 2129 consulibus
393 2090 569 2146 expressum

126 2178 181 2214 uon
199 2160 237 2215 ita
248 2159 378 2235 seriptum
391 2159 510 2225 estutM,
525 2160 568 2216 13.

124 2265 271 2320 expresso
293 2248 455 2302 necessitas
478 2245 567 2312 (obsi-

123 2331 171 2387 des
190 2330 302 2400 daudi),
321 2340 351 2389 ut
368 2333 416 2398 91,
441 2334 483 2392 18.
502 2352 568 2388 cart·

117 2419 220 2491 fessio
250 2419 355 2494 culpae
384 2421 567 2495 exprimitur,

125 2506 174 2562 sed
192 2526 252 2563 eum
270 2526 333 2565 sert.
349 2508 515 2564 consultum
527 2507 568 2562 ui·

125 2591 164 2651 hil
189 2591 262 2649 aliud
279 2594 317 2648 sit
339 2614 418 2672 quam
439 2593 469 2649 id
487 2592 570 2668 quod

126 2690 249 2737 senatus
267 2689 430 2748 censuerat,
448 2680 476 2738 h.
488 2678 506 2740 l.
519 2699 569 2736 ea·-

125 2782 264 2841 pressum
277 2773 309 2823 st
318 2766 450 2840 significat
461 2776 569 2822 coaetos

128 2873 188 2909 esse
206 2851 329 2924 eonsules
352 2851 380 2908 id
404 2851 475 2929 quod
493 2871 571 2925 seua-

127 2951 171 2997 tus
191 2949 330 2998 censuerat
347 2937 435 2995 facere
451 2947 482 2994 ut
499 2937 570 2994 dise·

128 3039 188 3086 rent
206 3028 371 3094 dictatorem,
390 3026 512 3103 quamvis
525 3044 570 3082 ne·

126 3124 233 3192 gassent
249 3137 279 3171 se
297 3117 441 3192 quidquam
453 3132 503 3192 pro
516 3131 571 3168 ιιιι-

127 3206 239 3276 gistratu
257 3201 374 3259 facturos
392 3222 459 3260 esse.
465 3232 507 3245 ·-
530 3198 571 3256 M:

129 3289 283 3352 dicatorem.
302 3292 385 3346 m..3:
404 3288 571 3347 dictatorem.

74 3377 100 3435 9.
130 3375 179 3451 Q.
183 3376 308 3433 Fabium
330 3376 503 3433 Ambustum
527 3376 571 3431 dt·

129 3470 239 3520 xerunt
250 3470 278 3517 et
286 3460 321 3520 P.
330 3462 487 3517 Aemilium
496 3460 572 3519 Pue-

129 3559 190 3606 tum
209 3551 289 3625 mag.
309 3549 453 3622 equitum:
446 3546 572 3608 ·Psod.

129 3634 224 3696 Klaclr.
244 3633 277 3692 sl.
295 3663 329 3675 ·-
347 3631 387 3691 M:
407 3654 459 3710 que
476 3634 573 3693 larium

128 3723 278 3779 ambustum
297 3720 422 3776 dixerunt
440 3730 512 3800 etp.
530 3742 572 3778 aa·

128 3810 231 3866 millum
243 3817 350 3894 pastum
364 3815 431 3883 mag.
444 3810 572 3885 equitum.

128 3894 157 3953 M
174 3917 209 3955 m
227 3899 270 3955 9.·
287 3907 345 3974 qut.
363 3894 463 3958 labium
482 3896 571 3953 umbu-

127 3993 198 4042 stum
218 3993 319 4043 eet.-
338 3980 434 4042 Leidr
436 3981 533 4059 ,Voss
544 4003 572 4043 u.

127 4045 196 4130 Mor
214 4071 239 4130 l.
263 4069 392 4148 multique
416 4067 462 4129 ulii
479 4069 572 4131 codd:

710 1722 769 1797 „Q.
780 1719 891 1778 Fabium
903 1723 1062 1780 Ambustum
1080 1724 1154 1782 dixe·

710 1819 773 1866 runt
796 1809 826 1867 P.
843 1808 987 1867 Aemilium
1005 1809 1153 1868 Paetum“‘:

710 1896 759 1952 sed
773 1896 914 1954 Paetorum
933 1916 1082 1972 cognomen
1099 1919 1153 1955 non

710 1984 840 2039 Aemiliae
868 1986 917 2055 sed
947 1986 1039 2042 Aeliae
1067 1990 1154 2062 gentis

710 2080 775 2128 erat.
805 2073 894 2149 itaque
905 2074 909 2081 '
920 2070 1019 2129 factum
1044 2072 1155 2130 ridetur

709 2167 739 2212 ut
753 2157 891 2215 Loreliani
903 2178 930 2219 ιι.
949 2159 1074 2217 librarius
1087 2163 1154 2218 seri-

710 2244 786 2300 beret
807 2244 864 2329 ,‚P.
877 2246 1021 2304 Aemilium
1038 2248 1154 2324 Papum
1175 2300 1180 2313 ,

709 2350 777 2434 mag.
794 2335 941 2409 equitum“.
950 2364 986 2376 --
998 2334 1038 2391 M·
1057 2337 1155 2413 quibus
1237 2336 1246 2354 ⁸

709 2419 781 2473 uioia
800 2422 951 2480 creatis-
964 2402 1030 2478 PM.
1047 2423 1155 2481 suffecti

709 2510 743 2564 ιῑι.
769 2498 889 2565 aemilius
917 2529 1002 2589 papus
1030 2510 1155 2568 dictator.

709 2593 728 2652 l.
748 2592 861 2652 ualerius
880 2585 1062 2673 llascussuig.
1080 2601 1156 2676 equi-

710 2690 775 2738 tum.
856 2735 863 2753 „

658 2815 684 2871 7.
712 2813 874 2889 interreges
900 2811 934 2886 Q
956 2812 1068 2870 Fabius
1091 2815 1154 2871 Ma·

711 2901 810 2956 :cimus
839 2898 879 2955 M.
908 2899 1051 2956 Valerius
1085 2903 1155 2958 Car·
1248 2931 1253 2943 ·

713 3006 784 3042 uus:
802 2983 858 3043 PM.
876 3014 910 3025 -
933 2983 974 3042 M:
993 2987 1040 3053 „is
1059 3008 1155 3045 eonsu-
1179 3046 1182 3051 ,

712 3069 752 3127 les
779 3073 881 3128 creauit
902 3072 1044 3150 publilium
1067 3075 1156 3154 pbilo-

712 3178 773 3214 nem
792 3168 818 3227 et
834 3157 853 3218 l.
866 3163 999 3238 papirium
1019 3176 1165 3222 cursorem'

712 3247 845 3301 iterum“:
865 3247 898 3304 de
910 3246 942 3306 L.
957 3249 1063 3326 Papirio
1083 3250 1156 3320 s'l.8‚
1174 3295 1175 3298 ,
1265 3312 1268 3317 .

712 3335 756 3391 93.
776 3363 809 3373 -·
827 3331 862 3388 P:
882 3336 929 3400 „is
947 3338 1047 3391 creauit
1064 3357 1091 3414 q.
1108 3357 1156 3415 pu·

712 3417 795 3474 blium
805 3418 943 3498 philonem
957 3442 1093 3494 qursorem
1105 3416 1174 3481 itu·q

713 3510 794 3561 rum“
818 3517 869 3563 eet.
899 3508 948 3564 sed
971 3511 1082 3584 margini
1110 3512 1156 3569 ad·

712 3594 842 3669 scriptum
853 3613 887 3652 m.
900 3595 925 3653 9.
944 3605 985 3651 est
1003 3638 1019 3664 „
1029 3583 1156 3671 slueiuul

713 3681 847 3755 papirium
856 3687 881 3739 ⁶⁹.
894 3711 928 3725 -
944 3681 966 3739 P
979 3703 1006 3739 m
1020 3686 1058 3744 l.:
1076 3684 1156 3752 doces

714 3764 851 3826 clariores.
870 3769 956 3829 ιιι.9.;
975 3769 1064 3830 duces.

645 3899 687 3958 11.
715 3918 773 3973 quo
792 3901 886 3955 creati
907 3885 982 3957 sunt
994 3902 1044 3958 dia
1061 3922 1096 3960 ea
1113 3904 1158 3961 sis
1278 3972 1284 3989 ·

713 3988 1157 4063 enimplocueratpotribusm
1200 4030 1203 4035 «

713 4074 872 4153 gistratum
902 4076 978 4133 inici·
1006 4076 1157 4140 salmati.
