<?xml version="1.0" encoding="UTF-8"?>
<!DOCTYPE html PUBLIC "-//W3C//DTD XHTML 1.0 Transitional//EN"
    "http://www.w3.org/TR/xhtml1/DTD/xhtml1-transitional.dtd">
<html xmlns="http://www.w3.org/1999/xhtml" xml:lang="en" lang="en">
 <head>
  <title>
</title>
<meta http-equiv="Content-Type" content="text/html;charset=utf-8" />
  <meta name='ocr-system' content='tesseract 3.04.00' />
  <meta name='ocr-capabilities' content='ocr_page ocr_carea ocr_par ocr_line ocrx_word'/>
</head>
<body>
  <div class='ocr_page' id='page_1' title='image "./titilivirerumro01alscgoog_0299.png"; bbox 0 0 2618 4590; ppageno 0'>
   <div class='ocr_carea' id='block_1_1' title="bbox 164 227 806 298">
    <p class='ocr_par' dir='ltr' id='par_1_1' title="bbox 164 227 806 298">
     <span class='ocr_line' id='line_1_1' title="bbox 164 227 806 298; baseline -0.005 -2"><span class='ocrx_word' id='word_1_1' title='bbox 164 227 232 298; x_wconf 69' lang='lat'><strong>280</strong></span> <span class='ocrx_word' id='word_1_2' title='bbox 622 231 734 293; x_wconf 77' lang='lat' dir='ltr'><strong>tutan</strong></span> <span class='ocrx_word' id='word_1_3' title='bbox 751 233 806 294; x_wconf 83' lang='lat' dir='ltr'><strong>llll.</strong></span> 
     </span>
    </p>
   </div>
   <div class='ocr_carea' id='block_1_2' title="bbox 70 393 1307 1647">
    <p class='ocr_par' dir='ltr' id='par_1_2' title="bbox 70 393 1300 704">
     <span class='ocr_line' id='line_1_2' title="bbox 167 393 1260 488; baseline -0.011 -13"><span class='ocrx_word' id='word_1_4' title='bbox 167 403 259 475; x_wconf 74' lang='lat' dir='ltr'><strong>soba</strong></span> <span class='ocrx_word' id='word_1_5' title='bbox 280 441 326 457; x_wconf 90' lang='lat'>-</span> <span class='ocrx_word' id='word_1_6' title='bbox 345 400 419 487; x_wconf 80' lang='lat' dir='ltr'><strong>onis¹</strong></span> <span class='ocrx_word' id='word_1_7' title='bbox 432 397 583 468; x_wconf 78' lang='lat' dir='ltr'><strong>miliubos</strong></span> <span class='ocrx_word' id='word_1_8' title='bbox 603 434 648 452; x_wconf 73' lang='lat'><strong>‹—</strong></span> <span class='ocrx_word' id='word_1_9' title='bbox 668 408 829 486; x_wconf 80' lang='lat' dir='ltr'><strong>parceret,</strong></span> <span class='ocrx_word' id='word_1_10' title='bbox 856 397 909 465; x_wconf 87' lang='lat' dir='ltr'><strong>cui</strong></span> <span class='ocrx_word' id='word_1_11' title='bbox 934 393 1108 488; x_wconf 89' lang='lat' dir='ltr'><strong>plurimum</strong></span> <span class='ocrx_word' id='word_1_12' title='bbox 1129 418 1192 464; x_wconf 85' lang='lat' dir='ltr'><strong>vos</strong></span> <span class='ocrx_word' id='word_1_13' title='bbox 1212 395 1260 463; x_wconf 83' lang='lat' dir='ltr'><strong>im</strong></span> 
     </span>
     <span class='ocr_line' id='line_1_3' title="bbox 166 499 1300 603; baseline -0.007 -27"><span class='ocrx_word' id='word_1_14' title='bbox 166 508 306 602; x_wconf 88' lang='lat' dir='ltr'><strong>peratori</strong></span> <span class='ocrx_word' id='word_1_15' title='bbox 326 516 433 576; x_wconf 86' lang='lat' dir='ltr'><strong>vestro</strong></span> <span class='ocrx_word' id='word_1_16' title='bbox 455 501 635 585; x_wconf 79' lang='lat' dir='ltr'><strong>crederetis,</strong></span> <span class='ocrx_word' id='word_1_17' title='bbox 656 525 733 569; x_wconf 89' lang='lat' dir='ltr'><strong>eum</strong></span> <span class='ocrx_word' id='word_1_18' title='bbox 746 500 852 591; x_wconf 78' lang='lat' dir='ltr'><strong>clegit.</strong></span> <span class='ocrx_word' id='word_1_19' title='bbox 880 499 1108 592; x_wconf 85' lang='lat' dir='ltr'><strong>pacametiam</strong></span> <span class='ocrx_word' id='word_1_20' title='bbox 1130 501 1190 592; x_wconf 82' lang='lat' dir='ltr'><strong>qtti</strong></span> <span class='ocrx_word' id='word_1_21' title='bbox 1205 501 1260 569; x_wconf 82' lang='lat' dir='ltr'><strong>vin</strong></span> <span class='ocrx_word' id='word_1_22' title='bbox 1293 554 1300 603; x_wconf 66' lang='lat'><strong>.</strong></span> 
     </span>
     <span class='ocr_line' id='line_1_4' title="bbox 70 603 1259 704; baseline -0.005 -23"><span class='ocrx_word' id='word_1_23' title='bbox 70 650 80 668; x_wconf 88' lang='lat'><strong>·</strong></span> <span class='ocrx_word' id='word_1_24' title='bbox 166 637 240 682; x_wconf 87' lang='lat' dir='ltr'><strong>care</strong></span> <span class='ocrx_word' id='word_1_25' title='bbox 261 621 397 704; x_wconf 81' lang='lat' dir='ltr'><strong>possunt</strong></span> <span class='ocrx_word' id='word_1_26' title='bbox 417 609 545 678; x_wconf 83' lang='lat' dir='ltr'><strong>volunt:</strong></span> <span class='ocrx_word' id='word_1_27' title='bbox 559 644 604 660; x_wconf 87' lang='lat'><strong>-·</strong></span> <span class='ocrx_word' id='word_1_28' title='bbox 619 606 696 698; x_wconf 89' lang='lat' dir='ltr'><strong>quid</strong></span> <span class='ocrx_word' id='word_1_29' title='bbox 717 629 778 673; x_wconf 93' lang='lat' dir='ltr'><strong>nos</strong></span> <span class='ocrx_word' id='word_1_30' title='bbox 800 603 884 672; x_wconf 87' lang='lat' dir='ltr'><strong>valla</strong></span> <span class='ocrx_word' id='word_1_31' title='bbox 906 606 1053 696; x_wconf 80' lang='lat' dir='ltr'><strong>oportet?</strong></span> <span class='ocrx_word' id='word_1_32' title='bbox 1074 604 1156 696; x_wconf 79' lang='lat' dir='ltr'><strong>quin</strong></span> <span class='ocrx_word' id='word_1_33' title='bbox 1173 605 1259 675; x_wconf 83' lang='lat' dir='ltr'><strong>omis</strong></span> 
     </span>
    </p>

    <p class='ocr_par' dir='ltr' id='par_1_3' title="bbox 137 706 1275 912">
     <span class='ocr_line' id='line_1_5' title="bbox 166 706 1275 805; baseline -0.009 -21"><span class='ocrx_word' id='word_1_34' title='bbox 166 718 210 784; x_wconf 86' lang='lat' dir='ltr'><strong>sia</strong></span> <span class='ocrx_word' id='word_1_35' title='bbox 243 716 289 784; x_wconf 88' lang='lat' dir='ltr'><strong>ira</strong></span> <span class='ocrx_word' id='word_1_36' title='bbox 316 727 350 785; x_wconf 86' lang='lat' dir='ltr'><strong>ct</strong></span> <span class='ocrx_word' id='word_1_37' title='bbox 378 737 436 805; x_wconf 86' lang='lat' dir='ltr'><strong>spe</strong></span> <span class='ocrx_word' id='word_1_38' title='bbox 465 712 631 782; x_wconf 79' lang='lat' dir='ltr'><strong>fallacibus</strong></span> <span class='ocrx_word' id='word_1_39' title='bbox 666 709 848 780; x_wconf 77' lang='lat' dir='ltr'><strong>auctoaibus</strong></span> <span class='ocrx_word' id='word_1_40' title='bbox 879 733 939 779; x_wconf 89' lang='lat' dir='ltr'><strong>nos</strong></span> <span class='ocrx_word' id='word_1_41' title='bbox 972 711 1061 802; x_wconf 91' lang='lat' dir='ltr'><strong>ipsos</strong></span> <span class='ocrx_word' id='word_1_42' title='bbox 1091 706 1275 803; x_wconf 76' lang='lat' dir='ltr'><strong>nostraqueI</strong></span> 
     </span>
     <span class='ocr_line' id='line_1_6' title="bbox 137 813 813 912; baseline -0.009 -25"><span class='ocrx_word' id='word_1_43' title='bbox 137 822 273 891; x_wconf 73' lang='lat' dir='ltr'><strong>bomnia</strong></span> <span class='ocrx_word' id='word_1_44' title='bbox 296 820 441 912; x_wconf 80' lang='lat' dir='ltr'><strong>cognitae</strong></span> <span class='ocrx_word' id='word_1_45' title='bbox 463 815 677 911; x_wconf 85' lang='lat' dir='ltr'><strong>permittimus</strong></span> <span class='ocrx_word' id='word_1_46' title='bbox 699 813 813 882; x_wconf 83' lang='lat' dir='ltr'><strong>fidei?’&#39;</strong></span> 
     </span>
    </p>

    <p class='ocr_par' dir='ltr' id='par_1_4' title="bbox 153 912 1307 1332">
     <span class='ocr_line' id='line_1_7' title="bbox 252 912 1307 1015; baseline -0.002 -22"><span class='ocrx_word' id='word_1_47' title='bbox 252 925 336 993; x_wconf 86' lang='lat' dir='ltr'><strong>XLI.</strong></span> <span class='ocrx_word' id='word_1_48' title='bbox 379 921 638 1015; x_wconf 81' lang='lat' dir='ltr'><strong>Adprobantibus</strong></span> <span class='ocrx_word' id='word_1_49' title='bbox 661 921 801 988; x_wconf 88' lang='lat' dir='ltr'><strong>clamore</strong></span> <span class='ocrx_word' id='word_1_50' title='bbox 817 919 939 988; x_wconf 88' lang='lat' dir='ltr'><strong>cunctis</strong></span> <span class='ocrx_word' id='word_1_51' title='bbox 954 919 994 987; x_wconf 88' lang='grc' dir='ltr'><strong>Τ.</strong></span> <span class='ocrx_word' id='word_1_52' title='bbox 1010 919 1181 1007; x_wconf 72' lang='lat' dir='ltr'><strong>Quinctius</strong></span> <span class='ocrx_word' id='word_1_53' title='bbox 1196 933 1261 991; x_wconf 78' lang='lat' dir='ltr'><strong>anto</strong></span> <span class='ocrx_word' id='word_1_54' title='bbox 1301 912 1307 1015; x_wconf 34' lang='lat'><strong>,¹</strong></span> 
     </span>
     <span class='ocr_line' id='line_1_8' title="bbox 164 1025 1307 1123; baseline -0.006 -24"><span class='ocrx_word' id='word_1_55' title='bbox 164 1032 253 1122; x_wconf 82' lang='lat' dir='ltr'><strong>signa</strong></span> <span class='ocrx_word' id='word_1_56' title='bbox 280 1051 468 1121; x_wconf 83' lang='lat' dir='ltr'><strong>progressus</strong></span> <span class='ocrx_word' id='word_1_57' title='bbox 495 1028 529 1094; x_wconf 88' lang='lat' dir='ltr'><strong>in</strong></span> <span class='ocrx_word' id='word_1_58' title='bbox 555 1035 714 1115; x_wconf 70' lang='lat' dir='ltr'><strong>potestate</strong></span> <span class='ocrx_word' id='word_1_59' title='bbox 745 1025 905 1123; x_wconf 80' lang='lat' dir='ltr'><strong>dictatoris</strong></span> <span class='ocrx_word' id='word_1_60' title='bbox 932 1025 1049 1093; x_wconf 87' lang='lat' dir='ltr'><strong>milites</strong></span> <span class='ocrx_word' id='word_1_61' title='bbox 1078 1025 1150 1095; x_wconf 79' lang='lat' dir='ltr'><strong>lore</strong></span> <span class='ocrx_word' id='word_1_62' title='bbox 1177 1026 1262 1098; x_wconf 73' lang='lat' dir='ltr'><strong>diric</strong></span> <span class='ocrx_word' id='word_1_63' title='bbox 1304 1046 1307 1055; x_wconf 85' lang='grc'><strong>’</strong></span> 
     </span>
     <span class='ocr_line' id='line_1_9' title="bbox 153 1129 1262 1222; baseline -0.003 -18"><span class='ocrx_word' id='word_1_64' title='bbox 153 1135 271 1204; x_wconf 85' lang='lat' dir='ltr'><strong>oravit</strong></span> <span class='ocrx_word' id='word_1_65' title='bbox 290 1147 327 1201; x_wconf 90' lang='lat' dir='ltr'><strong>ut</strong></span> <span class='ocrx_word' id='word_1_66' title='bbox 348 1157 478 1201; x_wconf 86' lang='lat' dir='ltr'><strong>oausam</strong></span> <span class='ocrx_word' id='word_1_67' title='bbox 504 1131 696 1198; x_wconf 85' lang='lat' dir='ltr'><strong>miscrorum</strong></span> <span class='ocrx_word' id='word_1_68' title='bbox 723 1130 841 1199; x_wconf 82' lang='lat' dir='ltr'><strong>civium</strong></span> <span class='ocrx_word' id='word_1_69' title='bbox 866 1129 1043 1221; x_wconf 85' lang='lat' dir='ltr'><strong>susciperet</strong></span> <span class='ocrx_word' id='word_1_70' title='bbox 1071 1142 1262 1222; x_wconf 80' lang='lat' dir='ltr'><strong>susceptam</strong></span> 
     </span>
     <span class='ocr_line' id='line_1_10' title="bbox 165 1234 1264 1332; baseline -0.002 -24"><span class='ocrx_word' id='word_1_71' title='bbox 165 1263 230 1332; x_wconf 81' lang='lat' dir='ltr'><strong>que</strong></span> <span class='ocrx_word' id='word_1_72' title='bbox 252 1239 367 1306; x_wconf 87' lang='lat' dir='ltr'><strong>cadem</strong></span> <span class='ocrx_word' id='word_1_73' title='bbox 387 1236 450 1304; x_wconf 85' lang='lat' dir='ltr'><strong>fide</strong></span> <span class='ocrx_word' id='word_1_74' title='bbox 473 1259 535 1326; x_wconf 89' lang='lat' dir='ltr'><strong>qua</strong></span> <span class='ocrx_word' id='word_1_75' title='bbox 558 1261 627 1304; x_wconf 88' lang='lat' dir='ltr'><strong>ram</strong></span> <span class='ocrx_word' id='word_1_76' title='bbox 648 1234 810 1327; x_wconf 88' lang='lat' dir='ltr'><strong>publicam</strong></span> <span class='ocrx_word' id='word_1_77' title='bbox 838 1235 1053 1303; x_wconf 81' lang='lat' dir='ltr'><strong>administrare</strong></span> <span class='ocrx_word' id='word_1_78' title='bbox 1080 1234 1197 1304; x_wconf 85' lang='lat' dir='ltr'><strong>solitus</strong></span> <span class='ocrx_word' id='word_1_79' title='bbox 1222 1260 1264 1306; x_wconf 81' lang='lat' dir='ltr'><strong>as·</strong></span> 
     </span>
    </p>

    <p class='ocr_par' dir='ltr' id='par_1_5' title="bbox 119 1338 1265 1647">
     <span class='ocr_line' id='line_1_11' title="bbox 119 1338 1265 1432; baseline 0.001 -23"><span class='ocrx_word' id='word_1_80' title='bbox 119 1355 154 1411; x_wconf 87' lang='lat'><strong>10</strong></span> <span class='ocrx_word' id='word_1_81' title='bbox 166 1354 216 1410; x_wconf 83' lang='lat' dir='ltr'><strong>set</strong></span> <span class='ocrx_word' id='word_1_82' title='bbox 237 1353 389 1409; x_wconf 86' lang='lat' dir='ltr'><strong>tueretur.</strong></span> <span class='ocrx_word' id='word_1_83' title='bbox 426 1340 487 1407; x_wconf 89' lang='lat' dir='ltr'><strong>sibi</strong></span> <span class='ocrx_word' id='word_1_84' title='bbox 507 1364 543 1409; x_wconf 84' lang='lat' dir='ltr'><strong>sa</strong></span> <span class='ocrx_word' id='word_1_85' title='bbox 564 1339 712 1430; x_wconf 89' lang='lat' dir='ltr'><strong>privatim</strong></span> <span class='ocrx_word' id='word_1_86' title='bbox 732 1339 810 1406; x_wconf 87' lang='lat' dir='ltr'><strong>nihil</strong></span> <span class='ocrx_word' id='word_1_87' title='bbox 827 1363 950 1424; x_wconf 85' lang='lat' dir='ltr'><strong>cavere,</strong></span> <span class='ocrx_word' id='word_1_88' title='bbox 970 1338 1058 1408; x_wconf 88' lang='lat' dir='ltr'><strong>nolle</strong></span> <span class='ocrx_word' id='word_1_89' title='bbox 1078 1339 1155 1410; x_wconf 88' lang='lat' dir='ltr'><strong>alibi</strong></span> <span class='ocrx_word' id='word_1_90' title='bbox 1171 1365 1265 1432; x_wconf 82' lang='lat' dir='ltr'><strong>quam</strong></span> 
     </span>
     <span class='ocr_line' id='line_1_12' title="bbox 168 1432 1264 1537; baseline -0.003 -22"><span class='ocrx_word' id='word_1_91' title='bbox 168 1447 202 1515; x_wconf 93' lang='lat' dir='ltr'><strong>in</strong></span> <span class='ocrx_word' id='word_1_92' title='bbox 224 1444 403 1514; x_wconf 87' lang='lat' dir='ltr'><strong>innocentia</strong></span> <span class='ocrx_word' id='word_1_93' title='bbox 425 1468 518 1536; x_wconf 87' lang='lat' dir='ltr'><strong>spem</strong></span> <span class='ocrx_word' id='word_1_94' title='bbox 539 1432 676 1514; x_wconf 87' lang='lat' dir='ltr'><strong>habere:</strong></span> <span class='ocrx_word' id='word_1_95' title='bbox 697 1444 850 1512; x_wconf 85' lang='lat' dir='ltr'><strong>militibus</strong></span> <span class='ocrx_word' id='word_1_96' title='bbox 866 1445 1053 1528; x_wconf 84' lang='lat' dir='ltr'><strong>cavendnm,</strong></span> <span class='ocrx_word' id='word_1_97' title='bbox 1076 1444 1168 1535; x_wconf 88' lang='lat' dir='ltr'><strong>quod</strong></span> <span class='ocrx_word' id='word_1_98' title='bbox 1183 1444 1264 1537; x_wconf 82' lang='lat' dir='ltr'><strong>apud</strong></span> 
     </span>
     <span class='ocr_line' id='line_1_13' title="bbox 165 1547 1265 1647; baseline -0.005 -25"><span class='ocrx_word' id='word_1_99' title='bbox 165 1563 273 1647; x_wconf 86' lang='lat' dir='ltr'><strong>patres</strong></span> <span class='ocrx_word' id='word_1_100' title='bbox 292 1550 395 1623; x_wconf 87' lang='lat' dir='ltr'><strong>semel</strong></span> <span class='ocrx_word' id='word_1_101' title='bbox 415 1550 502 1642; x_wconf 82' lang='lat' dir='ltr'><strong>plebi</strong></span> <span class='ocrx_word' id='word_1_102' title='bbox 523 1550 638 1620; x_wconf 84' lang='lat' dir='ltr'><strong>iterum</strong></span> <span class='ocrx_word' id='word_1_103' title='bbox 659 1547 838 1642; x_wconf 80' lang='lat' dir='ltr'><strong>legionibus</strong></span> <span class='ocrx_word' id='word_1_104' title='bbox 860 1560 990 1621; x_wconf 90' lang='lat' dir='ltr'><strong>cautum</strong></span> <span class='ocrx_word' id='word_1_105' title='bbox 1012 1547 1069 1633; x_wconf 88' lang='lat' dir='ltr'><strong>sit,</strong></span> <span class='ocrx_word' id='word_1_106' title='bbox 1100 1571 1145 1618; x_wconf 85' lang='lat' dir='ltr'><strong>ue</strong></span> <span class='ocrx_word' id='word_1_107' title='bbox 1166 1549 1265 1619; x_wconf 76' lang='lat' dir='ltr'><strong>bauli</strong></span> 
     </span>
    </p>
   </div>
   <div class='ocr_carea' id='block_1_3' title="bbox 233 1757 1269 2024">
    <p class='ocr_par' dir='ltr' id='par_1_6' title="bbox 233 1757 1269 2024">
     <span class='ocr_line' id='line_1_14' title="bbox 235 1757 1268 1848; baseline -0.002 -17"><span class='ocrx_word' id='word_1_108' title='bbox 235 1757 336 1831; x_wconf 69' lang='lat' dir='ltr'><strong>litibus</strong></span> <span class='ocrx_word' id='word_1_109' title='bbox 356 1780 495 1848; x_wconf 78' lang='lat' dir='ltr'><strong>parceret</strong></span> <span class='ocrx_word' id='word_1_110' title='bbox 516 1772 566 1829; x_wconf 72' lang='lat' dir='ltr'><strong>cui</strong></span> <span class='ocrx_word' id='word_1_111' title='bbox 587 1768 682 1848; x_wconf 74' lang='lat' dir='ltr'><strong>pluri·</strong></span> <span class='ocrx_word' id='word_1_112' title='bbox 822 1769 890 1828; x_wconf 78' lang='lat' dir='ltr'><strong>falsa</strong></span> <span class='ocrx_word' id='word_1_113' title='bbox 908 1780 988 1848; x_wconf 80' lang='lat' dir='ltr'><strong>atqua</strong></span> <span class='ocrx_word' id='word_1_114' title='bbox 1005 1767 1104 1839; x_wconf 73' lang='lat' dir='ltr'><strong>fallaci,</strong></span> <span class='ocrx_word' id='word_1_115' title='bbox 1130 1767 1268 1829; x_wconf 68' lang='lat' dir='ltr'><strong>rotomo</strong></span> 
     </span>
     <span class='ocr_line' id='line_1_15' title="bbox 234 1856 1269 1937; baseline -0.005 -17"><span class='ocrx_word' id='word_1_116' title='bbox 234 1878 315 1920; x_wconf 81' lang='lat' dir='ltr'><strong>mum</strong></span> <span class='ocrx_word' id='word_1_117' title='bbox 343 1879 400 1921; x_wconf 79' lang='lat' dir='ltr'><strong>uos</strong></span> <span class='ocrx_word' id='word_1_118' title='bbox 432 1861 605 1936; x_wconf 79' lang='lat' dir='ltr'><strong>imperatori</strong></span> <span class='ocrx_word' id='word_1_119' title='bbox 633 1879 681 1919; x_wconf 84' lang='lat' dir='ltr'><strong>ue·</strong></span> <span class='ocrx_word' id='word_1_120' title='bbox 821 1856 853 1923; x_wconf 86' lang='lat' dir='ltr'><strong>in</strong></span> <span class='ocrx_word' id='word_1_121' title='bbox 870 1857 956 1918; x_wconf 85' lang='lat' dir='ltr'><strong>viam:</strong></span> <span class='ocrx_word' id='word_1_122' title='bbox 980 1858 1098 1935; x_wconf 81' lang='lat' dir='ltr'><strong>optimus</strong></span> <span class='ocrx_word' id='word_1_123' title='bbox 1116 1866 1160 1915; x_wconf 78' lang='lat' dir='ltr'><strong>est</strong></span> <span class='ocrx_word' id='word_1_124' title='bbox 1175 1867 1269 1937; x_wconf 75' lang='lat' dir='ltr'><strong>portura</strong></span> 
     </span>
     <span class='ocr_line' id='line_1_16' title="bbox 233 1944 1268 2024; baseline 0.002 -21"><span class='ocrx_word' id='word_1_125' title='bbox 233 1944 682 2024; x_wconf 75' lang='lat' dir='ltr'><strong>strocrederetissll.seclquod</strong></span> <span class='ocrx_word' id='word_1_126' title='bbox 821 1946 970 2023; x_wconf 86' lang='lat' dir='ltr'><strong>paenitenti</strong></span> <span class='ocrx_word' id='word_1_127' title='bbox 1003 1946 1116 2003; x_wconf 83' lang='lat' dir='ltr'><strong>mutatio</strong></span> <span class='ocrx_word' id='word_1_128' title='bbox 1154 1945 1268 2005; x_wconf 87' lang='lat' dir='ltr'><strong>consilii.</strong></span> 
     </span>
    </p>
   </div>
   <div class='ocr_carea' id='block_1_4' title="bbox 1306 343 1310 895">
    <p class='ocr_par' dir='ltr' id='par_1_7' title="bbox 1306 343 1310 895">
     <span class='ocr_line' id='line_1_17' title="bbox 1306 343 1310 895; baseline 0 0"><span class='ocrx_word' id='word_1_129' title='bbox 1306 343 1310 895; x_wconf 95' lang='lat' dir='ltr'><strong> </strong></span> 
     </span>
    </p>
   </div>
   <div class='ocr_carea' id='block_1_5' title="bbox 235 2031 682 2114">
    <p class='ocr_par' dir='ltr' id='par_1_8' title="bbox 235 2031 682 2114">
     <span class='ocr_line' id='line_1_18' title="bbox 235 2031 682 2114; baseline -0.009 -20"><span class='ocrx_word' id='word_1_130' title='bbox 235 2031 335 2095; x_wconf 75' lang='lat' dir='ltr'><strong>deindo</strong></span> <span class='ocrx_word' id='word_1_131' title='bbox 351 2036 381 2096; x_wconf 79' lang='lat' dir='ltr'><strong>in</strong></span> <span class='ocrx_word' id='word_1_132' title='bbox 398 2033 426 2093; x_wconf 79' lang='grc' dir='ltr'><strong>Μ</strong></span> <span class='ocrx_word' id='word_1_133' title='bbox 450 2036 574 2114; x_wconf 78' lang='lat' dir='ltr'><strong>sequitur</strong></span> <span class='ocrx_word' id='word_1_134' title='bbox 590 2034 682 2113; x_wconf 76' lang='lat' dir='ltr'><strong>elegit</strong></span> 
     </span>
    </p>
   </div>
   <div class='ocr_carea' id='block_1_6' title="bbox 136 2119 680 2202">
    <p class='ocr_par' dir='ltr' id='par_1_9' title="bbox 136 2119 680 2202">
     <span class='ocr_line' id='line_1_19' title="bbox 136 2119 680 2202; baseline 0.004 -26"><span class='ocrx_word' id='word_1_135' title='bbox 136 2164 141 2171; x_wconf 92' lang='lat'><strong>.</strong></span> <span class='ocrx_word' id='word_1_136' title='bbox 233 2123 271 2177; x_wconf 67' lang='lat' dir='ltr'><strong>eri</strong></span> <span class='ocrx_word' id='word_1_137' title='bbox 285 2120 293 2192; x_wconf 94' lang='grc' dir='ltr'>Ι</span> <span class='ocrx_word' id='word_1_138' title='bbox 307 2161 316 2188; x_wconf 90' lang='grc'><em>,</em></span> <span class='ocrx_word' id='word_1_139' title='bbox 328 2119 415 2179; x_wconf 84' lang='lat' dir='ltr'><strong>lacere</strong></span> <span class='ocrx_word' id='word_1_140' title='bbox 427 2141 601 2202; x_wconf 85' lang='lat' dir='ltr'><strong>nonpossum</strong></span> <span class='ocrx_word' id='word_1_141' title='bbox 613 2121 680 2198; x_wconf 85' lang='lat' dir='ltr'><strong>quin</strong></span> 
     </span>
    </p>
   </div>
   <div class='ocr_carea' id='block_1_7' title="bbox 154 2205 680 2547">
    <p class='ocr_par' dir='ltr' id='par_1_10' title="bbox 154 2205 680 2547">
     <span class='ocr_line' id='line_1_20' title="bbox 233 2205 680 2285; baseline 0.007 -23"><span class='ocrx_word' id='word_1_142' title='bbox 233 2205 267 2267; x_wconf 82' lang='lat' dir='ltr'><strong>ab.</strong></span> <span class='ocrx_word' id='word_1_143' title='bbox 285 2205 396 2270; x_wconf 79' lang='lat' dir='ltr'><strong>libraria</strong></span> <span class='ocrx_word' id='word_1_144' title='bbox 408 2209 539 2285; x_wconf 84' lang='lat' dir='ltr'><strong>scriptum</strong></span> <span class='ocrx_word' id='word_1_145' title='bbox 556 2207 680 2276; x_wconf 78' lang='lat' dir='ltr'><strong>arbitrer,</strong></span> 
     </span>
     <span class='ocr_line' id='line_1_21' title="bbox 154 2293 680 2370; baseline 0 -22"><span class='ocrx_word' id='word_1_146' title='bbox 154 2327 163 2339; x_wconf 70' lang='lat'><em>,</em></span> <span class='ocrx_word' id='word_1_147' title='bbox 234 2293 510 2369; x_wconf 78' lang='lat' dir='ltr'><strong>quionmiostolaco</strong></span> <span class='ocrx_word' id='word_1_148' title='bbox 528 2312 680 2370; x_wconf 80' lang='lat' dir='ltr'><strong>cumprae-</strong></span> 
     </span>
     <span class='ocr_line' id='line_1_22' title="bbox 233 2379 680 2460; baseline 0.004 -26"><span class='ocrx_word' id='word_1_149' title='bbox 233 2380 351 2447; x_wconf 83' lang='lat' dir='ltr'><strong>terisset,</strong></span> <span class='ocrx_word' id='word_1_150' title='bbox 378 2380 407 2443; x_wconf 78' lang='lat' dir='ltr'><strong>id</strong></span> <span class='ocrx_word' id='word_1_151' title='bbox 425 2382 518 2460; x_wconf 86' lang='lat' dir='ltr'><strong>potius</strong></span> <span class='ocrx_word' id='word_1_152' title='bbox 538 2386 602 2459; x_wconf 81' lang='lat' dir='ltr'><strong>post</strong></span> <span class='ocrx_word' id='word_1_153' title='bbox 623 2379 680 2436; x_wconf 84' lang='lat' dir='ltr'><strong>ele·</strong></span> 
     </span>
     <span class='ocr_line' id='line_1_23' title="bbox 231 2465 680 2547; baseline 0.007 -27"><span class='ocrx_word' id='word_1_154' title='bbox 231 2465 280 2544; x_wconf 78' lang='lat' dir='ltr'><strong>git</strong></span> <span class='ocrx_word' id='word_1_155' title='bbox 306 2465 426 2530; x_wconf 82' lang='lat' dir='ltr'><strong>additum</strong></span> <span class='ocrx_word' id='word_1_156' title='bbox 453 2487 533 2547; x_wconf 88' lang='lat' dir='ltr'><strong>quam</strong></span> <span class='ocrx_word' id='word_1_157' title='bbox 563 2465 680 2523; x_wconf 84' lang='lat' dir='ltr'><strong>deletum</strong></span> 
     </span>
    </p>
   </div>
   <div class='ocr_carea' id='block_1_8' title="bbox 121 2549 680 2630">
    <p class='ocr_par' dir='ltr' id='par_1_11' title="bbox 121 2549 680 2630">
     <span class='ocr_line' id='line_1_24' title="bbox 121 2549 680 2630; baseline 0.002 -21"><span class='ocrx_word' id='word_1_158' title='bbox 121 2598 128 2614; x_wconf 80' lang='grc'><strong>.</strong></span> <span class='ocrx_word' id='word_1_159' title='bbox 236 2549 361 2614; x_wconf 83' lang='lat' dir='ltr'><strong>voluerit.</strong></span> <span class='ocrx_word' id='word_1_160' title='bbox 371 2584 407 2597; x_wconf 95' lang='lat'><em>-</em></span> <span class='ocrx_word' id='word_1_161' title='bbox 424 2552 460 2610; x_wconf 81' lang='lat' dir='ltr'><strong>P:</strong></span> <span class='ocrx_word' id='word_1_162' title='bbox 478 2555 548 2630; x_wconf 76' lang='lat' dir='ltr'><strong>„qui</strong></span> <span class='ocrx_word' id='word_1_163' title='bbox 564 2553 680 2613; x_wconf 78' lang='lat' dir='ltr'><strong>maxima</strong></span> 
     </span>
    </p>
   </div>
   <div class='ocr_carea' id='block_1_9' title="bbox 158 2639 681 3679">
    <p class='ocr_par' dir='ltr' id='par_1_12' title="bbox 158 2639 681 3051">
     <span class='ocr_line' id='line_1_25' title="bbox 224 2639 681 2725; baseline 0.011 -30"><span class='ocrx_word' id='word_1_164' title='bbox 224 2639 313 2701; x_wconf 78' lang='lat' dir='ltr'><strong>uobis</strong></span> <span class='ocrx_word' id='word_1_165' title='bbox 330 2641 387 2704; x_wconf 85' lang='lat' dir='ltr'><strong>suis</strong></span> <span class='ocrx_word' id='word_1_166' title='bbox 404 2640 535 2705; x_wconf 79' lang='lat' dir='ltr'><strong>militibus</strong></span> <span class='ocrx_word' id='word_1_167' title='bbox 558 2649 681 2725; x_wconf 80' lang='lat' dir='ltr'><strong>parceret</strong></span> 
     </span>
     <span class='ocr_line' id='line_1_26' title="bbox 237 2725 680 2810; baseline 0.016 -27"><span class='ocrx_word' id='word_1_168' title='bbox 237 2728 282 2784; x_wconf 84' lang='lat' dir='ltr'><strong>cui</strong></span> <span class='ocrx_word' id='word_1_169' title='bbox 298 2725 444 2810; x_wconf 82' lang='lat' dir='ltr'><strong>plurimum</strong></span> <span class='ocrx_word' id='word_1_170' title='bbox 461 2749 511 2790; x_wconf 85' lang='lat' dir='ltr'><strong>uos</strong></span> <span class='ocrx_word' id='word_1_171' title='bbox 522 2730 680 2810; x_wconf 83' lang='lat' dir='ltr'><strong>imperatori</strong></span> 
     </span>
     <span class='ocr_line' id='line_1_27' title="bbox 158 2814 678 2894; baseline 0.01 -23"><span class='ocrx_word' id='word_1_172' title='bbox 158 2840 163 2859; x_wconf 73' lang='lat'><em>,</em></span> <span class='ocrx_word' id='word_1_173' title='bbox 231 2823 324 2878; x_wconf 72' lang='lat' dir='ltr'><strong>uesuo</strong></span> <span class='ocrx_word' id='word_1_174' title='bbox 342 2814 555 2877; x_wconf 74' lang='lat' dir='ltr'><strong>mederittseum</strong></span> <span class='ocrx_word' id='word_1_175' title='bbox 567 2816 678 2894; x_wconf 82' lang='lat' dir='ltr'><strong>elegit“.</strong></span> 
     </span>
     <span class='ocr_line' id='line_1_28' title="bbox 229 2899 678 2988; baseline -0.007 -25"><span class='ocrx_word' id='word_1_176' title='bbox 229 2899 301 2963; x_wconf 79' lang='lat' dir='ltr'><strong>Hinc</strong></span> <span class='ocrx_word' id='word_1_177' title='bbox 318 2922 389 2963; x_wconf 77' lang='lat' dir='ltr'><strong>racc.</strong></span> <span class='ocrx_word' id='word_1_178' title='bbox 410 2901 484 2988; x_wconf 84' lang='lat' dir='ltr'><strong>quid.</strong></span> <span class='ocrx_word' id='word_1_179' title='bbox 506 2902 599 2970; x_wconf 65' lang='lat' dir='ltr'><strong>cottila</strong></span> <span class='ocrx_word' id='word_1_180' title='bbox 621 2922 678 2962; x_wconf 84' lang='lat' dir='ltr'><strong>cre·</strong></span> 
     </span>
     <span class='ocr_line' id='line_1_29' title="bbox 232 2987 577 3051; baseline -0.012 -4"><span class='ocrx_word' id='word_1_181' title='bbox 232 2987 366 3051; x_wconf 73' lang='lat' dir='ltr'><strong>diducitis.</strong></span> <span class='ocrx_word' id='word_1_182' title='bbox 575 2992 577 2996; x_wconf 80' lang='grc'>’</span> 
     </span>
    </p>

    <p class='ocr_par' dir='ltr' id='par_1_13' title="bbox 178 3076 679 3679">
     <span class='ocr_line' id='line_1_30' title="bbox 178 3076 679 3153; baseline 0 -20"><span class='ocrx_word' id='word_1_183' title='bbox 178 3076 205 3136; x_wconf 82' lang='grc'><strong>3.</strong></span> <span class='ocrx_word' id='word_1_184' title='bbox 234 3076 307 3151; x_wconf 82' lang='lat' dir='ltr'><strong>quin</strong></span> <span class='ocrx_word' id='word_1_185' title='bbox 318 3077 439 3135; x_wconf 80' lang='lat' dir='ltr'><strong>omissis</strong></span> <span class='ocrx_word' id='word_1_186' title='bbox 451 3079 499 3134; x_wconf 78' lang='lat' dir='ltr'><strong>ira</strong></span> <span class='ocrx_word' id='word_1_187' title='bbox 512 3085 542 3135; x_wconf 79' lang='lat' dir='ltr'><strong>et</strong></span> <span class='ocrx_word' id='word_1_188' title='bbox 553 3076 679 3153; x_wconf 73' lang='lat' dir='ltr'><strong>aposol-</strong></span> 
     </span>
     <span class='ocr_line' id='line_1_31' title="bbox 232 3161 679 3238; baseline 0.004 -19"><span class='ocrx_word' id='word_1_189' title='bbox 232 3161 679 3238; x_wconf 74' lang='lat' dir='ltr'><strong>lacibuaouctoribusnosipsos</strong></span> 
     </span>
     <span class='ocr_line' id='line_1_32' title="bbox 221 3240 678 3333; baseline -0.007 -23"><span class='ocrx_word' id='word_1_190' title='bbox 221 3256 397 3327; x_wconf 73' lang='lat' dir='ltr'><strong>nostraque</strong></span> <span class='ocrx_word' id='word_1_191' title='bbox 420 3250 520 3309; x_wconf 77' lang='lat' dir='ltr'><strong>omnio</strong></span> <span class='ocrx_word' id='word_1_192' title='bbox 541 3240 678 3333; x_wconf 72' lang='lat' dir='ltr'><strong>cognitas</strong></span> 
     </span>
     <span class='ocr_line' id='line_1_33' title="bbox 229 3333 676 3413; baseline -0.002 -21"><span class='ocrx_word' id='word_1_193' title='bbox 229 3338 428 3413; x_wconf 70' lang='lat' dir='ltr'><strong>permittimus</strong></span> <span class='ocrx_word' id='word_1_194' title='bbox 445 3336 539 3413; x_wconf 77' lang='lat' dir='ltr'><strong>fideis</strong></span> <span class='ocrx_word' id='word_1_195' title='bbox 560 3333 620 3396; x_wconf 82' lang='lat' dir='ltr'><strong>PM.</strong></span> <span class='ocrx_word' id='word_1_196' title='bbox 641 3367 676 3379; x_wconf 93' lang='lat'><em>-</em></span> 
     </span>
     <span class='ocr_line' id='line_1_34' title="bbox 230 3422 678 3502; baseline 0.007 -24"><span class='ocrx_word' id='word_1_197' title='bbox 230 3422 312 3485; x_wconf 83' lang='lat' dir='ltr'><strong>Recc.</strong></span> <span class='ocrx_word' id='word_1_198' title='bbox 330 3423 406 3502; x_wconf 80' lang='lat' dir='ltr'><strong>quid.</strong></span> <span class='ocrx_word' id='word_1_199' title='bbox 419 3423 513 3489; x_wconf 58' lang='lat' dir='ltr'><strong>cudda</strong></span> <span class='ocrx_word' id='word_1_200' title='bbox 528 3425 678 3500; x_wconf 62' lang='lat' dir='ltr'><strong>pomata</strong></span> 
     </span>
     <span class='ocr_line' id='line_1_35' title="bbox 197 3510 678 3595; baseline 0.006 -27"><span class='ocrx_word' id='word_1_201' title='bbox 197 3572 198 3575; x_wconf 8' lang='grc' dir='ltr'><strong>Ἴ</strong></span> <span class='ocrx_word' id='word_1_202' title='bbox 231 3510 678 3595; x_wconf 76' lang='lat' dir='ltr'><strong>musssedcf.1‚1lb.=quintu</strong></span> 
     </span>
     <span class='ocr_line' id='line_1_36' title="bbox 196 3594 677 3679; baseline 0.01 -23"><span class='ocrx_word' id='word_1_203' title='bbox 196 3594 203 3607; x_wconf 67' lang='grc'><strong>’</strong></span> <span class='ocrx_word' id='word_1_204' title='bbox 230 3604 293 3656; x_wconf 76' lang='lat' dir='ltr'><strong>ento</strong></span> <span class='ocrx_word' id='word_1_205' title='bbox 301 3598 364 3656; x_wconf 83' lang='lat' dir='ltr'><strong>vivo</strong></span> <span class='ocrx_word' id='word_1_206' title='bbox 376 3597 547 3679; x_wconf 80' lang='lat' dir='ltr'><strong>perfunderis</strong></span> <span class='ocrx_word' id='word_1_207' title='bbox 558 3597 677 3661; x_wconf 85' lang='lat' dir='ltr'><strong>flumine.</strong></span> 
     </span>
    </p>
   </div>
   <div class='ocr_carea' id='block_1_10' title="bbox 107 3683 678 3760">
    <p class='ocr_par' dir='ltr' id='par_1_14' title="bbox 107 3683 678 3760">
     <span class='ocr_line' id='line_1_37' title="bbox 107 3683 678 3760; baseline 0.021 -27"><span class='ocrx_word' id='word_1_208' title='bbox 107 3754 110 3759; x_wconf 25' lang='grc' dir='ltr'><strong><em>Ι</em></strong></span> <span class='ocrx_word' id='word_1_209' title='bbox 231 3683 262 3749; x_wconf 91' lang='grc'><strong>1,</strong></span> <span class='ocrx_word' id='word_1_210' title='bbox 289 3683 347 3739; x_wconf 67' lang='lat' dir='ltr'><strong>ota</strong></span> <span class='ocrx_word' id='word_1_211' title='bbox 377 3687 442 3760; x_wconf 84' lang='lat' dir='ltr'><strong>quin</strong></span> <span class='ocrx_word' id='word_1_212' title='bbox 460 3717 495 3729; x_wconf 89' lang='lat'>-</span> <span class='ocrx_word' id='word_1_213' title='bbox 521 3685 678 3746; x_wconf 82' lang='lat' dir='ltr'><strong>conscendi·</strong></span> 
     </span>
    </p>
   </div>
   <div class='ocr_carea' id='block_1_11' title="bbox 229 3774 676 3858">
    <p class='ocr_par' dir='ltr' id='par_1_15' title="bbox 229 3774 676 3858">
     <span class='ocr_line' id='line_1_38' title="bbox 229 3774 676 3858; baseline 0.009 -32"><span class='ocrx_word' id='word_1_214' title='bbox 229 3788 289 3831; x_wconf 88' lang='lat' dir='ltr'><strong>mus</strong></span> <span class='ocrx_word' id='word_1_215' title='bbox 302 3788 385 3851; x_wconf 81' lang='lat' dir='ltr'><strong>equos</strong></span> <span class='ocrx_word' id='word_1_216' title='bbox 395 3774 588 3858; x_wconf 86' lang='lat' dir='ltr'><strong>invisimusque</strong></span> <span class='ocrx_word' id='word_1_217' title='bbox 599 3793 676 3850; x_wconf 86' lang='lat' dir='ltr'><strong>prae-</strong></span> 
     </span>
    </p>
   </div>
   <div class='ocr_carea' id='block_1_12' title="bbox 110 3860 675 3936">
    <p class='ocr_par' dir='ltr' id='par_1_16' title="bbox 110 3860 675 3936">
     <span class='ocr_line' id='line_1_39' title="bbox 110 3860 675 3936; baseline 0.012 -24"><span class='ocrx_word' id='word_1_218' title='bbox 110 3902 114 3919; x_wconf 78' lang='lat'><strong>.</strong></span> <span class='ocrx_word' id='word_1_219' title='bbox 229 3868 320 3921; x_wconf 83' lang='lat' dir='ltr'><strong>sentes</strong></span> <span class='ocrx_word' id='word_1_220' title='bbox 338 3869 490 3921; x_wconf 83' lang='lat' dir='ltr'><strong>nostrorum</strong></span> <span class='ocrx_word' id='word_1_221' title='bbox 507 3862 622 3936; x_wconf 77' lang='lat' dir='ltr'><strong>ingenia.</strong></span> <span class='ocrx_word' id='word_1_222' title='bbox 640 3860 675 3919; x_wconf 83' lang='lat' dir='ltr'><strong>al.</strong></span> 
     </span>
    </p>
   </div>
   <div class='ocr_carea' id='block_1_13' title="bbox 116 3942 676 4017">
    <p class='ocr_par' dir='ltr' id='par_1_17' title="bbox 116 3942 676 4017">
     <span class='ocr_line' id='line_1_40' title="bbox 116 3942 676 4017; baseline 0.007 -16"><span class='ocrx_word' id='word_1_223' title='bbox 116 3984 118 3993; x_wconf 69' lang='lat'><em>,</em></span> <span class='ocrx_word' id='word_1_224' title='bbox 229 3975 264 3988; x_wconf 92' lang='lat'><strong>·-</strong></span> <span class='ocrx_word' id='word_1_225' title='bbox 288 3942 333 4004; x_wconf 83' lang='lat' dir='ltr'><strong>cf.</strong></span> <span class='ocrx_word' id='word_1_226' title='bbox 351 3944 410 4003; x_wconf 81' lang='lat' dir='ltr'><strong>cic.</strong></span> <span class='ocrx_word' id='word_1_227' title='bbox 429 3944 498 4007; x_wconf 88' lang='lat' dir='ltr'><strong>Phil.</strong></span> <span class='ocrx_word' id='word_1_228' title='bbox 524 3949 571 4017; x_wconf 76' lang='lat' dir='ltr'><strong>tn,</strong></span> <span class='ocrx_word' id='word_1_229' title='bbox 589 3951 615 4008; x_wconf 70' lang='lat'><strong>2.</strong></span> <span class='ocrx_word' id='word_1_230' title='bbox 634 3951 676 4007; x_wconf 77' lang='lat' dir='ltr'><strong>7.a</strong></span> 
     </span>
    </p>
   </div>
   <div class='ocr_carea' id='block_1_14' title="bbox 149 4031 674 4119">
    <p class='ocr_par' dir='ltr' id='par_1_18' title="bbox 149 4031 674 4119">
     <span class='ocr_line' id='line_1_41' title="bbox 149 4031 674 4119; baseline 0 -26"><span class='ocrx_word' id='word_1_231' title='bbox 149 4054 158 4065; x_wconf 74' lang='grc'><em>’</em></span> <span class='ocrx_word' id='word_1_232' title='bbox 229 4031 303 4112; x_wconf 79' lang='lat' dir='ltr'><strong>quod</strong></span> <span class='ocrx_word' id='word_1_233' title='bbox 324 4034 350 4094; x_wconf 85' lang='lat' dir='ltr'><strong>sl</strong></span> <span class='ocrx_word' id='word_1_234' title='bbox 372 4042 415 4094; x_wconf 87' lang='lat' dir='ltr'><strong>est</strong></span> <span class='ocrx_word' id='word_1_235' title='bbox 436 4043 556 4094; x_wconf 85' lang='lat' dir='ltr'><strong>erratum</strong></span> <span class='ocrx_word' id='word_1_236' title='bbox 573 4053 674 4119; x_wconf 81' lang='lat' dir='ltr'><strong>-spe</strong></span> 
     </span>
    </p>
   </div>
   <div class='ocr_carea' id='block_1_15' title="bbox 820 2028 1269 2203">
    <p class='ocr_par' dir='ltr' id='par_1_19' title="bbox 820 2028 1269 2203">
     <span class='ocr_line' id='line_1_42' title="bbox 821 2028 1269 2115; baseline 0.002 -22"><span class='ocrx_word' id='word_1_237' title='bbox 821 2028 883 2093; x_wconf 79' lang='lat' dir='ltr'><strong>Ltv.</strong></span> <span class='ocrx_word' id='word_1_238' title='bbox 901 2033 927 2100; x_wconf 68' lang='lat'><strong>2,</strong></span> <span class='ocrx_word' id='word_1_239' title='bbox 945 2034 1004 2093; x_wconf 79' lang='lat'><strong>45.:</strong></span> <span class='ocrx_word' id='word_1_240' title='bbox 1023 2042 1089 2099; x_wconf 77' lang='lat' dir='ltr'><strong>aaut</strong></span> <span class='ocrx_word' id='word_1_241' title='bbox 1104 2033 1135 2090; x_wconf 89' lang='lat' dir='ltr'><strong>in</strong></span> <span class='ocrx_word' id='word_1_242' title='bbox 1151 2052 1269 2115; x_wconf 79' lang='lat' dir='ltr'><strong>pugnum</strong></span> 
     </span>
     <span class='ocr_line' id='line_1_43' title="bbox 820 2118 1269 2203; baseline -0.002 -26"><span class='ocrx_word' id='word_1_243' title='bbox 820 2118 921 2180; x_wconf 81' lang='lat' dir='ltr'><strong>irarum</strong></span> <span class='ocrx_word' id='word_1_244' title='bbox 938 2122 1052 2203; x_wconf 81' lang='lat' dir='ltr'><strong>speique</strong></span> <span class='ocrx_word' id='word_1_245' title='bbox 1068 2119 1152 2199; x_wconf 82' lang='lat' dir='ltr'><strong>ploni.</strong></span> <span class='ocrx_word' id='word_1_246' title='bbox 1169 2122 1214 2189; x_wconf 73' lang='lat'><strong>24,</strong></span> <span class='ocrx_word' id='word_1_247' title='bbox 1226 2121 1269 2177; x_wconf 65' lang='lat'><strong>25.</strong></span> 
     </span>
    </p>
   </div>
   <div class='ocr_carea' id='block_1_16' title="bbox 768 2205 1270 2370">
    <p class='ocr_par' dir='ltr' id='par_1_20' title="bbox 768 2205 1270 2370">
     <span class='ocr_line' id='line_1_44' title="bbox 768 2205 1269 2291; baseline 0.004 -28"><span class='ocrx_word' id='word_1_248' title='bbox 768 2207 796 2268; x_wconf 78' lang='lat' dir='ltr'><strong>fi.</strong></span> <span class='ocrx_word' id='word_1_249' title='bbox 821 2205 1269 2291; x_wconf 69' lang='lat' dir='ltr'><strong>adprobantibosclamorccun·</strong></span> 
     </span>
     <span class='ocr_line' id='line_1_45' title="bbox 800 2294 1270 2370; baseline 0.004 -21"><span class='ocrx_word' id='word_1_250' title='bbox 800 2294 877 2357; x_wconf 54' lang='lat' dir='ltr'><strong>mtto</strong></span> <span class='ocrx_word' id='word_1_251' title='bbox 904 2295 935 2355; x_wconf 81' lang='lat' dir='ltr'><strong>T.</strong></span> <span class='ocrx_word' id='word_1_252' title='bbox 961 2294 1116 2370; x_wconf 74' lang='lat' dir='ltr'><strong>Quinctius</strong></span> <span class='ocrx_word' id='word_1_253' title='bbox 1139 2302 1210 2355; x_wconf 71' lang='lat' dir='ltr'><strong>anso</strong></span> <span class='ocrx_word' id='word_1_254' title='bbox 1230 2295 1270 2352; x_wconf 71' lang='grc' dir='ltr'><strong>εἰ·</strong></span> 
     </span>
    </p>
   </div>
   <div class='ocr_carea' id='block_1_17' title="bbox 819 2379 1270 3249">
    <p class='ocr_par' dir='ltr' id='par_1_21' title="bbox 819 2379 1270 3249">
     <span class='ocr_line' id='line_1_46' title="bbox 819 2379 1269 2460; baseline 0.011 -27"><span class='ocrx_word' id='word_1_255' title='bbox 819 2398 884 2460; x_wconf 81' lang='lat' dir='ltr'><strong>gna</strong></span> <span class='ocrx_word' id='word_1_256' title='bbox 899 2401 1097 2460; x_wconf 69' lang='lat' dir='ltr'><strong>progressus.-</strong></span> <span class='ocrx_word' id='word_1_257' title='bbox 1114 2381 1146 2443; x_wconf 83' lang='grc' dir='ltr'><strong>Ρ.</strong></span> <span class='ocrx_word' id='word_1_258' title='bbox 1170 2413 1205 2429; x_wconf 57' lang='grc' dir='ltr'><strong>ψ-</strong></span> <span class='ocrx_word' id='word_1_259' title='bbox 1229 2379 1269 2439; x_wconf 80' lang='lat' dir='ltr'><strong>M:</strong></span> 
     </span>
     <span class='ocr_line' id='line_1_47' title="bbox 820 2466 1269 2544; baseline 0.007 -22"><span class='ocrx_word' id='word_1_260' title='bbox 820 2466 950 2544; x_wconf 87' lang='lat' dir='ltr'><strong>quintius.</strong></span> <span class='ocrx_word' id='word_1_261' title='bbox 977 2500 1011 2510; x_wconf 90' lang='lat'>—</span> <span class='ocrx_word' id='word_1_262' title='bbox 1038 2466 1101 2532; x_wconf 81' lang='lat' dir='ltr'><strong>Plll:</strong></span> <span class='ocrx_word' id='word_1_263' title='bbox 1129 2469 1219 2528; x_wconf 75' lang='lat' dir='ltr'><strong>orauit</strong></span> <span class='ocrx_word' id='word_1_264' title='bbox 1239 2477 1269 2526; x_wconf 89' lang='lat' dir='ltr'><strong>ut</strong></span> 
     </span>
     <span class='ocr_line' id='line_1_48' title="bbox 823 2556 1267 2619; baseline 0.009 -9"><span class='ocrx_word' id='word_1_265' title='bbox 823 2556 1267 2619; x_wconf 74' lang='lat' dir='ltr'><strong>causammiserorumctuiamsus-</strong></span> 
     </span>
     <span class='ocr_line' id='line_1_49' title="bbox 822 2641 1270 2723; baseline 0.016 -28"><span class='ocrx_word' id='word_1_266' title='bbox 822 2641 925 2718; x_wconf 82' lang='lat' dir='ltr'><strong>ciperet</strong></span> <span class='ocrx_word' id='word_1_267' title='bbox 946 2651 1154 2723; x_wconf 80' lang='lat' dir='ltr'><strong>susceptamque</strong></span> <span class='ocrx_word' id='word_1_268' title='bbox 1176 2643 1270 2702; x_wconf 81' lang='lat' dir='ltr'><strong>eadem</strong></span> 
     </span>
     <span class='ocr_line' id='line_1_50' title="bbox 820 2726 1269 2815; baseline 0.009 -29"><span class='ocrx_word' id='word_1_269' title='bbox 820 2726 877 2786; x_wconf 76' lang='lat' dir='ltr'><strong>fide</strong></span> <span class='ocrx_word' id='word_1_270' title='bbox 899 2749 952 2811; x_wconf 84' lang='lat' dir='ltr'><strong>qna</strong></span> <span class='ocrx_word' id='word_1_271' title='bbox 973 2736 1058 2815; x_wconf 73' lang='lat' dir='ltr'><strong>remp.</strong></span> <span class='ocrx_word' id='word_1_272' title='bbox 1081 2741 1132 2790; x_wconf 82' lang='lat' dir='ltr'><strong>cet.</strong></span> <span class='ocrx_word' id='word_1_273' title='bbox 1159 2729 1234 2790; x_wconf 79' lang='lat' dir='ltr'><strong>Harl.</strong></span> <span class='ocrx_word' id='word_1_274' title='bbox 1250 2750 1269 2791; x_wconf 86' lang='lat'><strong>1.</strong></span> 
     </span>
     <span class='ocr_line' id='line_1_51' title="bbox 819 2813 1269 2882; baseline 0 -7"><span class='ocrx_word' id='word_1_275' title='bbox 819 2813 898 2875; x_wconf 78' lang='lat' dir='ltr'><strong>Laid.</strong></span> <span class='ocrx_word' id='word_1_276' title='bbox 916 2835 934 2880; x_wconf 84' lang='lat'><strong>1.</strong></span> <span class='ocrx_word' id='word_1_277' title='bbox 952 2814 1000 2876; x_wconf 78' lang='lat' dir='ltr'><strong>al:</strong></span> <span class='ocrx_word' id='word_1_278' title='bbox 1028 2820 1132 2877; x_wconf 74' lang='lat' dir='ltr'><strong>curam</strong></span> <span class='ocrx_word' id='word_1_279' title='bbox 1155 2827 1187 2882; x_wconf 80' lang='lat' dir='ltr'><strong>ot</strong></span> <span class='ocrx_word' id='word_1_280' title='bbox 1207 2839 1269 2876; x_wconf 84' lang='lat' dir='ltr'><strong>cau-</strong></span> 
     </span>
     <span class='ocr_line' id='line_1_52' title="bbox 819 2900 1270 2979; baseline 0.004 -21"><span class='ocrx_word' id='word_1_281' title='bbox 819 2921 878 2965; x_wconf 81' lang='lat' dir='ltr'><strong>sam</strong></span> <span class='ocrx_word' id='word_1_282' title='bbox 901 2911 952 2965; x_wconf 86' lang='lat' dir='ltr'><strong>cet.</strong></span> <span class='ocrx_word' id='word_1_283' title='bbox 984 2900 1053 2964; x_wconf 82' lang='lat' dir='ltr'><strong>God.</strong></span> <span class='ocrx_word' id='word_1_284' title='bbox 1072 2902 1141 2979; x_wconf 57' lang='lat' dir='ltr'><strong>Siga,</strong></span> <span class='ocrx_word' id='word_1_285' title='bbox 1166 2906 1270 2960; x_wconf 79' lang='lat' dir='ltr'><strong>orauit·</strong></span> 
     </span>
     <span class='ocr_line' id='line_1_53' title="bbox 820 2986 1270 3071; baseline 0.002 -25"><span class='ocrx_word' id='word_1_286' title='bbox 820 3009 874 3071; x_wconf 82' lang='lat' dir='ltr'><strong>quc</strong></span> <span class='ocrx_word' id='word_1_287' title='bbox 885 2999 916 3046; x_wconf 87' lang='lat' dir='ltr'><strong>ut</strong></span> <span class='ocrx_word' id='word_1_288' title='bbox 928 2999 978 3048; x_wconf 85' lang='lat' dir='ltr'><strong>cet</strong></span> <span class='ocrx_word' id='word_1_289' title='bbox 995 2988 1017 3049; x_wconf 90' lang='lat' dir='ltr'><strong>l.</strong></span> <span class='ocrx_word' id='word_1_290' title='bbox 1028 2988 1074 3055; x_wconf 72' lang='lat' dir='ltr'><strong>tr.</strong></span> <span class='ocrx_word' id='word_1_291' title='bbox 1084 2986 1167 3052; x_wconf 86' lang='lat' dir='ltr'><strong>Gran.</strong></span> <span class='ocrx_word' id='word_1_292' title='bbox 1179 2991 1270 3047; x_wconf 84' lang='lat' dir='ltr'><strong>scribi</strong></span> 
     </span>
     <span class='ocr_line' id='line_1_54' title="bbox 819 3075 1268 3144; baseline -0.004 -8"><span class='ocrx_word' id='word_1_293' title='bbox 819 3075 915 3136; x_wconf 74' lang='lat' dir='ltr'><strong>malmt</strong></span> <span class='ocrx_word' id='word_1_294' title='bbox 933 3116 950 3144; x_wconf 89' lang='lat'><strong>‚‚</strong></span> <span class='ocrx_word' id='word_1_295' title='bbox 957 3094 1047 3136; x_wconf 75' lang='lat' dir='ltr'><strong>orare</strong></span> <span class='ocrx_word' id='word_1_296' title='bbox 1056 3084 1086 3137; x_wconf 87' lang='lat' dir='ltr'><strong>ut</strong></span> <span class='ocrx_word' id='word_1_297' title='bbox 1097 3094 1204 3135; x_wconf 75' lang='lat' dir='ltr'><strong>oausam</strong></span> <span class='ocrx_word' id='word_1_298' title='bbox 1215 3080 1268 3134; x_wconf 85' lang='lat' dir='ltr'><strong>mi·</strong></span> 
     </span>
     <span class='ocr_line' id='line_1_55' title="bbox 819 3164 1257 3249; baseline 0.009 -30"><span class='ocrx_word' id='word_1_299' title='bbox 819 3183 943 3221; x_wconf 86' lang='lat' dir='ltr'><strong>serarum</strong></span> <span class='ocrx_word' id='word_1_300' title='bbox 961 3165 1062 3225; x_wconf 75' lang='lat' dir='ltr'><strong>civium</strong></span> <span class='ocrx_word' id='word_1_301' title='bbox 1073 3164 1257 3249; x_wconf 82' lang='lat' dir='ltr'><strong>smsiperot“.</strong></span> 
     </span>
    </p>
   </div>
   <div class='ocr_carea' id='block_1_18' title="bbox 750 3252 1269 3414">
    <p class='ocr_par' dir='ltr' id='par_1_22' title="bbox 750 3252 1269 3414">
     <span class='ocr_line' id='line_1_56' title="bbox 750 3252 1268 3334; baseline -0.01 -20"><span class='ocrx_word' id='word_1_302' title='bbox 750 3253 794 3314; x_wconf 83' lang='grc'><strong>10.</strong></span> <span class='ocrx_word' id='word_1_303' title='bbox 821 3252 902 3310; x_wconf 78' lang='lat' dir='ltr'><strong>nolle</strong></span> <span class='ocrx_word' id='word_1_304' title='bbox 924 3252 1000 3313; x_wconf 77' lang='lat' dir='ltr'><strong>alibi</strong></span> <span class='ocrx_word' id='word_1_305' title='bbox 1021 3271 1112 3334; x_wconf 75' lang='lat' dir='ltr'><strong>quam</strong></span> <span class='ocrx_word' id='word_1_306' title='bbox 1133 3253 1166 3311; x_wconf 81' lang='lat' dir='ltr'><strong>in</strong></span> <span class='ocrx_word' id='word_1_307' title='bbox 1187 3253 1268 3309; x_wconf 82' lang='lat' dir='ltr'><strong>inno-</strong></span> 
     </span>
     <span class='ocr_line' id='line_1_57' title="bbox 783 3338 1269 3414; baseline 0.002 -19"><span class='ocrx_word' id='word_1_308' title='bbox 783 3396 790 3404; x_wconf 67' lang='grc'>,</span> <span class='ocrx_word' id='word_1_309' title='bbox 819 3339 918 3399; x_wconf 77' lang='lat' dir='ltr'><strong>centia</strong></span> <span class='ocrx_word' id='word_1_310' title='bbox 935 3358 1018 3414; x_wconf 81' lang='lat' dir='ltr'><strong>apem</strong></span> <span class='ocrx_word' id='word_1_311' title='bbox 1035 3338 1163 3411; x_wconf 67' lang='lat' dir='ltr'><strong>habore.-</strong></span> <span class='ocrx_word' id='word_1_312' title='bbox 1180 3338 1213 3399; x_wconf 88' lang='lat' dir='ltr'><strong>P.</strong></span> <span class='ocrx_word' id='word_1_313' title='bbox 1235 3370 1269 3381; x_wconf 93' lang='lat'><em>-</em></span> 
     </span>
    </p>
   </div>
   <div class='ocr_carea' id='block_1_19' title="bbox 817 3424 1269 4099">
    <p class='ocr_par' dir='ltr' id='par_1_23' title="bbox 817 3424 1269 4099">
     <span class='ocr_line' id='line_1_58' title="bbox 819 3424 1267 3502; baseline 0.007 -18"><span class='ocrx_word' id='word_1_314' title='bbox 819 3424 860 3484; x_wconf 81' lang='lat' dir='ltr'><strong>ll:</strong></span> <span class='ocrx_word' id='word_1_315' title='bbox 880 3445 960 3502; x_wconf 87' lang='lat' dir='ltr'><strong>quam</strong></span> <span class='ocrx_word' id='word_1_316' title='bbox 978 3427 1007 3482; x_wconf 89' lang='lat' dir='ltr'><strong>iu</strong></span> <span class='ocrx_word' id='word_1_317' title='bbox 1025 3426 1216 3493; x_wconf 83' lang='lat' dir='ltr'><strong>innocentiam.</strong></span> <span class='ocrx_word' id='word_1_318' title='bbox 1234 3459 1267 3469; x_wconf 90' lang='lat'>-</span> 
     </span>
     <span class='ocr_line' id='line_1_59' title="bbox 819 3510 1268 3593; baseline 0.007 -25"><span class='ocrx_word' id='word_1_319' title='bbox 819 3511 893 3576; x_wconf 85' lang='lat' dir='ltr'><strong>Harl.</strong></span> <span class='ocrx_word' id='word_1_320' title='bbox 902 3533 920 3572; x_wconf 94' lang='lat'><strong>1.</strong></span> <span class='ocrx_word' id='word_1_321' title='bbox 929 3511 1007 3571; x_wconf 70' lang='lat' dir='ltr'><strong>Laid.</strong></span> <span class='ocrx_word' id='word_1_322' title='bbox 1016 3532 1034 3572; x_wconf 87' lang='lat'><strong>1.</strong></span> <span class='ocrx_word' id='word_1_323' title='bbox 1044 3512 1091 3572; x_wconf 79' lang='lat' dir='ltr'><strong>al:</strong></span> <span class='ocrx_word' id='word_1_324' title='bbox 1109 3512 1185 3593; x_wconf 79' lang='lat' dir='ltr'><strong>quod</strong></span> <span class='ocrx_word' id='word_1_325' title='bbox 1196 3510 1268 3591; x_wconf 73' lang='lat' dir='ltr'><strong>apud</strong></span> 
     </span>
     <span class='ocr_line' id='line_1_60' title="bbox 819 3589 1268 3685; baseline -0.002 -28"><span class='ocrx_word' id='word_1_326' title='bbox 819 3596 912 3681; x_wconf 83' lang='lat' dir='ltr'><strong>patrsls</strong></span> <span class='ocrx_word' id='word_1_327' title='bbox 923 3598 1005 3658; x_wconf 84' lang='lat' dir='ltr'><strong>semol</strong></span> <span class='ocrx_word' id='word_1_328' title='bbox 1017 3598 1109 3685; x_wconf 71' lang='lat' dir='ltr'><strong>plebis</strong></span> <span class='ocrx_word' id='word_1_329' title='bbox 1119 3589 1221 3658; x_wconf 56' lang='lat' dir='ltr'><strong>&#39;iterum</strong></span> <span class='ocrx_word' id='word_1_330' title='bbox 1231 3599 1268 3657; x_wconf 82' lang='lat' dir='ltr'><strong>le·</strong></span> 
     </span>
     <span class='ocr_line' id='line_1_61' title="bbox 819 3685 1269 3764; baseline -0.007 -19"><span class='ocrx_word' id='word_1_331' title='bbox 819 3687 944 3764; x_wconf 78' lang='lat' dir='ltr'><strong>gionibus</strong></span> <span class='ocrx_word' id='word_1_332' title='bbox 963 3696 1070 3746; x_wconf 86' lang='lat' dir='ltr'><strong>cautum</strong></span> <span class='ocrx_word' id='word_1_333' title='bbox 1087 3688 1132 3747; x_wconf 84' lang='lat' dir='ltr'><strong>alt.</strong></span> <span class='ocrx_word' id='word_1_334' title='bbox 1160 3716 1196 3730; x_wconf 89' lang='lat'>-</span> <span class='ocrx_word' id='word_1_335' title='bbox 1223 3685 1269 3745; x_wconf 64' lang='grc' dir='ltr'><strong>Οἳ.</strong></span> 
     </span>
     <span class='ocr_line' id='line_1_62' title="bbox 819 3772 1269 3852; baseline 0.002 -21"><span class='ocrx_word' id='word_1_336' title='bbox 819 3776 847 3842; x_wconf 87' lang='lat'><strong>7,</strong></span> <span class='ocrx_word' id='word_1_337' title='bbox 859 3776 917 3832; x_wconf 74' lang='lat' dir='ltr'><strong>to:</strong></span> <span class='ocrx_word' id='word_1_338' title='bbox 933 3794 990 3834; x_wconf 90' lang='lat' dir='ltr'><strong>non</strong></span> <span class='ocrx_word' id='word_1_339' title='bbox 1000 3773 1041 3831; x_wconf 88' lang='lat' dir='ltr'><strong>illi</strong></span> <span class='ocrx_word' id='word_1_340' title='bbox 1053 3775 1101 3852; x_wconf 85' lang='lat' dir='ltr'><strong>qui</strong></span> <span class='ocrx_word' id='word_1_341' title='bbox 1113 3776 1142 3837; x_wconf 87' lang='lat' dir='ltr'><strong>ln</strong></span> <span class='ocrx_word' id='word_1_342' title='bbox 1154 3772 1269 3833; x_wconf 84' lang='lat' dir='ltr'><strong>Sacrum</strong></span> 
     </span>
     <span class='ocr_line' id='line_1_63' title="bbox 817 3860 1267 3931; baseline 0.004 -12"><span class='ocrx_word' id='word_1_343' title='bbox 817 3871 937 3920; x_wconf 85' lang='lat' dir='ltr'><strong>moutam</strong></span> <span class='ocrx_word' id='word_1_344' title='bbox 954 3870 1139 3931; x_wconf 83' lang='lat' dir='ltr'><strong>secesserunt,</strong></span> <span class='ocrx_word' id='word_1_345' title='bbox 1167 3882 1223 3920; x_wconf 90' lang='lat' dir='ltr'><strong>non</strong></span> <span class='ocrx_word' id='word_1_346' title='bbox 1238 3860 1267 3921; x_wconf 80' lang='lat' dir='ltr'><strong>ht</strong></span> 
     </span>
     <span class='ocr_line' id='line_1_64' title="bbox 817 3942 1267 4028; baseline 0.004 -24"><span class='ocrx_word' id='word_1_347' title='bbox 817 3948 865 4028; x_wconf 81' lang='lat' dir='ltr'><strong>qui</strong></span> <span class='ocrx_word' id='word_1_348' title='bbox 889 3957 984 4026; x_wconf 81' lang='lat' dir='ltr'><strong>postea</strong></span> <span class='ocrx_word' id='word_1_349' title='bbox 1006 3942 1174 4012; x_wconf 80' lang='lat' dir='ltr'><strong>Aventinum</strong></span> <span class='ocrx_word' id='word_1_350' title='bbox 1195 3952 1267 4010; x_wconf 79' lang='lat' dir='ltr'><strong>inso-</strong></span> 
     </span>
     <span class='ocr_line' id='line_1_65' title="bbox 818 4033 922 4099; baseline 0.058 -6"><span class='ocrx_word' id='word_1_351' title='bbox 818 4033 922 4099; x_wconf 79' lang='lat' dir='ltr'><strong>larunt</strong></span> 
     </span>
    </p>
   </div>
   <div class='ocr_carea' id='block_1_20' title="bbox 0 0 1314 4590">
    <p class='ocr_par' dir='ltr' id='par_1_24' title="bbox 0 0 1314 4590">
     <span class='ocr_line' id='line_1_66' title="bbox 0 0 1314 4590; baseline 0 0"><span class='ocrx_word' id='word_1_352' title='bbox 0 0 1314 4590; x_wconf 95' lang='lat' dir='ltr'><strong> </strong></span> 
     </span>
    </p>
   </div>
  </div>
 </body>
</html>
