2832 4728
521 335 630 398 ulsstt
646 320 706 401 tlt
867 355 871 361 ·
1102 323 1177 392 271*

51 499 301 592 praecipueque
323 521 366 568 ex
386 498 436 568 bis
458 500 620 570 seditionis
642 511 789 572 auctores
810 499 891 570 mitti
911 499 1073 587 videram,
1106 502 1167 595 pri-

51 631 154 672 mum
177 605 343 674 ednriratio
366 606 480 673 deinde
501 606 588 674 haud
614 605 729 673 dubius
755 606 851 674 timor
879 606 1010 675 incessit
1034 608 1166 692 animos,

53 710 195 779 consilia
218 734 276 778 sua
299 735 474 795 emanasse,
495 710 560 778 iarn
581 710 786 801 quaestiones
807 712 873 780 iam
892 711 1007 779 indicia
1024 711 1089 802 iam
1111 737 1165 783 oc·

55 815 147 884 culta
170 815 369 906 singulomm
389 815 545 908 supplicia
566 815 779 908 inpotensque
806 828 840 886 et
854 816 983 908 crudele
997 817 1166 886 consulum

56 945 95 986 ec
119 933 253 1010 patrum
274 919 308 987 in
329 943 365 988 sc
386 911 525 1012 regnum
541 943 702 1012 passuros.
725 920 806 990 baec
825 921 880 1013 qui
900 922 1059 990 incastris
1076 929 1200 990 erenttt
1245 945 1252 952 ·

57 1026 199 1093 occultis
223 1025 425 1094 sermonibus
447 1037 557 1094 serunt
578 1049 697 1096 nervos
712 1025 938 1095 coniurationis
961 1027 1080 1096 eiectos
1098 1039 1165 1098 arte

76 1249 102 1305 1.
132 1265 177 1303 es:
194 1245 258 1303 leis.-
275 1245 339 1319 ΡΜ]
358 1265 392 1303 cx
409 1248 453 1304 tis.
464 1241 579 1307 -·Patt.

130 1333 581 1394 LQmffi-ffiwm

129 1432 180 1478 aut
197 1421 304 1482 dubim.
534 1410 542 1421 ’

75 1513 102 1569 3.
131 1512 196 1566 rem
215 1509 405 1585 quaestiones
426 1510 487 1564 tem
504 1509 581 1566 indi·

720 1249 771 1316 dd,
789 1248 833 1306 st.
856 1248 987 1326 scriptum
1008 1246 1105 1323 legitur
1130 1247 1166 1305 de

720 1334 766 1392 itta
778 1333 915 1414 (irrepens
932 1339 1069 1414 arroganti
1086 1345 1166 1414 atquc
1218 1393 1226 1414 „

678 1426 680 1434 '
721 1420 890 1480 intoleranda
908 1422 1023 1482 ferocias
1052 1422 1199 1496 „nanus

721 1510 846 1566 omnibus
860 1512 934 1567 urbis
946 1514 1059 1569 exsectis
1072 1513 1167 1570 urbem

129 1599 181 1654 cio
192 1598 379 1655 iamocculta
393 1597 580 1675 singulorum

129 1685 280 1759 supplicio
293 1686 456 1760 inpotensq.
475 1693 505 1740 et
515 1703 579 1740 cru·

130 1771 203 1828 dele
226 1773 381 1829 consulum
404 1791 441 1826 ac
459 1779 580 1845 patrum

130 1861 166 1916 in
175 1879 208 1916 sc
217 1846 338 1931 regmrim
344 1877 508 1933 passuros:
521 1855 578 1917 PM.

129 1979 168 1991 -
180 1945 258 2002 Multi
273 1964 342 2003 rece.
356 1944 450 2004 codd:
469 1945 521 2001 iem
540 1946 579 2001 iu·

128 2036 212 2094 dicis.
229 2065 264 2077 ·-
291 2032 367 2090 Leid.
386 2052 418 2090 ιε
436 2033 490 2088 iam
509 2029 579 2088 culta

129 2122 299 2200 singulorum
311 2119 451 2198 supplicia.
463 2117 542 2178 Voss.
551 2137 579 2178 n.

128 2210 178 2272 ab:
208 2213 261 2267 isar
288 2217 384 2288 cuncta
413 2205 579 2282 singulorum

129 2297 274 2377 supplicia.
298 2329 334 2339 —
360 2293 453 2354 Lovel.
472 2297 511 2354 uz
530 2296 579 2352 im-

131 2386 238 2466 pudens
257 2405 288 2442 ac
305 2383 421 2442 crudete.

75 2479 104 2534 5.
131 2475 207 2532 baec
233 2473 338 2550 quiin
361 2472 470 2528 cestris
493 2477 580 2527 erant

134 2563 256 2619 occultis
266 2559 451 2617 sermonibus
460 2565 579 2614 serunt.-

131 2645 578 2708 tlm.3.P.-tt1m.1.:0c·

132 2736 212 2794 cultis
229 2733 374 2793 sermonib.
390 2735 397 2800 Ι
411 2740 510 2790 neruos
528 2741 579 2791 eet.

131 2846 171 2884 rn.
188 2827 227 2884 3.:
252 2821 396 2880 sermonib.
412 2825 417 2892 Ι
433 2807 497 2880 ser't‘.
520 2840 581 2878 ner·

133 2931 186 2968 uos
199 2921 248 2969 cet.
257 2943 290 2952 -
304 2907 347 2969 Cf.
362 2911 388 2978 3,
401 2911 458 2968 43.;
478 2905 510 2966 L.
520 2906 579 2963 Sic·

133 3001 206 3057 cium
218 3031 251 3041 -
263 2998 431 3054 tribunorum
450 2994 579 3064 creando·

132 3107 192 3144 rum
205 3086 418 3162 secessionisque
429 3083 579 3139 mentiones

134 3173 170 3230 ad
193 3171 288 3248 vulgus
311 3171 426 3228 militum
448 3172 579 3228 sermoni·

136 3261 187 3318 bus
201 3259 314 3318 occultis
327 3269 458 3316 serentem
472 3290 505 3301 -
518 3259 579 3314 mit·

133 3357 201 3409 tunt.
213 3351 258 3420 34,
266 3351 324 3406 st:
334 3349 486 3404 Aristonem
497 3365 580 3424 quen·

134 3433 195 3492 dam
213 3469 247 3480 --
268 3439 392 3494 venisse:
421 3444 508 3492 certos
531 3433 580 3488 ho·

133 3526 218 3580 mines
232 3523 333 3582 cotidie
351 3543 411 3581 cam
426 3542 458 3578 co
477 3529 580 3579 secreta

134 3607 277 3690 cebloquia
295 3631 392 3670 serere.
414 3610 448 3670 el.

79 3699 105 3755 6.
133 3717 244 3756 neruos
274 3698 490 3755 coniurationis
525 3694 582 3752 eie·

133 3795 213 3843 ctos:
243 3783 293 3843 PM
324 3785 380 3844 rell.
412 3816 448 3826 —
483 3779 580 3841 claud.

131 3873 269 3937 Puteanus
280 3895 336 3931 non
349 3874 456 3930 eiectos
468 3867 517 3926 sed
530 3889 581 3926 ex-

132 3970 232 4018 sectos
254 3961 426 4018 scribendum
450 3945 580 4014 coniecit:

132 4067 215 4126 quem
239 4047 273 4104 ad
296 4047 406 4107 modam
429 4045 500 4124 apud
521 4041 580 4104 cie.

132 4137 163 4190 in
183 4135 265 4190 alters
284 4143 350 4193 oret.
369 4134 404 4190 dc
422 4134 479 4211 lege
497 4151 580 4208 egres.

721 1596 808 1671 ipsam
825 1595 939 1656 solutam
958 1620 989 1656 ac
1001 1598 1167 1658 debilitatam

720 1682 921 1760 reliquerant“:
939 1687 1074 1764 similique
1083 1687 1166 1744 modo

721 1765 792 1852 a'prrd
819 1770 932 1830 condem
957 1771 1015 1834 Cic.
1038 1773 1118 1834 Tosc.
1139 1775 1166 1844 2,

721 1859 777 1918 11.:
807 1870 927 1936 „poetae
952 1880 1051 1918 nervos
1078 1864 1167 1919 omnis

710 1947 827 2003 'virtutis
837 1944 962 2006 elidunt“
973 1969 979 2004 :
992 1947 1061 2008 Phit.
1072 1951 1114 2020 ts,
1126 1953 1167 2009 3.:

721 2031 881 2108 „legionum
899 2045 1051 2095 nostrarum
1068 2057 1167 2096 nervos

720 2137 811 2177 nonne
826 2198 829 2206 ι
846 2121 889 2179 bis
920 2124 1040 2180 consiliis
1070 2122 1166 2182 incidi·

720 2213 813 2268 mus“.
847 2221 940 2268 rerum
966 2231 1034 2290 quse
1060 2221 1166 2270 exsecta
1213 2273 1215 2280 ,
1259 2267 1264 2276 ,

720 2297 899 2380 exstirpatave
917 2309 993 2368 sunt,
1012 2298 1109 2364 eadem,
1122 2319 1167 2368 err·

635 2425 636 2434 a
719 2385 819 2442 stincta
836 2396 891 2443 'nec
907 2383 993 2444 'ullius
1020 2407 1085 2444 usas
1108 2385 1167 2444 tore

719 2489 830 2530 necesse
848 2481 897 2541 cst,
918 2474 993 2552 quod
1010 2473 1044 2530 de
1062 2475 1102 2530 eis
1120 2476 1168 2552 qni

721 2561 861 2619 aeonsule
872 2560 986 2620 Romam
1004 2562 1079 2620 missi
1092 2570 1169 2620 erant

721 2643 777 2704 dici
800 2669 854 2706 non
879 2657 978 2728 potest.
1007 2669 1169 2728 quamquam

722 2735 804 2807 igitur
834 2755 888 2795 vox
922 2755 1032 2793 nereos
1059 2733 1169 2794 Livium

721 2819 805 2896 figura
829 2823 870 2876 uti
893 2825 1015 2898 coepisse
1042 2823 1168 2892 ostendit,

721 2915 810 2971 men
828 2905 874 2962 itte
886 2909 915 2962 in
927 2927 957 2962 ea
969 2907 1023 2963 sibi
1041 2927 1096 2964 non
1107 2927 1168 2983 per·

720 3003 782 3062 stat,
800 3014 834 3052 ne
852 2991 919 3070 quid
937 2993 1012 3072 quod
1023 3014 1078 3050 non
1097 3002 1169 3052 esset

721 3088 813 3157 aptum
836 3079 944 3146 dixisse
961 3081 1106 3142 videretur.
1133 3082 1169 3142 cf.

722 3165 781 3228 Cic.
798 3165 870 3229 Phit.
890 3171 933 3238 12,
951 3171 988 3229 s:
1012 3168 1168 3249 „quemad
1286 3173 1294 3184 ‘

721 3254 832 3313 modum
850 3257 902 3313 boc
920 3255 1061 3314 consilium
1074 3255 1168 3335 Ceprts

721 3344 856 3420 probabit,
869 3366 937 3421 quae
949 3345 1115 3424 temporibus
1125 3343 1170 3400 bis
1249 3401 1251 3414 ,

721 3428 807 3487 Roma
825 3431 908 3489 altera
926 3435 985 3490 est?
1006 3433 1051 3489 itta
1070 3433 1170 3510 impios

723 3519 796 3576 eires
814 3519 951 3589 iudicavit,
971 3521 1057 3589 eiecit,
1080 3517 1169 3577 exolu-

721 3608 789 3667 sit“.
806 3606 840 3663 de
851 3607 935 3666 divin.
944 3609 970 3679 i,
980 3611 1024 3668 72.
1036 3611 1170 3678 149.:‚‚ur

722 3693 816 3770 religio
829 3695 1001 3775 propaganda
1013 3706 1055 3753 est
1064 3728 1111 3766 -‚
1128 3698 1169 3754 sic

722 3786 923 3860 superstitionis
949 3787 1048 3863 stirpes
1075 3803 1169 3842 omnes

722 3869 892 3928 eiciendae“.
919 3903 955 3916 -
983 3872 1014 3930 ln
1035 3871 1059 3928 P
1080 3875 1168 3950 prime

723 3957 854 4031 scriptum
872 3969 930 4015 eret
946 3963 1101 4028 cernentis,
1120 3958 1169 4014 sed

722 4042 815 4100 eadem
834 4064 868 4103 m.
883 4049 907 4105 1.
922 4055 1073 4105 cernentes
1092 4047 1167 4102 resti·

722 4139 807 4188 tutum
826 4143 875 4191 est.
