2618 4590
176 264 243 334 132
640 280 750 343 tuan
766 278 812 344 vt

175 443 341 512 nolueritis
367 467 500 514 neeesse
526 445 588 514 sit?
613 482 659 497 -
691 446 744 514 De
770 445 952 538 indignitate
973 444 1050 512 satis
1074 443 1196 511 dietum
1217 454 1277 524 est,

175 548 295 616 eteriim
317 551 450 641 dignitas
472 552 515 618 ad
535 551 683 619 ltomines
712 551 865 642 pertinet:
904 550 980 643 quid
1009 552 1050 617 de
1070 547 1278 638 religionibus

176 663 274 743 atquc
296 652 457 746 auspiciis,
486 681 570 748 quac
590 656 719 748 propria
740 657 877 745 deorum
896 656 1109 723 inmortalium
1133 664 1277 720 contem

175 757 243 846 ptio
265 771 362 850 atquc
383 761 495 828 iniuria
516 773 581 844 est,
602 762 738 853 loquar?
763 762 910 852 auspiciis
931 761 1014 827 hane
1032 759 1148 827 urbem
1170 756 1277 825 condi-

137 872 240 928 ctam
267 888 354 949 esse,
386 867 534 957 auspiciis
562 866 650 934 bello
676 891 715 934 ac
736 890 816 957 pace
838 866 926 934 dorni
952 865 1146 955 militiaetpae
1168 862 1277 929 omnis

173 967 255 1056 geri,
278 970 350 1060 quis
372 983 422 1037 cst
444 971 500 1061 qui
520 970 663 1060 ignoret?
696 996 798 1063 penes
820 996 903 1063 quos
922 971 1016 1062 igitur
1037 981 1113 1036 stant
1133 967 1275 1058 auspicia

173 1096 264 1139 moro
285 1075 465 1161 maiorum?
487 1100 603 1167 nempe
624 1101 725 1167 penes
746 1089 862 1169 patres,
882 1101 958 1144 nam
976 1075 1122 1166 plebeius
1144 1072 1277 1163 quidem

173 1179 377 1267 magistratus
411 1182 518 1248 nullus
546 1183 710 1272 auspicato
737 1195 875 1250 creatur:
913 1182 1007 1249 nobis
1037 1182 1118 1248 adeo
1147 1177 1276 1270 propria

173 1294 248 1349 sunt
270 1285 424 1374 auspicia,
454 1298 492 1351 ut
512 1310 579 1353 non
602 1287 708 1354 solum
736 1312 819 1380 quos
849 1289 991 1378 populus
1017 1296 1106 1352 meat
1126 1283 1279 1374 patricios

126 1394 161 1449 to
172 1387 375 1477 magistratus
396 1414 462 1457 non
484 1392 574 1460 aliter
600 1418 700 1484 quiam
720 1396 883 1485 auspicato
906 1402 1006 1472 creet,
1034 1391 1092 1458 sed
1114 1413 1176 1456 nos
1197 1412 1277 1478 quo

172 1515 238 1581 que
259 1493 320 1584 ipsi
341 1495 410 1561 siue
436 1496 587 1587 suffragio
616 1498 727 1588 populi
755 1502 920 1591 auspicato
947 1499 1137 1585 interregem
1160 1494 1276 1584 proda-

172 1619 245 1663 mus
267 1609 301 1667 et
321 1599 469 1690 privatim
492 1603 631 1692 auspicia
652 1603 844 1688 habeamus,
877 1627 961 1695 quae
982 1603 1034 1668 isti
1059 1625 1101 1668 nc
1124 1599 1157 1665 in
1178 1595 1278 1686 magi-

171 1702 320 1771 stratibus
349 1704 481 1795 quidem
508 1706 637 1775 habeut.
673 1709 752 1798 quid
778 1708 871 1799 igitur
899 1709 984 1776 aliud
1006 1731 1104 1798 quam
1130 1702 1214 1771 tollit
1235 1726 1277 1768 cx

171 1804 298 1876 civitate
321 1810 480 1900 auspicia,
509 1812 565 1902 qui
587 1812 731 1903 plebeios
759 1815 907 1882 consules
930 1813 1068 1880 creando
1091 1835 1109 1877 a
1131 1808 1277 1899 patribus

123 1913 157 1969 15
171 1909 226 1999 qui
248 1912 310 1980 soli
333 1939 371 1982 ea
392 1915 513 1985 habere
535 1929 671 2009 possunt
692 1917 816 1989 aufert?
850 1919 981 1987 cludant
1000 1938 1086 1983 mure
1107 1915 1183 1981 licet
1206 1912 1277 1979 reli-

169 2014 298 2103 gionest
331 2021 408 2111 quid
432 2022 517 2090 enim
541 2037 599 2108 est,
621 2026 649 2091 si
669 2025 749 2114 pulli
770 2050 836 2092 non
858 2034 1042 2116 pascentur,
1063 2020 1090 2087 si
1111 2044 1154 2088 ex
1175 2042 1278 2086 eavea

170 2122 291 2191 tardius
307 2126 449 2212 exierint
471 2128 498 2197 si
514 2130 667 2198 cecinerit
681 2130 770 2197 avis?
789 2155 888 2220 parva
903 2141 978 2196 sunt
991 2127 1081 2210 llaec,
1102 2124 1162 2192 sed
1175 2147 1278 2215 parva

186 2288 212 2339 3.
242 2309 320 2366 quoe
342 2296 468 2368 proprio
496 2296 620 2353 deorum
644 2297 687 2352 in·
828 2288 1278 2372 tnteouspiciozPll.-Vosa.u.

239 2381 409 2436 mortalium
438 2385 613 2459 contemptio
643 2392 687 2439 ot·
827 2384 957 2461 multique
978 2403 1047 2443 rece.
1073 2378 1168 2438 codd.t
1195 2397 1277 2456 quam

240 2482 299 2536 quc
317 2467 428 2523 iniuria
442 2477 502 2526 est:
520 2468 543 2525 Ρ
560 2491 595 2530 tn.
613 2473 639 2531 2.
651 2470 687 2530 M.
827 2470 896 2532 tolli.

239 2548 302 2605 -P
311 2571 346 2612 m.
358 2555 397 2612 l.:
407 2560 563 2618 contemtio.
574 2557 686 2618 Barla:
758 2559 813 2618 16.·
829 2561 859 2616 ai
865 2559 946 2634 pulli
955 2577 1015 2613 non
1024 2564 1203 2632 peccentur:
1217 2553 1275 2613 PM.

239 2643 432 2702 sentententio.
460 2641 538 2705 Leid.
562 2666 595 2705 1.:
623 2667 685 2703 eon·
828 2677 864 2689 -
881 2644 996 2703 Har-ti:
1012 2645 1038 2700 si
1051 2640 1215 2721 populinon
1228 2663 1275 2721 pa·

239 2729 333 2786 tentio.
347 2761 382 2771 -
400 2728 442 2788 M:
462 2741 541 2810 atque
553 2735 686 2812 auspiciis.
730 2720 735 2731 ’
827 2742 945 2791 reantur.
961 2731 1039 2790 Leid.
1052 2751 1083 2791 n:
1101 2732 1126 2787 si
1144 2728 1204 2787 lodi
1221 2750 1277 2786 non

183 2811 211 2869 9.
240 2832 318 2888 quoe
339 2820 472 2893 populus
494 2830 576 2878 meat
593 2823 686 2897 patri·
827 2831 978 2901 pascentur.
1014 2820 1095 2879 llere.
1123 2816 1219 2878 codd:
1248 2818 1274 2873 si

236 2903 300 2958 cios
328 2908 543 2984 magistratus:
566 2908 622 2969 PM.
653 2907 686 2964 ln
826 2909 894 2988 pulli
912 2930 965 2966 non
984 2915 1170 2986 pascerentur.

234 2983 311 3047 Laid.
325 3009 342 3048 t.
361 2995 463 3051 excidit
480 2999 684 3074 magistratus.
758 2998 801 3056 17.
828 3000 858 3054 si
868 2998 1007 3054 cecinerit
1014 2997 1095 3066 auis]
1113 2995 1138 3050 ri
1149 2993 1275 3050 ooeinne

166 3067 211 3126 11.
237 3071 414 3152 interregem
425 3083 608 3155 prodamus.-
626 3082 685 3143 PM.
827 3086 864 3140 rit
880 3086 946 3142 avis.
965 3114 1000 3123 -
1018 3082 1050 3139 ln
1066 3080 1095 3139 M
1112 3101 1176 3139 oum
1193 3099 1275 3158 quac·

215 3182 218 3187 >
237 3187 273 3199 -
289 3157 373 3219 llecc.
392 3164 472 3225 codd.
496 3168 555 3224 alii:
579 3171 684 3237 „inter-
825 3168 887 3226 dnm
899 3169 1071 3237 excidissent,
1089 3169 1273 3246 repperimus:

235 3262 325 3320 regem
338 3255 589 3327 procreamns“rlii
604 3277 684 3335 „pro-
822 3256 927 3314 tardius
950 3259 1009 3313 exie
1025 3259 1031 3327 Ι
1045 3259 1081 3313 rit
1103 3257 1163 3313 auis
1187 3274 1273 3335 prrur

236 3344 390 3398 creemus“.
409 3337 453 3401 Gi.
471 3343 573 3411 5‚31.=
591 3346 684 3421 itaque

235 3441 296 3479 eam
313 3444 347 3481 ex
359 3438 468 3487 senatus
480 3430 605 3489 consulto
618 3453 681 3489 con·

233 3506 307 3566 soles
330 3517 486 3590 magistratu
508 3537 539 3576 se
560 3520 682 3577 abdicas·

233 3605 304 3665 smt,
322 3602 440 3661 interrex
450 3615 570 3663 creatur
582 3606 618 3667 M.
627 3606 681 3664 Fu·

230 3683 289 3738 rius
307 3684 446 3759 Camillus,
464 3694 512 3769 qui
529 3693 561 3754 P.
576 3693 680 3751 Corne·

230 3767 297 3826 lium
324 3773 494 3852 Scipionem,
524 3783 549 3838 is
580 3781 680 3839 deinde

132 3927 138 3941 .
228 3852 262 3916 L.
281 3856 416 3919 Valerium
429 3865 548 3924 Potitum
566 3870 678 3926 interre-

228 3962 289 4020 gem
304 3951 449 4022 prodidit.
468 3951 503 4013 al.

159 4025 202 4081 13·
230 4034 306 4102 quid
321 4038 415 4115 igitrw
431 4041 519 4097 aliud
536 4043 576 4113 (P
588 4065 623 4102 m.
637 4047 677 4101 t.:

227 4111 310 4189 aliut)
330 4127 522 4195 qnom'tollit
543 4148 584 4185 σω
607 4131 677 4185 ciui-

823 3353 887 3402 sunt
905 3353 956 3402 cet.
973 3344 995 3401 P
1009 3344 1087 3404 Leid.
1100 3363 1132 3400 n:
1151 3343 1176 3400 si
1195 3362 1272 3398 oece-

824 3433 921 3488 cinerit
938 3435 1005 3492 auis.
1027 3430 1102 3491 Harl.
1121 3450 1154 3490 1.:
1177 3431 1204 3487 si
1226 3448 1273 3486 oc·

824 3520 979 3578 cecinerint
1017 3519 1099 3577 llere.
1124 3515 1223 3576 codd.=
1247 3515 1274 3573 si

822 3606 878 3663 hoe
895 3609 1024 3664 cecinerit
1041 3608 1109 3666 auis.
1137 3603 1217 3664 Leto.
1232 3622 1273 3662 tn:

822 3696 848 3751 si
866 3696 995 3752 cecinerit
1013 3696 1079 3753 auis.
1115 3691 1274 3750 Priscianus

823 3784 871 3851 10,
894 3785 920 3842 7.
943 3786 987 3843 38.
1012 3783 1092 3849 dicit,
1120 3780 1273 3860 composita

821 3870 898 3927 verbi
920 3889 1028 3926 canere
1049 3871 1226 3945 praeteritum
1244 3869 1273 3923 in

821 3959 855 4014 tsi
871 3961 974 4026 iacere,
992 3961 1118 4024 succino,
1139 3951 1270 4017 suceifflls

820 4046 917 4101 occino
936 4047 1057 4101 occinui:
1087 4046 1179 4113 tuque
1196 4036 1271 4114 apud

820 4128 928 4187 Urium
948 4134 996 4194 10,
1017 4134 1056 4181 10.
1077 4126 1210 4201 scriptum
1227 4127 1268 4181 Vl·
