2618 4590
165 246 209 313 50
634 255 807 333 nnunu.

169 437 207 493 ut
228 435 262 493 ct
283 425 352 515 ipse
374 420 407 489 in
429 432 518 513 parte
542 420 680 512 praedae
709 420 753 488 sis
780 419 848 489 sive
876 420 951 511 quie
980 443 1097 489 vanum
1124 419 1277 489 indicium

170 541 237 611 cst,
265 530 298 595 in
319 527 422 596 vincla
445 537 476 593 tc
498 525 573 593 duci
593 526 713 594 iubebo
733 548 795 593 nec
816 526 933 594 diutius
954 526 1056 617 patiar
1077 551 1096 593 a
1117 537 1151 593 tc
1172 526 1276 594 multi-

171 633 315 700 tudinem
338 630 443 698 fallaci
464 653 523 722 spe
545 630 731 699 concitnri“.
769 631 810 697 ad
832 656 869 699 ca
886 630 1024 698 lllnnlius
1046 654 1107 697 nec
1130 654 1166 699 se
1188 631 1278 699 lelel-

171 738 245 805 lisse
268 737 323 821 ait,
354 760 420 803 non
449 737 601 803 adversus
622 737 761 804 Vulscos
784 775 829 786 -
850 736 966 804 totiens
997 735 1100 802 hostis
1129 736 1278 826 quotiens

142 838 314 935 5patribus
348 841 498 930 expedint
530 881 575 891 -
602 865 662 909 nec
696 842 848 908 ndvcrsus
883 840 1013 909 Latinos
1046 840 1277 931 Hernicosque,

170 970 252 1040 qnos
275 945 362 1012 falsis
386 945 568 1013 criminibus
594 946 627 1012 in
656 970 742 1012 arma
770 956 878 1035 agant,
917 946 975 1013 sed
1002 946 1154 1012 adversus
1181 968 1218 1013 sc
1240 968 1278 1010 nc

169 1047 299 1143 plebem
326 1049 506 1117 Romanam
534 1051 722 1119 dictatorem
753 1061 896 1117 creatum
929 1072 1016 1117 esse:
1054 1050 1120 1116 iam
1154 1050 1276 1117 omisso

170 1157 268 1240 bello,
291 1156 379 1246 quod
401 1155 584 1223 simulatum
606 1156 661 1239 sit,
683 1157 716 1222 in
738 1180 773 1224 se
795 1156 953 1245 impetum
974 1144 1059 1222 ficri:
1097 1155 1161 1221 iam
1183 1154 1278 1221 dicta·

171 1272 277 1328 torem
304 1258 445 1350 profiteri
471 1260 683 1351 patiocinium
711 1263 929 1329 feneratorum
956 1262 1108 1329 adversus
1139 1260 1278 1349 plebem,

123 1365 236 1432 1⁰iam
257 1364 317 1430 sibi
339 1389 380 1432 ex
402 1363 512 1432 lavore
534 1366 742 1433 multitudinis
765 1367 884 1435 crimen
907 1377 940 1433 et
961 1364 1135 1458 perniciem
1157 1365 1279 1455 qimeri.

141 1468 352 1555 ’,‚offendit“
379 1468 482 1558 inquit
507 1480 565 1552 „te
591 1469 631 1539 Α.
660 1471 788 1539 Comeli
815 1494 941 1561 vosque
966 1482 1088 1561 patres¹
1107 1468 1280 1559 conscripti

171 1572 363 1642 circumfussa
383 1573 477 1641 turba
498 1573 591 1642 lateri
611 1576 709 1643 mco?
735 1577 814 1666 quin
836 1600 909 1645 eam
931 1574 1076 1642 diducitis
1098 1599 1117 1641 a
1139 1598 1194 1641 me
1218 1573 1280 1641 sin·

833 1771 885 1819 „cr
902 1710 972 1806 lube
983 1749 1041 1807 sich
1056 1749 1133 1806 doch
1145 1748 1223 1805 nicht
1236 1768 1281 1825 gc·

831 1837 973 1893 uuachu‘:
993 1839 1047 1893 nisi
1066 1835 1136 1892 sorte
1153 1835 1281 1916 supplen-

172 1784 176 1797 ι
240 1748 319 1806 Theil
336 1748 452 1805 nehmen
470 1748 606 1817 ldnntest,
624 1750 689 1807 oder

240 1835 306 1894 weil
339 1833 384 1891 die
414 1835 525 1908 Angabe
556 1835 690 1892 erdichtet

240 1924 309 1981 ist“.
326 1920 396 1978 Cum
406 1923 435 1978 in
444 1921 575 1980 Palatinis
585 1932 612 1978 ct
619 1924 688 1980 Dra·

214 2034 218 2041 ·
240 2009 450 2066 lenborchianis
466 2010 545 2067 libris
564 2013 689 2069 omnibus

181 2098 185 2105 '
239 2098 305 2154 siue
324 2098 407 2174 quod
423 2107 454 2156 ct
470 2100 535 2173 ipse
553 2108 604 2156 cet.
622 2101 689 2156 scri·

238 2192 316 2261 ptum
340 2195 425 2254 esset,
450 2185 689 2242 Drakenborchius

136 2295 137 2299 ¹
239 2276 268 2324 et
285 2272 346 2348 ipse
362 2273 426 2327 sive
445 2272 529 2347 quod
539 2274 688 2330 uestitum·

241 2356 306 2411 dnm
324 2359 442 2427 censuit,
461 2378 622 2436 quamquam
639 2381 689 2418 nec

179 2454 183 2461 ’
211 2447 214 2453 ’
240 2441 316 2498 locus
335 2463 368 2499 ex
389 2446 439 2514 39,
457 2449 515 2515 41„
536 2448 584 2504 ubi
605 2448 690 2507 simili

230 2534 434 2588 sententierum
460 2550 544 2591 nexus
571 2556 689 2594 commu-

239 2618 342 2673 tatione
355 2627 398 2697 ⁰¹⁵.
414 2620 494 2696 quia,
509 2623 593 2696 quod
602 2644 633 2680 se
645 2646 690 2682 cx·

242 2706 353 2783 cipiunt,
368 2708 434 2761 ‘eum
447 2704 549 2779 fefellit,
568 2731 619 2767 nec
638 2713 688 2769 dis·

179 2814 185 2821 ·
239 2788 312 2846 licilc
329 2792 467 2850 intellectu
485 2805 541 2865 cst,
564 2799 588 2854 si
608 2800 691 2874 quod

177 2898 199 2909 ⁴¹
241 2880 336 2955 ¹uerum
354 2891 404 2950 eet,
422 2902 476 2938 non
490 2884 647 2963 sinequod
661 2898 691 2945 et

176 2978 180 2985 ’
206 2966 210 2971 ’
242 2964 352 3038 ipse-
365 2970 409 3024 sis
426 2968 476 3025 sed
488 2972 552 3029 sive
560 2970 646 3051 ‚duod
661 2985 691 3032 et

242 3050 306 3122 ipse
325 3053 356 3106 in
371 3065 458 3128 parte
470 3059 606 3132 praedae
622 3081 689 3118 esse
769 3066 773 3073 '

709 3228 713 3245 l
761 3150 806 3237 ll.
833 3148 961 3223 offendit
982 3149 1091 3225 inquid
1109 3157 1148 3207 te.
1170 3167 1199 3207 α.
1216 3168 1283 3205 cor-

179 3144 182 3149 '
204 3191 212 3201 ,
241 3137 289 3191 uis
312 3137 356 3193 vel
377 3142 454 3198 velis
476 3143 559 3199 scribi
580 3166 689 3204 neccsse

242 3220 336 3284 fuisse.
354 3224 399 3286 cf.
416 3231 443 3296 l,
461 3231 520 3289 56.:
538 3252 610 3300 „seu
623 3233 689 3291 Car·

178 3336 182 3343 ·
241 3312 357 3368 ventina
375 3334 423 3391 anx
440 3327 543 3374 retenta
565 3321 594 3377 in
612 3341 689 3401 spem

240 3401 313 3453 seu“
334 3409 383 3459 cet.

187 3482 214 3540 2.
240 3484 272 3539 in
296 3489 395 3544 uincla
418 3499 448 3547 te
470 3493 540 3550 duci
566 3496 689 3553 iubebo.-

240 3568 290 3626 PM
307 3571 383 3633 Leid.
400 3579 431 3650 1.]
455 3581 484 3635 in
506 3582 614 3639 vincula
637 3594 688 3644 cet.

242 3686 277 3699 -
299 3658 378 3720 Rece.
397 3664 491 3724 codd:
517 3660 611 3730 iubeo.
643 3670 686 3730 Cf.

240 3747 273 3812 3,
291 3749 334 3807 56.
353 3751 399 3807 ubi
423 3752 517 3810 eudem
537 3757 583 3813 illa
606 3760 687 3816 verba

242 3851 276 3888 cx
312 3845 379 3912 optt.
413 3837 492 3897 libris
521 3846 688 3917 restituenda

241 3930 325 3980 crant.

186 4003 213 4061 3.
241 4007 285 4063 ad
294 4027 331 4065 ea
343 4010 476 4071 Manlius'
494 4016 548 4087 (Pa
565 4016 687 4088 mallius)

239 4112 295 4152 nec
317 4115 351 4155 ee
365 4096 526 4172 fefellisse
544 4106 603 4161 ait.-
626 4104 686 4162 Plll:

831 1923 896 1981 dum
919 1924 1026 1982 videtur
1048 1944 1102 1981 nec
1125 1925 1206 1981 alios
1228 1944 1282 1981 uec

832 2032 875 2069 se.
904 2032 956 2087 pro
974 2011 1087 2069 Liviana
1110 2005 1222 2068 dicendi
1238 2031 1282 2067 re·

830 2100 906 2155 tinne
922 2120 977 2157 nec
995 2121 1030 2157 se
1042 2099 1114 2157 idem
1132 2099 1191 2155 lere
1208 2099 1283 2176 quod

829 2206 868 2243 ne
885 2208 919 2244 se
937 2187 1058 2264 quidem
1070 2196 1120 2247 est.
1142 2186 1177 2246 cl.
1187 2189 1214 2257 5,
1224 2189 1282 2245 33.:

831 2294 888 2342 „nc
907 2274 973 2351 quid
992 2296 1025 2331 ex
1046 2278 1157 2352 antiquo
1174 2284 1284 2353 practer

831 2381 928 2418 sonum
951 2362 1058 2439 linguae
1079 2382 1134 2418 nec
1155 2382 1220 2419 eum
1240 2365 1283 2419 in-

832 2459 989 2526 corruptum
1023 2452 1172 2506 retinerent
1180 2455 1208 2509 ⁴⁴.
1247 2480 1283 2493 -

830 2533 954 2596 Leid.1.:
971 2557 1008 2593 ne
1021 2557 1054 2594 se
1064 2536 1233 2609 fefellisse.
1247 2567 1284 2578 -

831 2621 896 2679 PM:
915 2644 970 2679 non
989 2624 1119 2680 aduersus
1137 2623 1259 2683 uoluens.

778 2710 804 2768 4.
831 2713 939 2767 totiens
956 2710 1054 2768 hostis
1073 2713 1228 2787 quotiens:
1246 2709 1282 2783 P]

832 2801 914 2855 toties
931 2798 1023 2855 hostes
1042 2800 1157 2875 quoties.
1181 2830 1218 2842 ·-
1239 2797 1282 2855 dl:

831 2888 931 2943 totiens
958 2885 1051 2941 hostes
1081 2888 1215 2963 quotiens.
1245 2917 1282 2927 -

829 2973 853 3030 P
870 2994 906 3033 m.
925 2975 964 3032 1.:
983 2975 1081 3034 emico.
1107 2973 1141 3032 P:
1160 2973 1282 3030 faenera-

831 3069 928 3117 torum.

831 3238 895 3292 neli
912 3256 1034 3312 uosque.
1050 3244 1119 3314 pi:
1138 3234 1168 3294 P.
1182 3266 1217 3279 -
1235 3235 1281 3292 tl:

833 3322 1284 3402 offenditiuquittem..cornelius·

831 3432 892 3495 que.
910 3418 960 3490 pt.
980 3443 1014 3456 -
1031 3410 1113 3471 Voss.
1130 3404 1173 3471 it:
1193 3412 1282 3468 uffen-

831 3499 873 3554 dit
890 3500 978 3575 inquit
995 3510 1022 3555 te
1040 3503 1078 3556 ait
1096 3498 1198 3557 corneli
1217 3518 1283 3558 uos·

782 3600 786 3607 ·
831 3585 1084 3662 quecet:Lcid.1.:
1104 3587 1221 3646 offendit
1239 3591 1283 3646 in-

830 3674 889 3761 quit
906 3682 934 3729 te
952 3676 1041 3752 aitque
1059 3686 1150 3753 patres
1168 3685 1221 3735 cel.

760 3760 803 3818 12.
831 3762 903 3838 quin
925 3783 991 3820 eam
1016 3765 1158 3821 diducitis
1176 3763 1283 3824 a'me:

829 3848 852 3905 P
870 3849 931 3908 cod.
950 3851 1037 3910 Rhen.
1052 3882 1087 3891 -
1104 3851 1146 3908 lll:
1164 3854 1212 3928 qni
1231 3853 1283 3928 nel

809 3937 895 3994 'andi
919 3937 1017 3996 ducitis
1039 3958 1124 3998 eme.
1147 3969 1183 3981 -
1210 3938 1282 4001 Pell.

816 4033 857 4109 et
873 4024 1009 4083 Drakenb.
1033 4025 1128 4083 codd:
1156 4027 1282 4086 deduci·

829 4112 883 4169 tie:
900 4112 950 4168 scd
961 4113 1102 4173 diducere
1113 4116 1204 4192 aptius
1222 4114 1287 4174 luci'
