2618 4590
115 243 181 311 282
540 304 543 309 .
569 252 688 311 ,muns
704 252 763 313 vn.

117 429 217 508 etque
240 417 401 508 particeps
423 439 536 485 eorum
557 430 645 485 esset
665 416 721 507 qui
742 416 783 483 ab
802 415 1138 507 Lautulis-fugissent,
1170 421 1219 487 ita-

118 547 184 614 que
208 546 283 589 cum
303 522 370 590 hoc
392 545 493 587 unum
519 533 649 611 propter
669 521 838 597 Salonium
864 523 905 589 ab
934 533 1047 589 senatu
1075 547 1144 589 non
1168 525 1218 590 irn-

121 639 313 718 petraretur‚
346 639 415 694 tum
437 626 586 693 Salonius
609 625 787 694 obtestams
806 638 915 718 patres
936 627 1154 717 conscriptos,
1182 653 1217 696 ne

118 756 213 805 suurn
243 733 400 800 honorem
427 731 527 823 pluris
557 755 655 822 quarn
684 733 888 799 concordiam
915 731 1049 798 civitatis
1079 733 1216 800 aestima·

84 853 102 907 6
120 849 200 918 rent,
222 838 362 927 perpulit
380 848 419 904 ut
437 836 471 903 id
494 860 625 927 quoque
640 836 784 907 ferretur.
821 860 924 927 aeque
940 837 1090 925 inpotens
1112 850 1215 928 postu

115 934 218 1009 latum
240 941 301 1009 luit
321 953 359 1009 ut
380 943 420 1009 de
442 941 601 1032 stipendio
623 938 768 1033 equitum
784 981 829 995 -
850 941 1017 1009 merebant
1039 952 1151 1008 autem
1171 940 1214 1009 tri

184 1134 322 1211 particeps
340 1086 432 1189 eorum
450 1094 522 1193 enit
538 1131 633 1211 quiah

183 1219 293 1278 lentulis
323 1219 453 1297 fugissent
464 1225 495 1289 f‘,
525 1241 575 1277 nec
600 1219 631 1278 id

183 1304 353 1383 probandum
380 1300 528 1376 videretur,
556 1307 629 1385 quod

86 1410 89 1415 '
118 1384 121 1391 ¹
182 1398 207 1452 si
230 1394 357 1452 Salonius
380 1393 512 1452 noluisset
536 1414 629 1452 eorum

181 1485 229 1561 qui
247 1483 280 1539 ali
296 1480 418 1540 Lautulis
436 1482 558 1559 lugerent
567 1503 628 1560 per·

110 1568 151 1621 J·¹
180 1575 268 1650 ticeps
280 1566 349 1640 lieri,
362 1573 396 1628 ab
405 1574 553 1629 coniuratis
566 1590 628 1629 eum
686 1614 691 1627 .

180 1662 288 1716 stetisse
316 1669 467 1737 oporteret:
497 1660 627 1736 interpre-

111 1778 115 1783 ·
150 1756 224 1803 ates
244 1744 290 1801 alii
313 1746 372 1802 aliis
396 1747 626 1803 emendationibus
693 1766 698 1793 τ

108 1843 112 1849 ’
141 1842 145 1873 ²
180 1835 626 1910 integramseripturamrestltuere

157 1924 269 1978 ‘conati
281 1930 351 1979 sunt.
381 1918 506 1999 plurimis
523 1917 625 1998 placuit

177 2004 623 2085 GronorianaconiecturaQquam·

172 2118 256 2177 quem
273 2094 387 2175 plaster·
398 2095 450 2152 atta
467 2116 502 2151 ne
519 2115 623 2152 eorum

174 2184 285 2262 quidem
308 2205 341 2240 ex
364 2205 395 2238 ea
417 2185 483 2239 satis
505 2183 620 2260 probari

143 2290 146 2295 ·
174 2273 302 2348 potuerit.
330 2268 414 2326 multo
431 2269 527 2325 melius
544 2268 619 2326 vide-

130 2388 133 2393 ·
160 2348 217 2415 ¹tur
239 2368 330 2414 ver'am
354 2357 437 2411 ·huius
460 2354 513 2411 loci
537 2359 619 2411 ratio-

172 2466 235 2502 nem
246 2445 416 2522 perspexisse
429 2441 553 2499 librarius
566 2442 618 2499 Lo-

118 2538 121 2547 '
171 2532 314 2590 veliam-n.
340 2532 518 2587 recentissimi
545 2530 617 2587 cedi·

172 2623 225 2688 cis,
249 2621 296 2696 qul
319 2608 514 2696 particulam
530 2617 618 2675 deleta
690 2660 693 2665 -

170 2708 311 2784 sorlpserit
334 2716 385 2775 „ct
405 2706 547 2783 particeps
573 2727 617 2762 eo·

124 2782 127 2789 ¹
161 2804 231 2852 'rum
250 2804 321 2851 esset
339 2795 387 2873 qui
405 2795 443 2850 alr
456 2791 591 2851 lautnlisl
607 2825 617 2836 ·

171 2885 306 2961 gissent“.
335 2901 397 2939 nam
415 2881 489 2959 quod
503 2880 539 2941 Ia.
561 2901 617 2938 non

168 2972 280 3048 scripsit
303 2969 398 3045 „quod
424 2990 485 3025 cum
512 2989 617 3046 semper

111 3068 122 3083 '¹
154 3074 158 3081 ·
170 3055 328 3111 aduersatus
335 3055 541 3111 nouisconsiliis
551 3057 615 3111 fuis·

141 3132 144 3138 ¹
169 3150 213 3198 set
224 3151 281 3197 tum
294 3143 326 3196 ab
338 3138 460 3199 Lautulis
473 3141 615 3214 fugisset“‚

119 3254 122 3263 ·
169 3229 223 3284 lroc
245 3228 309 3285 inde
332 3227 430 3283 sactum
453 3227 560 3283 ridetur
585 3238 615 3285 ut

106 3318 127 3352 '¹
168 3316 271 3374 eodem·
287 3316 340 3371 hoc
362 3314 424 3370 loco
454 3315 615 3385 ostenderet,

96 3405 99 3411 ’
167 3424 224 3461 non
253 3424 335 3463 unum
362 3402 503 3460 Salonium
531 3403 614 3461 fidem

168 3508 244 3546 suam
274 3492 376 3568 patriae
408 3511 530 3548 servasse
565 3493 614 3549 sed

171 3576 271 3633 multos
300 3581 380 3634 etiam
408 3579 476 3636 alios
506 3579 613 3640 milites.

167 3662 216 3717 sed
236 3682 296 3718 cum
315 3684 347 3720 ex
365 3666 415 3723 hae
428 3665 521 3726 Lovel.
540 3669 612 3725 codi-

167 3751 207 3806 cis
230 3749 417 3809 emendatione
439 3777 534 3834 parum
555 3758 614 3814 veri

167 3836 256 3894 simile
267 3838 365 3904 »lieren
387 3845 434 3917 qui
456 3852 486 3899 et
502 3864 539 3899 ne
560 3864 611 3918 pro

168 3933 198 3981 et
223 3923 305 3980 scribi
331 3929 478 4001 potuisset,
507 3950 541 3985 ne
567 3929 612 3986 illa
638 3995 641 4000 .
706 3946 709 3951 ·

164 4010 275 4085 quidem
298 4014 450 4072 coniectura
479 4034 512 4072 ex
539 4020 612 4074 omni

165 4104 242 4172 perte
282 4101 420 4174 probanda
462 4104 611 4164 videbatur.

739 1186 742 1193 .
769 1154 821 1193 nec
839 1131 951 1193 difficile
963 1142 1020 1189 erat
1031 1152 1126 1199 verum
1142 1153 1212 1212 repe·

773 1224 836 1291 rire.
856 1243 917 1281 cum
930 1223 1002 1293 ¹enim
1015 1223 1215 1279 coniunctiones

771 1304 883 1386 que'ue
901 1308 937 1365 ne
959 1308 1120 1365 sexcenties'
1136 1310 1169 1366 ab
1187 1309 1214 1366 li·

768 1392 866 1454 brarlls'
896 1397 967 1453 intel
995 1414 1025 1451 se
1051 1406 1214 1473 permutatre

745 1496 748 1501 '
770 1486 834 1552 sint,
852 1502 902 1539 nec
916 1502 977 1539 raro
989 1484 1149 1559 perticulam
1161 1506 1215 1563 que

758 1581 817 1651 ¹aut
830 1580 914 1627 totam
927 1570 1060 1627 excidisse
1081 1583 1128 1631 aut
1140 1593 1215 1631 unam

769 1658 914 1715 alteramve
933 1660 990 1714 eius
1008 1657 1127 1716 litteram
1144 1660 1214 1717 vide·

735 1744 750 1783 ²·
767 1748 853 1802 murus
865 1745 917 1816 (cf.
930 1749 956 1814 7,
968 1748 1027 1804 332:
1039 1765 1213 1824 mecumque.

698 1864 701 1869 ·
767 1834 794 1902 8,
812 1832 842 1891 7:
861 1833 925 1903 all,
950 1833 1003 1889 hoc
1026 1853 1137 1910 quoquc
1153 1842 1214 1917 loco

695 1950 699 1957 ·
722 1942 725 1947 ·
767 1919 980 1977 eodem-mendo
992 1924 1132 1999 antiquom
1149 1924 1213 1978 scri·

740 2036 742 2041 ·
764 2019 873 2084 pturam
891 2018 1044 2089 corruptam
1056 2011 1169 2087 eiusque
1184 2012 1212 2066 in

752 2094 887 2172 reliqniis
905 2095 973 2150 nihil
985 2094 1058 2151 aliud
1071 2116 1152 2172 quam
1170 2107 1211 2153 at-

764 2202 822 2257 que
844 2181 929 2237 latere
952 2202 1113 2259 persuasum
1133 2185 1210 2241 lrabe-

761 2289 830 2329 mus.
855 2268 900 2328 Gi.
918 2288 1027 2347 quoque
1038 2273 1086 2339 ll,
1098 2275 1139 2328 13.
1159 2293 1210 2349 quo

702 2394 720 2405 ·.
762 2356 824 2413 loeo
833 2354 916 2413 simili
925 2357 1139 2427 mendo:„etism
1154 2369 1209 2434 etp.

762 2447 867 2501 etiam“
885 2446 913 2501 in
925 2442 987 2504 Pae
1005 2448 1197 2524 scriptumest.

706 2580 734 2639 3.
760 2550 924 2650 obtestadus
938 2554 986 2657 pic.
1005 2596 1045 2647 ne
1056 2556 1144 2635 cirum
1157 2579 1207 2635 Ιιο-

760 2685 863 2723 norem
881 2663 1021 2749 cet.:3Plll.
1035 2697 1069 2706 —
1084 2663 1156 2722 Voss
1179 2687 1207 2724 u.

725 2818 728 2825 Ι
759 2753 806 2812 al:
824 2748 948 2829 patribus
965 2754 1139 2827 conscriptis.

705 2885 731 2950 5,
758 2904 854 2959 aeque
872 2886 1007 2962 inpotem
1016 2885 1207 2958 postulatum

752 2972 834 3044 fuit:
852 2970 874 3026 P
892 2968 1095 3030 m.2.ll.-·P
1114 2976 1207 3031 ι.1.;

718 3090 721 3101 ·
751 3077 842 3134 aeque
859 3061 979 3136 inpotest
991 3065 1041 3116 cet.
1054 3057 1162 3127 ·„Elren
1175 3081 1208 3118 so

686 3172 689 3177 ·
757 3147 946 3204 unversehtmt
962 3165 1030 3205 war·
1042 3144 1087 3202 die
1104 3144 1207 3204 Forde·

757 3231 891 3309 derung·‘.
913 3265 950 3279 —-
976 3232 1039 3293 PM:
1067 3236 1206 3291 merebant

720 3322 724 3339 ²
756 3329 845 3377 autem
870 3320 970 3399 triplex
988 3342 1018 3378 ea
1037 3331 1204 3398 tempestate.

757 3405 801 3467 Cf.
820 3413 846 3477 5,
866 3412 923 3468 12:
940 3440 976 3453 ···
992 3409 1120 3466 tribunus
1137 3409 1204 3466 mili-

756 3503 814 3552 tum
839 3500 931 3574 priore
954 3516 1024 3552 anno
1048 3495 1136 3553 fuerat
1157 3501 1203 3555 tri-

755 3583 870 3665 plexque
888 3584 1054 3662 stipendium
1067 3585 1203 3659 equitibus

756 3670 875 3730 dederat.
899 3703 933 3714 -
961 3671 1039 3738 Laid,
1059 3691 1091 3729 1.=
1119 3691 1203 3728 mere-

755 3757 822 3814 bant
840 3769 872 3814 ut
884 3769 979 3819 autem.
998 3758 1080 3819 Voss.
1094 3777 1122 3817 n.
1136 3759 1202 3815 mul·

723 3880 727 3885 ·
754 3847 831 3922 tique
848 3867 918 3905 recc.
944 3846 1036 3904 codd:
1065 3847 1204 3903 merchant

753 3943 880 3990 autemut
890 3933 996 4008 triplex.
1014 3933 1082 3993 [ιον.
1095 3937 1136 3992 4.;
1148 3953 1200 3988 mc-

753 4021 863 4076 rebam-
880 4030 969 4079 autem
987 4029 1038 4081 cet.
1058 4020 1086 4080 h.
1104 4041 1128 4076 e.
1146 4040 1200 4077 rne-

753 4107 869 4167 rebatur.
