2618 4590
87 354 89 358 ι
162 246 250 327 aas
623 266 798 332 urrrn

161 432 339 526 „profanos
360 452 420 500 nos
442 432 530 524 quod
551 430 639 500 salva
660 430 812 523 religione
832 429 980 523 potestis:
1004 430 1134 500 dederis
1159 429 1271 498 deiude

166 552 200 608 et
220 541 299 607 istos
320 548 540 605 sacrosanctos
562 537 798 628 cumprimum
819 538 1003 627 magistratu
1030 537 1193 619 abierint,
1221 535 1272 602 sed

164 644 192 711 si
218 669 271 712 me
300 643 449 724 audiatis,
482 641 668 734 priusquam
696 642 851 708 dedantur
878 641 930 708 hio
956 641 989 707 in
1016 640 1156 708 comitio
1180 639 1272 730 virgis

163 772 292 830 caesos,
320 747 404 814 hanc
424 746 490 813 iarn
511 757 548 814 ut
575 746 778 813 intercalatae
805 769 930 836 poenae
956 769 1088 812 usuram
1119 744 1272 815 habeant.

56 842 62 859 ¹
102 866 238 923 'arram
262 852 350 943 quod
374 851 532 918 deditione
554 861 661 917 nostra
688 861 806 940 negant
833 850 956 917 exsolvi
983 850 1142 941 reiigione
1161 872 1271 939 popu·

162 958 240 1039 ium,
262 958 295 1023 id
317 956 396 1022 istos
417 955 533 1045 magis,
559 979 602 1022 ne
623 954 777 1021 dedaram
799 978 897 1044 quam
919 954 991 1045 quia
1013 955 1056 1020 ita
1079 977 1119 1020 se
1144 976 1202 1020 res
1224 953 1271 1018 ha

162 1063 246 1144 beat,
269 1061 391 1141 dicere,
420 1060 490 1148 quis
513 1059 595 1125 adeo
616 1058 692 1125 iuris
715 1059 869 1126 fetialium
891 1082 1005 1148 expers
1030 1068 1082 1125 est
1103 1058 1167 1148 qui
1188 1056 1273 1147 iguo

82 1249 86 1258 Ι
162 1167 233 1233 reti
260 1187 366 1253 nequa
388 1185 450 1252 ego
472 1162 586 1229 infitias
608 1187 650 1230 eo
670 1175 777 1255 patres
805 1163 974 1254 conscripti
1002 1174 1070 1230 tarn
1092 1185 1272 1253 sponsores

182 1334 207 1389 1.
234 1328 318 1405 quod
338 1324 429 1385 ‚salua
453 1328 597 1407 religione
616 1339 679 1406 pot·
819 1329 873 1386 fert
893 1327 1053 1386 sarverden
1077 1326 1119 1384 als
1143 1327 1212 1384 weil
1234 1327 1271 1382 sia

234 1418 323 1473 estis.-
340 1412 383 1488 Μ]
403 1434 471 1492 quos
488 1413 561 1471 salva
580 1424 631 1475 eet.
643 1447 677 1458 -

233 1503 270 1560 P:
288 1521 357 1581 quos
368 1501 473 1558 saiuare
484 1502 612 1577 religione
619 1511 678 1580 pat·

233 1592 307 1661 eatis,
325 1622 360 1633 -
377 1589 439 1647 Pal:
458 1590 563 1647 dedetis
581 1589 679 1647 deinde

155 1736 159 1753 ,
233 1689 262 1737 et
273 1681 342 1735 istos
353 1688 549 1735 sacrosanctos.
564 1677 605 1735 Μι
618 1698 678 1735 curu

82 1764 85 1779 '
211 1768 350 1844 ·primam
372 1768 530 1842 magistratu
555 1766 677 1824 abierint.

194 1872 199 1891 ¹
233 1854 273 1911 1³:
286 1872 347 1911 euru
359 1854 447 1931 primo
460 1855 616 1927 magistratu
628 1861 679 1911 cet.

233 1972 268 1984 -
286 1940 309 1997 P
326 1961 362 1997 m.
381 1943 421 1999 1.:
439 1943 467 1997 iu
486 1940 630 2021 qommitio.
644 1969 678 1980 -

233 2026 297 2084 Pul:
318 2027 388 2084 haue
406 2029 459 2084 iam
476 2036 507 2085 ut
524 2027 648 2085 irateraal
667 2054 678 2069 ·

233 2124 284 2172 tae
301 2135 404 2194 poenae
425 2135 534 2173 usuram
552 2114 679 2183 habeant:

234 2202 345 2270 „darnit
366 2201 448 2258 ihren
466 2222 497 2258 so
522 2200 592 2257 doeh
611 2198 680 2256 auch

181 2304 185 2323 ¹
233 2291 277 2345 ein
288 2286 410 2343 Vortheil
424 2288 466 2343 fur
478 2287 530 2343 den
539 2286 679 2343 Auischub

219 2369 307 2431 'ihrer
316 2372 404 2428 Siraie
417 2393 450 2428 ru
460 2373 538 2429 Theil
555 2374 677 2431 werde“.

233 2463 274 2515 sie
284 2461 353 2514 enim
372 2460 421 2515 sub
434 2461 604 2517 finamlruius
620 2482 679 2536 cap.

233 2547 329 2621 iegitur
340 2545 492 2613 „consulite
504 2557 593 2604 atrum
602 2568 678 2626 prae·
725 2617 728 2624 Ι

233 2652 296 2688 aens
315 2632 416 2690 deditio
435 2654 527 2692 eoram
538 2634 598 2692 fieri
616 2655 679 2713 pos·

206 2717 209 2733 ¹
233 2721 270 2776 ait
287 2740 322 2775 an
339 2718 369 2775 in
388 2722 466 2778 diem
484 2722 678 2796 dfferatur‘fl

181 2808 207 2866 ὃ.
235 2826 305 2863 nam
318 2808 402 2883 quod
412 2809 563 2866 deditione
574 2819 678 2867 nostra

233 2903 360 2972 negant:
382 2893 418 2954 Μ.
442 2928 475 2939 -
498 2896 535 2954 P:
562 2899 678 2974 neganti.

234 3010 269 3022 -
287 2980 335 3036 ΡΜ
353 2980 428 3039 Leid.
442 3001 474 3040 a:
497 2983 599 3041 exsolui
618 2985 679 3041 reli·

37 3046 42 3063 ⁶
127 3074 129 3079 '
233 3069 342 3141 gionem
360 3066 497 3143 populum.
527 3069 570 3128 Cf.
589 3074 620 3138 9,
637 3074 677 3130 8.:

234 3153 364 3210 dedamur
375 3172 424 3229 per
433 3152 535 3211 fetiales
545 3156 610 3212 nudi
620 3160 678 3213 vin·
736 3164 738 3168 ’

233 3242 337 3316 atique,
361 3238 528 3298 exsolvamus
550 3241 679 3317 reiigione

120 3328 122 3333 '
233 3327 363 3407 populum
380 3329 405 3385 si
423 3349 475 3406 qua
495 3328 678 3406 obligavimus.

232 3416 337 3484 „Denu
349 3436 430 3473 weuu
442 3418 482 3473 sie
500 3412 605 3473 meineri
614 3417 678 3474 dass

174 3506 176 3515 ’
233 3500 681 3580 darchunseraAuslieieruugdas

230 3585 301 3643 Volk
321 3587 502 3666 keiuesweges
525 3611 580 3649 von
603 3591 678 3666 jeder

198 3673 512 3753 -rverauiwortliphieit
547 3679 598 3736 irei
633 3698 677 3753 ge-

231 3761 323 3818 'maeht
346 3762 454 3831 werde,
482 3784 514 3820 so
542 3767 579 3821 ist
601 3765 676 3824 wohl

228 3847 362 3905 Niemand
398 3849 446 3905 des
475 3850 594 3909 liechies
628 3852 677 3908 der

228 3930 456 4012 Bandeapriester
482 3957 513 3994 so
538 3958 604 4012 ganz
627 3960 676 3995 uu·

227 4018 329 4099 kundig
348 4022 422 4078 aicha
434 4025 603 4095 einauseiren,
615 4026 677 4083 dass

166 4122 174 4132 ·
227 4103 288 4175 ieue
304 4104 381 4162 mehr
398 4127 443 4165 aar
455 4109 531 4166 nicht
548 4111 676 4186 ausgeiie·

819 1436 873 1473 von
886 1416 935 1472 der
944 1414 1108 1491 Richugieit
1119 1414 1174 1472 der
1186 1413 1271 1471 Sasiae

819 1505 963 1579 iibenengt
992 1512 1099 1569 waren,
1132 1523 1168 1559 so
1198 1521 1270 1580 spre-

819 1592 920 1651 eiren“.
938 1620 973 1633 -
990 1589 1064 1649 iiim.
1083 1591 1123 1649 aa
1142 1593 1209 1665 quis
1226 1588 1270 1645 ad-

820 1680 936 1737 eoaiaris
954 1677 1087 1750 fecialium
1105 1696 1208 1754 expres
1221 1685 1269 1732 eat.

819 1764 855 1826 rai
874 1768 915 1826 ΡΛ
934 1764 1010 1825 adeo.
1028 1761 1073 1824 (Μ.
1088 1761 1151 1824 cie.
1169 1764 1207 1821 ds
1223 1764 1268 1821 oii.

818 1855 846 1919 3,
858 1856 901 1914 29.
919 1856 964 1912 30.

766 1943 793 1999 8.
819 1959 916 2015 neque
939 1959 994 2019 ego
1017 1937 1135 2015 infitias
1159 1958 1196 1996 eo
1215 1956 1268 2013 po·

818 2036 881 2085 tres
899 2027 1067 2101 conscripti:
1092 2024 1155 2084 eod.
1174 2024 1267 2082 Gartu.

820 2144 855 2157 -
877 2113 954 2173 Leid
971 2132 990 2174 1.
1016 2111 1065 2172 al.=
1090 2111 1266 2169 inficiasseo

804 2212 910 2279 *patres
934 2201 1091 2277 eonsoeipii.
1119 2198 1185 2256 Pal:
1208 2198 1266 2255 infi-

819 2291 910 2348 aaae.
928 2296 970 2368 pa
997 2285 1041 2347 cr.
1058 2289 1090 2355 ι,
1109 2290 1155 2346 so.
1173 2285 1221 2344 uu
1238 2287 1266 2342 u

819 2376 869 2434 ΡΜ
880 2379 967 2452 primo
979 2376 1111 2452 seriptum
1122 2384 1182 2432 erat
1197 2393 1265 2442 „ne-

820 2484 873 2540 qua
890 2483 959 2539 nego
976 2482 1063 2539 neque
1080 2461 1185 2519 infitias
1202 2464 1265 2525 eo“‚

819 2550 870 2607 sed
886 2572 923 2608 m.
941 2552 966 2610 9.
984 2551 1013 2606 iu
1029 2547 1058 2606 Μ
1074 2552 1209 2628 scriptura
1226 2557 1266 2603 est

819 2657 929 2714 „neque
953 2637 1101 2696 infitiasa“.
1136 2638 1189 2705 31,
1208 2638 1264 2694 31.:

820 2745 907 2802 neque
925 2725 1024 2782 iniitias
1044 2726 1126 2783 imus.

768 2841 803 2883 ·.·
822 2822 884 2869 tam
905 2831 1068 2888 sponsores
1089 2827 1182 2888 quam
1196 2807 1266 2881 soe·

820 2900 897 2956 dero
907 2909 1013 2956 serrata
1024 2917 1107 2958 essa:
1124 2894 1172 2952 ΡΜ
1188 2894 1265 2965 reli]

820 2996 876 3044 tam
893 2988 1055 3064 sponsiones
1065 3003 1142 3062 quarn
1153 2980 1266 3039 ioadera

820 3083 871 3132 eet.
901 3101 936 3117 ·-
967 3072 1133 3147 Sponsam
1155 3066 1267 3129 videtur

820 3159 913 3217 Livius
924 3180 974 3236 pro
981 3157 1190 3236 sponsionibus
1199 3159 1266 3212 sori·

818 3247 908 3324 psissa
932 3267 991 3303 non
1018 3245 1161 3303 variandae
1183 3242 1265 3301 ruodo

821 3335 950 3390 orationis
975 3353 1068 3400 eausa,
1090 3352 1143 3408 qua
1164 3329 1224 3405 lage
1240 3338 1266 3385 at

754 3438 759 3446 ’
819 3440 863 3476 rea
880 3439 931 3498 pro
949 3419 1105 3477 homiuibus
1122 3419 1213 3496 quiin
1227 3418 1265 3473 eis

819 3507 995 3563 versabantur
1018 3517 1046 3563 et
1067 3505 1193 3562 homiues
1214 3523 1264 3583 pro

819 3595 899 3651 rebus
910 3593 967 3651 diei
977 3593 1110 3661 solebant,
1123 3591 1173 3648 sed
1185 3595 1266 3648 etiam

819 3681 893 3758 quod
912 3684 941 3738 ia
958 3682 1008 3738 hae
1026 3700 1056 3737 re
1073 3680 1109 3737 da
1132 3700 1187 3758 qua
1209 3699 1266 3755 aga·

818 3767 898 3825 batur
919 3788 1080 3842 sponsores
1105 3771 1196 3842 aptior
1215 3784 1266 3821 vox

818 3864 884 3914 erat.
916 3875 972 3910 non
996 3856 1068 3910 enirn
1096 3855 1126 3910 id
1155 3853 1266 3910 dubium

818 3961 882 3998 esse·
895 3950 1001 4019 peierat
1017 3942 1082 4017 quin
1096 3944 1266 4018 sponsiones,

781 4030 783 4035 ’
819 4048 890 4105 quaa
916 4028 1024 4107 publice
1040 4040 1145 4085 essent
1175 4029 1266 4094 saetae,

818 4124 927 4182 sanctas
944 4113 1083 4175 habendae
1097 4116 1265 4177 viderentur:
