2618 4590
496 274 605 337 ttuuo
622 276 667 338 Vl.
757 274 760 279 ’
1041 326 1047 331 .
1088 269 1133 337 35

30 463 49 508 a
70 438 116 508 Μ.
128 437 228 522 Furio
249 437 432 528 recuperari
452 438 554 529 patria
576 459 619 506 ex
640 437 806 509 obsidione
826 439 967 512 hostiurn
988 465 1055 513 non
1076 468 1133 536 po

28 543 141 629 tuerit,
167 542 229 611 nisi
250 566 270 609 a
291 564 328 609 se
349 541 437 632 prius
460 541 656 634 Capitolium
683 553 781 635 atque
803 569 860 613 arx
885 559 1009 618 servata
1031 561 1134 635 eoset3

101 701 133 758 in
149 699 172 756 P
195 708 223 756 et
246 698 303 760 rell.
327 698 406 759 codd.
429 699 460 756 in
477 700 548 757 exei-

104 787 199 844 disset.
220 785 359 844 Praeterea
376 785 431 845 leri
448 786 547 844 mendo

86 883 239 931 :ormana
259 873 328 932 iuP
349 876 482 953 scriptum
506 885 549 932 est

101 981 154 1039 pro
180 969 320 1022 armatos.
342 992 379 1006 -
406 963 481 1020 Cum
505 964 548 1020 in·

101 1048 187 1104 terim
209 1048 281 1127 apud
299 1047 407 1107 Livium
429 1051 459 1107 in
482 1070 547 1127 apo·

101 1133 162 1191 dosi
179 1155 240 1193 cum
257 1136 393 1195 infinitivo
417 1137 548 1196 historico

99 1222 219 1299 positum
249 1222 387 1295 videmus,
416 1227 442 1282 si
471 1223 547 1305 quid,

47 1304 55 1313 ”
98 1298 231 1385 quodvix
248 1314 398 1391 exspectari
414 1315 547 1390 possevi-

100 1394 222 1465 dcbatur‚
240 1399 341 1455 maiore
353 1399 468 1476 quadam
487 1421 547 1458 ora·

98 1483 183 1540 tionis
194 1485 222 1541 ri
234 1486 463 1562 pronuntiandum
480 1497 546 1549 erat.

99 1569 135 1630 cl.
153 1573 180 1638 3,
198 1572 256 1630 37.:
275 1571 327 1640 „id
344 1574 427 1631 modo
439 1574 546 1648 plebem

99 1657 228 1732 agitabat,
249 1679 367 1736 quonam
388 1661 471 1719 modo
496 1661 545 1720 tri·

97 1743 244 1801 boniciam‘
258 1755 419 1824 potestatem
439 1769 545 1828 repara·

99 1840 170 1899 rent,
189 1848 249 1887 eum
266 1833 374 1888 interim
385 1836 485 1891 mentio
500 1855 545 1892 co·

101 1919 239 1986 mitiorum
256 1916 329 1974 nulla
346 1918 439 1980 fieri“.
473 1919 548 1979 Idem

98 2004 464 2084 propequodcuminterim‚
473 2008 558 2081 vides

98 2099 145 2149 tur
156 2111 222 2156 cum
234 2092 370 2150 interdum
379 2094 548 2170 significasse

97 2179 128 2236 in
144 2179 183 2235 eis
195 2177 272 2248 locis,
290 2181 388 2257 quibus
400 2179 470 2238 lsauc
482 2202 546 2240 cou-

98 2266 265 2334 iunctionem
287 2267 370 2324 modo
394 2268 546 2328 infinitivus

97 2354 180 2411 modo
199 2353 361 2412 indicativus
379 2355 424 2413 vel
440 2367 545 2436 praete·
584 2431 592 2442 ·

96 2443 144 2498 riti
155 2440 199 2499 vel
215 2445 365 2521 praesentis
382 2445 411 2501 in
430 2444 545 2522 apodosi

97 2529 267 2606 sequebatur.
296 2531 331 2590 ct.
350 2532 381 2599 2,
399 2533 458 2589 22:
482 2533 544 2601 „vi-

98 2625 160 2674 ctor
175 2625 217 2672 tot
234 2614 312 2673 bellis
329 2620 462 2693 promissa
480 2638 544 2676 coo·

97 2702 164 2761 sutis
181 2702 317 2780 fidemque
338 2713 447 2762 senatus
464 2725 544 2783 expe·

99 2790 203 2859 tiabat,
239 2811 300 2848 cum
328 2790 434 2870 Appius
463 2813 545 2869 quam

97 2879 244 2956 asperrime
255 2887 363 2954 poterat
373 2879 416 2934 ius
435 2877 470 2934 de
488 2898 545 2935 cre·

55 3028 61 3036 ,
96 2963 162 3021 ditis
170 2966 293 3043 pecuniis
303 2963 392 3021 dicere
399 2969 425 3024 ⁶⁶.
444 2962 475 3021 ln
486 2984 544 3021 ora·

21 3062 24 3067 '
96 3053 173 3110 tione
199 3051 308 3130 obliqua
334 3071 401 3110 cum
427 3053 546 3110 interim

97 3140 179 3197 etiam
197 3159 258 3197 cum
272 3141 424 3197 accusativo
443 3159 467 3199 c.
484 3137 545 3196 inli-

96 3227 199 3295 nitiva,
218 3229 339 3303 quannis
357 3228 545 3283 coniunctione

97 3312 246 3370 desiderari
272 3323 378 3389 posset,
392 3312 477 3391 apud
497 3312 544 3370 Li-

97 3400 173 3458 vium
199 3401 317 3475 positum
346 3400 478 3460 videmus.
509 3399 544 3457 el.

97 3489 125 3555 4,
144 3487 201 3543 tt:
219 3488 326 3552 „iacere
343 3497 399 3544 tam
413 3487 461 3544 diu
479 3487 544 3542 insi-

95 3582 139 3630 tas
150 3572 269 3628 actiones
278 3574 388 3650 quaeda
405 3577 461 3631 snio
471 3593 544 3630 com-

95 3659 186 3718 modis
199 3657 340 3729 ferrentur,
358 3681 419 3718 cum
436 3663 545 3719 interim

96 3746 132 3805 de
149 3747 279 3820 sanguine
297 3765 347 3802 suo
362 3744 442 3804 latam
459 3749 545 3823 legem
610 3783 614 3791 -

96 3835 239 3892 confestim
263 3836 423 3890 exerceri“:
447 3834 543 3901 „wth-

95 3921 162 3978 rend
198 3942 232 3979 zu
271 3920 413 3978 darselben
449 3919 543 3980 zeit‘t

95 4011 128 4078 6,
145 4011 203 4068 27.:
233 4008 347 4083 „lugere
367 4017 487 4065 senatum
505 4016 542 4064 te·

95 4105 152 4154 stes
172 4095 277 4155 tabulas
297 4095 421 4176 publicas
445 4112 542 4153 census

689 701 834 772 euinque,
851 720 912 759 oum
929 705 1036 765 interim
1053 708 1132 765 obse·

688 796 775 846 ratam
797 785 905 863 plebem
928 790 1055 849 obiectari
1072 791 1132 851 aliis

688 885 771 954 atque
782 873 843 933 aliis
854 875 1010 937 hostibua“.
1026 878 1069 935 Ab
1081 879 1134 937 hoc

687 981 771 1037 sensu
781 961 876 1021 harum
886 961 1078 1041 particularum
1094 968 1135 1023 iu·-

687 1050 795 1109 terdum
821 1049 960 1128 eliquanto
985 1050 1136 1110 declinasse
1178 1054 1183 1059 ’

617 1160 623 1167 ’
688 1135 796 1196 videtur
828 1137 1027 1213 Quintilianus,
1063 1139 1136 1218 apud

685 1243 769 1300 quem
779 1243 846 1282 cum
857 1226 974 1283 interim
984 1245 1066 1306 saepe
1074 1246 1135 1286 cum

687 1311 836 1370 indicativo
865 1313 1040 1372 coniunctum
1069 1310 1133 1391 legi-

688 1406 746 1456 tur:
764 1417 806 1458 ex.
824 1416 863 1475 gr.
881 1401 925 1469 to,
944 1402 1042 1461 1.18.=
1060 1402 1133 1478 „pu-

688 1482 736 1541 det
756 1485 828 1543 enim
850 1485 995 1544 dissentire
1016 1496 1045 1546 et
1061 1487 1135 1547 velut

687 1571 769 1627 tacita
786 1571 902 1648 quadam
913 1574 1076 1633 verecundia
1093 1577 1133 1633 iu·

686 1656 811 1715 hibemur
831 1658 894 1734 plus
915 1659 995 1719 uobis
1016 1661 1134 1732 eredere,

687 1764 749 1803 eum
766 1746 875 1803 interim
893 1746 1038 1817 (wiewobl
1059 1748 1135 1805 nicht

686 1830 789 1904 selten)
800 1842 828 1891 et
836 1835 933 1892 vitiosa
941 1832 1066 1910 pluribus
1077 1833 1133 1912 pla·

688 1929 750 1977 eant
767 1929 795 1977 et
815 1941 830 1977 a
856 1921 1004 1996 corrogatis
1024 1919 1134 1980 laudan·

688 2014 734 2062 tur
750 2007 831 2062 etiam
843 2026 912 2082 quae
923 2028 979 2064 non
990 2006 1135 2086 placent“a

688 2109 770 2167 quem
786 2090 875 2148 locum
887 2091 921 2152 C.
934 2093 1076 2169 Zumptius
1092 2114 1134 2150 re·

686 2178 784 2238 stituit.
805 2177 877 2236 Huic
895 2178 1079 2254 Quintiliaueo
1097 2182 1133 2238 sl·

686 2262 760 2321 milis
785 2275 827 2323 est
847 2268 873 2324 is
895 2265 973 2325 locus
995 2266 1139 2341 Livianus,

687 2349 787 2429 dequo
801 2352 933 2429 agendum
946 2364 996 2414 est.
1016 2375 1079 2413 uam
1093 2354 1132 2414 tbi

685 2437 757 2496 nulla
769 2461 855 2519 prope
867 2443 1006 2520 temporis,
1023 2463 1093 2520 quoe
1104 2443 1133 2500 iu

663 2578 665 2583 ,
686 2545 753 2584 voce
771 2529 887 2586 interitu
904 2531 984 2598 inest,
1002 2531 1072 2587 ratio
1086 2529 1132 2585 ha·

686 2613 743 2671 bita
753 2615 869 2686 ridetur,
886 2625 917 2673 ut
929 2615 1070 2676 nouacula
1081 2615 1132 2674 lin·
1220 2668 1226 2679 ,

685 2719 736 2777 gua
746 2703 916 2780 interpretari
927 2705 1018 2780 possis
1035 2701 1132 2772 „wth-

684 2788 754 2845 send
771 2788 851 2858 doch,
867 2810 949 2853 wenn
959 2809 1023 2846 man
1036 2788 1134 2846 anderu

685 2874 784 2949 riehtig
805 2874 939 2931 urtheilen
963 2872 1060 2941 walle,
1089 2872 1134 2929 die

686 2957 843 3017 Vaterstadt
858 2981 922 3018 vom
938 2958 1041 3018 Feinde
1050 2960 1134 3017 -uicht

686 3044 757 3103 habe
767 3046 853 3104 dunel
863 3047 960 3107 Furios
971 3047 1075 3107 wieder
1086 3047 1132 3105 be·

684 3132 748 3192 lreit
771 3135 882 3193 werden
904 3135 1025 3206 ldnneu,
1049 3155 1132 3194 weun

684 3240 715 3279 er
726 3220 873 3294 (Manlius)
890 3224 967 3282 nieht
981 3242 1064 3281 auvos
1083 3223 1132 3280 das

685 3305 796 3385 Capitol
812 3309 869 3366 und
891 3309 936 3367 die
952 3310 1027 3384 Burg
1047 3319 1132 3384 geret·
1183 3300 1187 3309 ⁵

685 3404 726 3452 tet
743 3394 847 3453 hatten
882 3393 974 3452 Altera
994 3414 1059 3452 uero
1077 3417 1131 3454 ma·

684 3501 736 3558 gna
758 3480 838 3538 huius
860 3479 914 3537 loci
936 3476 1080 3540 difficultas
1100 3503 1132 3541 ea

687 3578 742 3638 est,
761 3567 834 3645 quod
851 3564 947 3626 Livius
964 3571 993 3626 iu
1011 3556 1132 3628 eonstrd·
1234 3642 1238 3659 ἱ
1286 3588 1296 3611 ³

686 3657 792 3724 ctione,
814 3675 866 3732 qua
882 3658 1001 3732 primum
1019 3659 1130 3717 coniun-

687 3744 757 3800 ctivo
775 3761 841 3799 usus
858 3753 909 3812 est,
935 3763 990 3801 noo
1006 3747 1131 3823 perstite-
1223 3744 1228 3753 ’

686 3832 729 3898 cit¹
748 3830 797 3887 sed
814 3832 843 3887 in
860 3841 977 3889 extrema
995 3841 1075 3907 parte
1088 3853 1132 3889 ac·

685 3919 834 3975 cosativum
852 3939 913 3976 cum
929 3917 978 3976 int.
1002 3921 1132 3995 posuerit.

684 4025 735 4062 nec
752 4015 841 4063 nmen
863 4026 912 4084 per
928 4025 960 4062 se
981 4003 1027 4061 ille
1044 4025 1131 4065 accus.

684 4113 709 4152 c,
726 4091 773 4152 int
790 4092 983 4171 improbandus
1000 4103 1056 4171 aaa
1071 4113 1132 4152 cum

882 4179 930 4248 3.
