2618 4590
549 307 733 373 manvu.
1123 297 1189 369 248

88 483 190 541 castra
223 482 358 563 ponunt.
403 472 501 563 priori
528 471 658 543 Valerio
684 470 875 543 Samnitium
902 460 1043 566 legiones
1076 509 1120 525 ·-
1148 460 1192 543 eo=

88 600 228 668 namque
250 601 382 644 omnem
403 575 480 645 belli
501 574 623 644 molem
644 576 864 648 inclinaturam
887 580 1114 650 censebant-
1136 602 1189 649 oc-

19 710 21 715 ’
87 692 236 750 currunt:
268 681 364 749 simul
385 681 418 749 in
440 680 622 773 Campanos
652 680 836 753 stimulabat
862 684 908 752 ira
930 695 997 752 tam
1020 696 1189 777 promptos

86 810 173 854 nunc
201 785 241 853 ad
267 787 398 855 ferenda
424 786 571 881 nuncgad
600 788 791 857 accersenda
819 790 970 860 adversus
998 812 1034 858 se
1063 789 1189 857 almilia.

86 901 222 959 ut-vero
250 902 353 961 castra
373 893 519 961 Romana
540 890 702 977 viderunt,
734 892 884 964 ferociter
905 919 964 988 pro
994 918 1029 962 se
1053 893 1218 985 quisquan
1244 926 1248 939 ·

85 995 211 1085 signmn
232 997 331 1065 duces
352 1022 502 1090 poscere,
531 995 697 1065 adfirmare
720 1000 835 1069 eadem
857 1001 983 1068 fortuna
1006 999 1188 1066 Romanum

84 1098 249 1190 Campano
279 1102 418 1170 laturum
451 1125 549 1192 opem
581 1126 646 1193 qua
679 1101 862 1195 Campanus
895 1103 1036 1172 Sidicino
1070 1100 1187 1169 tulerit

82 1203 229 1273 Valerius
251 1205 374 1275 levibus
403 1207 628 1276 certaminibus
654 1210 831 1301 temptandi
855 1209 957 1278 hostis
983 1231 1080 1277 causa
1101 1204 1188 1274 baud

82 1308 126 1376 ita
148 1310 267 1378 multos
289 1321 432 1379 moratus
455 1312 523 1382 dies
555 1312 680 1405 signum
708 1338 833 1406 pugnae
861 1313 1042 1407 proposuit,
1074 1311 1188 1404 paucis

82 1436 160 1482 suos
183 1415 368 1484 adhortatus
390 1440 431 1484 ne
454 1442 576 1485 novum
590 1418 713 1486 bellum
734 1443 791 1488 eos
812 1441 982 1510 novusque
1003 1415 1106 1486 hostis
1120 1426 1185 1495 tar·
1200 1425 1249 1482 1⁰“

81 1530 180 1587 reret:
203 1519 358 1610 quidquid
380 1520 420 1586 ab
443 1521 522 1590 urbe
544 1522 670 1613 longius
691 1523 870 1614 proterrent
884 1547 982 1600 arma,
999 1519 1101 1611 magIs
1122 1542 1211 1597 ma,

81 1623 195 1716 gisque
216 1623 250 1692 in
271 1624 406 1692 inbelles
428 1637 540 1717 gentes
562 1650 619 1694 eos
634 1628 772 1719 prodire.
809 1651 851 1694 ne
866 1627 1081 1695 Sidicinorum
1094 1623 1187 1691 Cam·

151 1830 186 1843 —
204 1799 279 1860 Harl.
296 1819 315 1860 r.
329 1799 377 1857 al:
405 1796 452 1857 illa
468 1801 504 1858 ad
521 1821 596 1860 mon·
704 1872 707 1879 ι
739 1803 790 1862 tiri
821 1822 882 1861 cum
907 1820 1032 1881 poscere
1061 1799 1189 1874 coniungi

150 1896 206 1945 tem
234 1907 353 1947 caurum.
397 1887 436 1944 P:
467 1884 596 1950 caulrum.
737 1900 859 1968 possent.

151 1975 192 2033 n:
221 1995 245 2032 e.
269 1981 342 2035 aust.
378 1971 423 2034 cf.
447 1975 509 2038 Cic.
530 1977 597 2053 Agr.
685 1981 712 2036 8.
740 1977 815 2035 haut
841 1979 884 2034 ita
912 1977 1025 2034 multos
1052 1983 1187 2033 moratus

150 2066 177 2130 2,
197 2065 240 2123 ll.
259 2067 317 2120 dd:
340 2063 450 2120 accedet
466 2084 499 2122 eo
517 2084 596 2122 mons
738 2064 819 2120 dias.-
836 2063 871 2123 Μ.
890 2095 924 2106 -
943 2063 981 2119 P:
998 2063 1072 2121 baud
1083 2064 1122 2120 ita
1133 2069 1186 2118 cet.

150 2149 266 2211 Gaurus.
283 2149 352 2209 Plin.
370 2151 434 2209 bist.
451 2162 506 2210 nat.
524 2154 551 2221 3,
569 2155 618 2230 5„
663 2187 666 2194 ι
685 2151 713 2210 9.
734 2152 840 2226 paucis
859 2170 931 2207 suos
949 2149 1130 2207 adhortatus
1148 2163 1186 2204 na

150 2241 195 2298 60.
213 2270 248 2280 —
274 2239 343 2296 Tum
360 2240 491 2316 seriptum
509 2242 597 2298 estin

151 2325 200 2383 ΡΜ
218 2325 321 2386 111111.
339 2325 416 2386 Laid.
435 2347 452 2386 1.
473 2329 553 2388 Voss.
567 2348 597 2384 11.

153 2413 299 2492 multisque
323 2415 396 2471 aliis:
425 2415 473 2472 laia
490 2416 534 2472 od
550 2438 595 2473 aa·

151 2503 295 2562 tricatam.
313 2503 361 2558 sed
375 2506 401 2571 7,
414 2505 458 2561 al.
476 2503 504 2559 iu
516 2502 539 2560 P
551 2522 595 2560 ve·

149 2608 208 2646 ram
220 2598 318 2646 nonen
332 2591 499 2667 repperimus
517 2588 596 2658 „Sn-

144 2678 272 2745 ,tiaulu“‚
284 2681 310 2743 9,
323 2678 367 2737 ab.
381 2678 410 2733 in
423 2675 481 2745 ΡΜ,
498 2679 595 2746 2210.

150 2764 180 2817 iu
196 2761 257 2821 Put.
276 2761 355 2822 colb.

113 2891 128 2910 ..
149 2870 184 2908 ao
216 2869 344 2925 numqua
377 2868 493 2906 omnam
525 2849 598 2908 belli

149 2939 258 2994 molem
274 2938 483 2994 inclinaturam
498 2955 596 2994 aensa-

149 3027 235 3083 1111111.-
257 3024 316 3084 ΡΜ.
343 3024 417 3082 Hace
434 3026 515 3082 verba
533 3045 595 3084 cnm

149 3113 322 3186 sequentibus
346 3112 450 3183 „simul
475 3111 594 3170 stimula·

95 3208 97 3213 ’
149 3198 197 3255 bat
212 3201 278 3256 ira“
290 3201 442 3270 cohaerere,
460 3203 595 3259 neminem

148 3283 254 3359 fugerit.

94 3373 123 3432 4.
149 3373 193 3429 ad
208 3376 390 3432 accersenda
399 3377 549 3435 aduersus
561 3394 612 3433 sa·

149 3462 284 3517 auxilia:
302 3461 365 3534 ΡΜ]
384 3464 418 3519 ad
435 3463 594 3520 arcessenda

143 3557 200 3607 cet.
220 3557 223 3563 “
247 3546 291 3606 Cf.
318 3551 348 3615 3,
373 3550 429 3608 lb:
460 3552 594 3609 arcessiri.

148 3637 193 3705 21,
207 3637 267 3695 bd:
281 3635 425 3695 PutColb.
434 3636 542 3696 Bamb.:
552 3657 594 3694 ac·

113 3711 124 3729 ⁸
148 3725 245 3780 censiti.
266 3723 301 3783 al.
439 3737 447 3750 ‘

95 3812 124 3870 5.
148 3830 203 3884 pro
223 3832 257 3869 aa
271 3813 397 3889 quisque
409 3813 528 3891 signum
542 3814 595 3887 pol

141 3917 249 3957 scam.-
268 3899 323 3958 ΡΜ.
345 3932 379 3942 -
402 3898 483 3958 Recc.
502 3898 595 3958 sadda

149 4005 270 4062 „prose
288 3989 403 4063 quisque
426 3990 531 4063 signum
547 4007 594 4063 pe·

150 4080 207 4130 tere
230 4076 333 4150 coepit,
356 4075 438 4131 duces
458 4078 594 4152 poscere“

738 2257 850 2294 nouum
870 2238 982 2295 ballum
1005 2257 1058 2296 aas
1076 2251 1185 2294 nouus·

739 2344 798 2400 qua
814 2323 911 2382 hostis
928 2333 1053 2383 terreret
1069 2332 1135 2382 cot.:
1153 2320 1185 2380 P.

738 2444 772 2456 -
790 2409 833 2468 ll:
852 2412 945 2489 paucis
964 2432 1030 2469 suos
1046 2411 1186 2468 adomtus

737 2498 956 2584 nonum-bellum
976 2519 1024 2557 eos
1045 2516 1186 2574 nouusque
1277 2532 1282 2541 -

736 2587 825 2645 bostis
848 2598 920 2644 trers
942 2587 1047 2664 quidqd
1067 2586 1102 2643 ab
1119 2584 1186 2643 urbe

737 2672 844 2749 lougius
870 2675 1009 2752 proferent
1038 2693 1120 2731 arma.
1149 2700 1184 2714 -

736 2760 802 2818 Pu:
821 2763 931 2836 „magis
943 2761 1081 2834 magisque
1097 2757 1184 2815 inbel-

737 2842 778 2902 les
796 2856 889 2922 gentes
907 2867 955 2903 eos
976 2845 1119 2921 prodirs“.
1148 2844 1184 2900 si·

736 2933 796 2991 mili
817 2933 916 2991 mendo
940 2935 968 2989 in
993 2932 1103 3006 optimis
1124 2931 1184 3008 qui·

737 3021 841 3100 busque
864 3020 944 3079 libris
961 3024 993 3090 3,
1011 3023 1037 3078 ὅ.
1053 3019 1184 3096 scriptum
1274 3083 1275 3086 Ἴ

736 3119 779 3166 est
793 3109 1184 3178 „incautmnbostem-eru·
1283 3156 1293 3167 ..

734 3198 798 3274 piu‘
824 3218 875 3275 pro
900 3200 951 3268 „in
975 3190 1183 3254 innutantis-

734 3290 835 3343 stcm“.
862 3284 896 3344 al.
931 3284 976 3341 Ad
1003 3283 1184 3340 accusativum

737 3373 888 3448 quidquid
916 3373 1037 3450 longius
1059 3366 1182 3446 'prosar-

736 3468 804 3516 rant
825 3476 893 3526 „um
910 3460 965 3515 wie
982 3457 1037 3516 viel
1059 3458 1100 3513 sie
1116 3455 1182 3511 wei·

737 3545 986 3603 11110111111111Ρ6
1014 3543 1049 3604 cf.
1071 3546 1103 3612 8,
1120 3544 1182 3600 aba
1221 3587 1228 3597 .
1303 3579 1305 3587 ν

737 3632 870 3710 quidquid
877 3633 1182 3709 progrediebanturtms·

737 3722 778 3795 gis
796 3721 934 3798 magisque
950 3722 1073 3778 turbatos
1088 3718 1182 3774 hostes

737 3807 889 3867 cernebant.
912 3809 956 3875 21,
974 3801 1182 3880 blnquidquid

736 3916 816 3952 aurae
839 3895 958 3952 fluminis
984 3893 1182 3969 adpropinqua·

735 3984 809 4051 bant,
838 3983 955 4040 adflabat
985 3981 1075 4038 acrior
1103 3977 1182 4054 luigo·

735 4073 773 4129 ris
791 4073 841 4130 vis.
1116 4074 1118 4078 ⁴

152 4167 214 4218 cet:
238 4163 315 4236 qnasi
337 4181 392 4220 uon
411 4160 466 4221 dno
486 4178 593 4219 aecusa-
665 4160 709 4218 ll.
737 4176 774 4216 ue
785 4152 987 4219 Sidicinorum
998 4159 1065 4210 min
1076 4150 1134 4210 ΡΜ.
1146 4180 1180 4193 -

910 4243 979 4313 16*
