2818 4728
521 398 525 406 ,
556 347 665 410 Liuutt
682 349 719 412 X.
1124 335 1192 404 639

83 519 142 578 aut
164 509 228 578 liae
250 505 368 600 pracda
391 511 533 580 contenti
556 511 631 580 estis
654 511 771 580 futuri?
796 510 892 580 vultis
913 522 973 579 vos
994 533 1054 602 pro
1076 511 1192 582 virtute
1303 503 1308 517 “

81 639 160 704 spes
188 639 314 705 gerere:
348 641 461 713 omnes
483 617 675 686 Samnitium
696 617 792 686 urbes
819 617 1029 709 fortunaeque
1056 617 1089 684 in
1110 618 1192 684 urbi-

81 720 145 786 bus
167 720 296 789 relictae
318 734 444 790 vestrae
466 735 555 807 sunt,
578 723 707 814 quando
729 721 871 818 legiones
894 746 1008 792 eorum
1028 733 1078 790 tot
1099 747 1190 812 proc.

81 825 133 892 liis
156 826 243 894 fusas
266 839 431 918 postremo
453 829 569 897 finibus
585 828 766 918 expulistis:
789 826 917 896 vendite
939 826 999 893 ista
1020 837 1053 894 et
1074 826 1190 893 inlicite

79 930 173 998 lucro
196 944 409 1001 mercatorem
430 945 467 1002 ut
487 944 641 1025 sequetur
662 956 793 1023 agmen:
829 956 891 1023 ego
919 931 1054 998 subinde
1079 943 1226 1021 suggeo

80 1060 152 1102 ram
176 1060 259 1127 qnae
282 1037 442 1109 vendetis:
477 1039 517 1105 ad
539 1037 732 1106 Romuleam
753 1038 868 1106 urbem
889 1036 964 1104 hinc
986 1054 1113 1120 eamus,
1135 1037 1191 1102 ubi

80 1165 143 1210 vos
172 1141 264 1210 labor
297 1141 383 1210 haud
416 1143 519 1211 maior
550 1144 669 1234 pracda
699 1143 810 1222 ¹maior
843 1145 988 1209 manet“.
1032 1142 1191 1212 divendita

81 1249 201 1336 praeda
229 1249 315 1316 ultro
344 1247 805 1341 adhortantesimperetorcm
832 1249 873 1314 ad
902 1246 1094 1315 Romuleam
1122 1271 1191 1338 per-

83 1363 178 1442 gunt:
213 1353 256 1420 ibi
279 1377 410 1444 quoque
435 1351 504 1422 sinc
527 1377 624 1445 opere
647 1353 717 1420 sine
737 1351 921 1435 tormentis,
944 1353 1039 1419 simul
1061 1353 1190 1422 admota
1276 1389 1279 1396 .

83 1469 160 1524 sunt
181 1458 279 1548 signa,
300 1459 436 1528 nullavi
458 1459 598 1528 deterriti
620 1485 639 1526 a
661 1459 760 1526 muris
784 1481 847 1548 qua
870 1457 986 1548 cuique
1008 1457 1190 1548 proximum
1205 1468 1240 1522 to

83 1562 145 1628 init
164 1563 260 1632 scalis
281 1563 398 1654 raptim
420 1563 557 1632 admotis
579 1564 614 1632 in
635 1564 763 1633 moenie
781 1585 927 1632 evasere:
950 1574 1081 1652 captum
1102 1561 1191 1653 oppi-

82 1667 162 1732 dum
183 1691 223 1734 ac
245 1668 406 1758 direptum
426 1680 490 1736 est:
513 1670 555 1736 ad
577 1669 743 1738 duomilia
764 1679 798 1736 et
819 1666 953 1736 trecenti
967 1668 1067 1737 occisi
1088 1679 1193 1736 etsex

81 1771 169 1838 milia
190 1771 360 1841 hominum
382 1785 490 1864 capta:
514 1787 547 1844 et
567 1774 660 1842 miles
674 1774 794 1866 ingenti
807 1773 926 1863 praeda
940 1775 1071 1864 potitus,
1093 1797 1192 1864 quam

56 1914 60 1924 ,
82 1877 225 1944 vendere
252 1877 298 1944 sic
326 1890 364 1946 ut
389 1879 530 1970 priorem
558 1891 690 1948 coaetus
716 1869 925 1946 Ferentinum
955 1878 1046 1962 inde,
1082 1901 1191 1967 quam-

82 2005 181 2070 quam
202 1981 280 2049 nihil
303 1984 418 2074 quietis
441 1985 583 2070 dabatur,
604 1997 714 2052 tamen
736 2008 862 2052 summa
884 1982 1044 2050 alacritate
1066 1983 1192 2050 ductus.
1207 1993 1239 2046 to

82 2098 227 2156 ceterum
248 2088 291 2154 ibi
314 2089 387 2179 plus
409 2089 528 2158 laboris
551 2115 590 2159 ac
611 2087 745 2183 periculi
767 2088 841 2156 iuitz
864 2100 897 2156 et
911 2088 1042 2156 defensa
1065 2111 1191 2155 summa

154 2218 216 2275 dam
251 2221 372 2276 contenti
408 2222 474 2277 estio
509 2221 601 2282 lutari.

153 2321 189 2359 m.
208 2301 244 2360 ΜΛ
264 2307 321 2364 oola
340 2339 374 2348 -
393 2309 501 2384 praede.
514 2341 547 2352 —
565 2309 601 2371 l’t

154 2387 205 2444 hac
221 2389 319 2466 proedo
337 2393 494 2468 conitientie
508 2398 601 2456 loturi.

155 2507 189 2518 —
203 2477 304 2536 Vallia
312 2503 321 2537 .·
330 2501 432 2549 „coeno
444 2481 488 2538 ihr
496 2483 601 2544 wollt“.

102 2565 128 2622 ³.
156 2566 279 2638 qnando
293 2568 428 2645 legiones
443 2591 546 2628 eorum
558 2581 603 2631 tot

151 2653 277 2724 proeliis
310 2637 408 2725 Juooe
448 2668 600 2731 postremo

147 2737 264 2810 finibus
295 2744 470 2814 expoliatio:
499 2744 534 2802 Μ.
565 2775 600 2786 -

152 2823 187 2879 P:
209 2824 265 2900 qiud
288 2822 408 2901 legiones
426 2839 476 2888 cet.
501 2853 535 2872 *-
562 2830 600 2887 l‘:

153 2911 264 2968 uendite
281 2914 332 2970 ista
356 2923 383 2971 et
404 2914 508 2974 inlicite
525 2916 600 2974 lucro

153 3009 601 3082 mercatoremutocqnaturagmcn.

155 3081 182 3141 Μ
204 3105 239 3141 m.
266 3089 307 3143 l.r
333 3100 360 3147 et
383 3092 503 3149 inlicitae
524 3092 600 3151 lucro

154 3181 304 3230 mercatore
322 3187 372 3236 eet.
390 3199 426 3237 nr.
441 3184 480 3238 ir
498 3201 600 3236 merca·

155 3267 222 3320 tore,
242 3261 322 3322 Recc.
336 3264 389 3320 duo
402 3265 495 3326 codd:
514 3275 541 3322 et
560 3270 600 3324 in-

152 3348 225 3405 licite
243 3349 318 3406 lnero
330 3363 492 3410 mercatores
511 3365 541 3410 ut
559 3375 600 3410 se·

155 3445 270 3513 quantur
281 3457 385 3515 agmen.
396 3471 430 3482 -
445 3441 528 3498 Paulo
538 3451 602 3520 post

153 3519 195 3580 ld:
232 3526 301 3594 ,3ubi
331 3546 381 3584 uos
415 3526 494 3585 labor
528 3528 601 3586 haud

152 3613 239 3668 maior
264 3614 364 3690 praede
395 3614 467 3672 ultro
496 3615 600 3692 adhorl

151 3708 239 3756 tantea
251 3702 459 3777 imperatorem“
469 3715 519 3764 eet.
533 3725 601 3782 quae

83 3832 88 3842 .
154 3787 311 3846 exciderant
331 3793 446 3867 margini
464 3813 500 3852 m.
518 3795 544 3851 2.
563 3795 600 3849 ita

147 3869 289 3948 ,adscripta
311 3889 387 3933 sunta
415 3879 523 3946 „maior
544 3899 599 3935 ma·

87 3963 97 3972 “
151 3967 207 4018 net.
225 3959 343 4018 dutedtra
362 3963 449 4042 βᾶθί

99 4047 125 4103 7.
151 4047 308 4106 diuendita
322 4051 455 4126 praedor
475 4050 499 4109 P
518 4073 554 4112 m.
573 4054 599 4112 Ξ.

743 2218 817 2284 nullu
836 2221 864 2276 ui
883 2219 1006 2276 deterriti
1025 2242 1038 2276 a
1057 2221 1150 2277 muris.
1168 2216 1191 2272 P

744 2329 784 2368 nri
801 2312 825 2367 1.
844 2325 941 2366 muner.
967 2340 1002 2351 -
1025 2309 1100 2380 Pur.
1119 2308 1146 2364 2.
1162 2303 1191 2362 Μ

687 2447 693 2464 „
742 2415 779 2453 ur.
797 2397 838 2453 3.τ
856 2395 885 2450 in
903 2395 1008 2450 moenia
1028 2411 1146 2451 euasere.
1170 2390 1191 2446 P

743 2503 780 2541 m.
806 2487 846 2542 1.:
875 2500 1007 2540 euasscre.
1037 2479 1065 2537 Μ
1087 2503 1124 2539 m.
1152 2483 1192 2540 1.t
1273 2537 1276 2552 ¹

744 2573 795 2640 „in
813 2570 1072 2648 municionem-0⁶⁸:
1091 2588 1192 2629 ezec.

737 2655 821 2716 'Leid
836 2677 854 2716 r.
873 2655 952 2714 Voss.
969 2675 1008 2715 rt:
1032 2659 1060 2713 in
1084 2658 1190 2713 moenia
1239 2671 1244 2683 ‘

737 2761 847 2804 ,uasere
865 2773 899 2787 »-
919 2741 962 2798 lll:
987 2753 1093 2819 captum
1113 2745 1191 2820 oppi-

743 2829 808 2886 dum
826 2827 995 2902 addireptrun
1017 2835 1041 2888 ἓ.
1111 2873 1115 2879 .

673 2917 716 2977 ii.
742 2915 792 2972 ad
805 2916 864 2972 duo
878 2915 939 2982 md,
949 2927 969 2968 tc
983 2931 1048 2975 ccc
1061 2919 1152 2973 occisi
1162 2926 1192 2974 et

747 3018 786 3062 rt
803 3005 858 3060 mrl
875 3003 1027 3090 hominum
1043 3005 1145 3078 copia:
1163 3003 1190 3060 Μ

742 3091 1191 3175 mik-mmmmm

723 3197 724 3202 ¹
743 3181 794 3236 uul
811 3179 958 3238 lominum.
977 3211 1010 3222 -—
1029 3179 1060 3234 ln
1078 3175 1156 3236 Leid.
1173 3197 1191 3238 ι.

743 3265 823 3327 Voss.
847 3285 875 3327 n.
901 3266 969 3326 Lov.
992 3268 1017 3326 i.
1046 3265 1192 3343 multisque

744 3353 806 3412 aliie
832 3353 913 3414 codd.
940 3353 1042 3411 excidit
1070 3342 1105 3411 ed
1129 3364 1192 3409 ante

744 3444 876 3502 trecenti.
906 3441 940 3502 cl.
968 3461 1009 3501 ex.
1036 3459 1076 3518 gr.
1098 3444 1129 3511 3⁸³
1152 3443 1192 3500 5.:

743 3529 914 3600 „duomilia
933 3540 962 3588 et
982 3529 1203 3608 quadringentoa¹

744 3623 870 3678 caesor‘.
898 3617 934 3674 de
949 3617 1082 3696 particula
1105 3617 1191 3682 ad·3‚
1258 3685 1272 3710 Ι

745 3705 803 3763 tn:
826 3703 859 3760 ad
886 3703 1033 3762 duomilia
1052 3704 1190 3761 homiuum

743 3801 771 3847 et
792 3794 940 3868 quingenti.
964 3823 1000 3835 -
1021 3788 1104 3847 Paulo
1127 3797 1191 3864 poot

741 3877 763 3934 P
777 3899 811 3939 m.
823 3883 860 3937 l.:
873 3888 990 3935 coactos.
1001 3911 1035 3921 -
1044 3877 1084 3935 dl:
1098 3897 1190 3955 quam·

741 3985 822 4044 quam
839 3966 907 4023 nihil
925 3967 1025 4043 quietis
1042 3965 1188 4026 datanr2.

741 4073 778 4114 m.
796 4057 835 4115 2:
854 4054 982 4113 dabarss.

151 4165 186 4176 -
204 4131 228 4190 Ρ
244 4155 280 4195 m.
300 4139 337 4195 1.:
353 4137 485 4198 dincditr.
509 4139 554 4199 Cl.
574 4144 599 4210 1,
671 4142 715 4200 16.
742 4151 771 4199 et
788 4141 920 4215 defenso
937 4161 1054 4199 commo
1069 4143 1102 4198 ui
1111 4160 1188 4198 moe·

150 4221 194 4280 53.
209 4253 242 4264 -
261 4222 345 4283 Paulo
363 4235 426 4303 post
438 4226 460 4282 Ρ
472 4231 547 4291 m.‚‘2.
559 4227 608 4283 lilr·

741 4230 794 4287 nio
806 4240 877 4288 eunt
888 4239 917 4288 ct
929 4239 991 4289 cot:
1003 4229 1060 4288 Pili.
1070 4259 1104 4272 -
1117 4227 1188 4288 Cod.
