<?xml version="1.0" encoding="UTF-8"?>
<!DOCTYPE html PUBLIC "-//W3C//DTD XHTML 1.0 Transitional//EN"
    "http://www.w3.org/TR/xhtml1/DTD/xhtml1-transitional.dtd">
<html xmlns="http://www.w3.org/1999/xhtml" xml:lang="en" lang="en">
 <head>
  <title>
</title>
<meta http-equiv="Content-Type" content="text/html;charset=utf-8" />
  <meta name='ocr-system' content='tesseract 3.04.00' />
  <meta name='ocr-capabilities' content='ocr_page ocr_carea ocr_par ocr_line ocrx_word'/>
</head>
<body>
  <div class='ocr_page' id='page_1' title='image "./titilivirerumro01alscgoog_0559.png"; bbox 0 0 2618 4590; ppageno 0'>
   <div class='ocr_carea' id='block_1_1' title="bbox 520 242 1270 366">
    <p class='ocr_par' dir='ltr' id='par_1_1' title="bbox 520 214 1270 366">
     <span class='ocr_line' id='line_1_1' title="bbox 520 242 1270 366; baseline 0.004 -49"><span class='ocrx_word' id='word_1_1' title='bbox 520 257 695 323; x_wconf 73' lang='lat' dir='ltr'>ursanus.</span> <span class='ocrx_word' id='word_1_2' title='bbox 1095 242 1209 366; x_wconf 20' lang='lat' dir='ltr'>altr</span> <span class='ocrx_word' id='word_1_3' title='bbox 1267 346 1270 357; x_wconf 21' lang='grc' dir='ltr'><strong><em>ι</em></strong></span> 
     </span>
    </p>
   </div>
   <div class='ocr_carea' id='block_1_2' title="bbox 55 420 1299 2392">
    <p class='ocr_par' dir='ltr' id='par_1_2' title="bbox 55 420 1299 2392">
     <span class='ocr_line' id='line_1_2' title="bbox 58 420 1159 512; baseline 0.005 -24"><span class='ocrx_word' id='word_1_4' title='bbox 58 431 267 512; x_wconf 72' lang='lat' dir='ltr'><strong>conparatum</strong></span> <span class='ocrx_word' id='word_1_5' title='bbox 296 445 314 489; x_wconf 91' lang='lat' dir='ltr'>a</span> <span class='ocrx_word' id='word_1_6' title='bbox 341 420 512 489; x_wconf 88' lang='lat' dir='ltr'>maioribus</span> <span class='ocrx_word' id='word_1_7' title='bbox 542 421 584 489; x_wconf 90' lang='lat' dir='ltr'>sit</span> <span class='ocrx_word' id='word_1_8' title='bbox 611 431 648 488; x_wconf 92' lang='lat' dir='ltr'>ut</span> <span class='ocrx_word' id='word_1_9' title='bbox 677 420 813 493; x_wconf 88' lang='lat' dir='ltr'>comitiis</span> <span class='ocrx_word' id='word_1_10' title='bbox 841 422 991 490; x_wconf 76' lang='lat' dir='ltr'>censoriis</span> <span class='ocrx_word' id='word_1_11' title='bbox 1013 422 1072 490; x_wconf 90' lang='lat' dir='ltr'>nisi</span> <span class='ocrx_word' id='word_1_12' title='bbox 1094 423 1159 493; x_wconf 86' lang='lat' dir='ltr'>duo</span> 
     </span>
     <span class='ocr_line' id='line_1_3' title="bbox 57 525 1279 617; baseline 0.002 -23"><span class='ocrx_word' id='word_1_13' title='bbox 57 527 256 594; x_wconf 83' lang='lat' dir='ltr'>conleeen&#39;nt</span> <span class='ocrx_word' id='word_1_14' title='bbox 276 525 414 616; x_wconf 80' lang='lat' dir='ltr'>legitima</span> <span class='ocrx_word' id='word_1_15' title='bbox 438 525 584 617; x_wconf 84' lang='lat' dir='ltr'>suffragia</span> <span class='ocrx_word' id='word_1_16' title='bbox 614 550 679 598; x_wconf 88' lang='lat' dir='ltr'>non</span> <span class='ocrx_word' id='word_1_17' title='bbox 706 526 885 598; x_wconf 86' lang='lat' dir='ltr'>renuntiato</span> <span class='ocrx_word' id='word_1_18' title='bbox 909 527 1008 595; x_wconf 86' lang='lat' dir='ltr'>altero</span> <span class='ocrx_word' id='word_1_19' title='bbox 1032 529 1159 603; x_wconf 75' lang='lat' dir='ltr'>comitia</span> <span class='ocrx_word' id='word_1_20' title='bbox 1277 528 1279 533; x_wconf 72' lang='grc'><strong>’</strong></span> 
     </span>
     <span class='ocr_line' id='line_1_4' title="bbox 57 627 1203 722; baseline 0.001 -25"><span class='ocrx_word' id='word_1_21' title='bbox 57 632 249 713; x_wconf 82' lang='lat' dir='ltr'>differantur,</span> <span class='ocrx_word' id='word_1_22' title='bbox 272 655 333 722; x_wconf 83' lang='lat' dir='ltr'>ego</span> <span class='ocrx_word' id='word_1_23' title='bbox 355 641 387 698; x_wconf 89' lang='lat' dir='ltr'>te</span> <span class='ocrx_word' id='word_1_24' title='bbox 410 629 466 720; x_wconf 89' lang='lat' dir='ltr'>qui</span> <span class='ocrx_word' id='word_1_25' title='bbox 487 631 576 701; x_wconf 86' lang='lat' dir='ltr'>solus</span> <span class='ocrx_word' id='word_1_26' title='bbox 598 655 712 699; x_wconf 85' lang='lat' dir='ltr'>censor</span> <span class='ocrx_word' id='word_1_27' title='bbox 727 631 826 698; x_wconf 88' lang='lat' dir='ltr'>creari</span> <span class='ocrx_word' id='word_1_28' title='bbox 840 654 908 701; x_wconf 89' lang='lat' dir='ltr'>non</span> <span class='ocrx_word' id='word_1_29' title='bbox 928 632 1032 721; x_wconf 90' lang='lat' dir='ltr'>possis</span> <span class='ocrx_word' id='word_1_30' title='bbox 1053 633 1159 707; x_wconf 84' lang='lat' dir='ltr'>solum</span> <span class='ocrx_word' id='word_1_31' title='bbox 1194 627 1203 646; x_wconf 73' lang='lat'><strong>⁴</strong></span> 
     </span>
     <span class='ocr_line' id='line_1_5' title="bbox 58 734 1159 826; baseline 0.003 -23"><span class='ocrx_word' id='word_1_32' title='bbox 58 760 226 803; x_wconf 83' lang='lat' dir='ltr'>censuram</span> <span class='ocrx_word' id='word_1_33' title='bbox 249 758 360 826; x_wconf 84' lang='lat' dir='ltr'>gerere</span> <span class='ocrx_word' id='word_1_34' title='bbox 382 734 517 824; x_wconf 86' lang='lat' dir='ltr'>patiar“.</span> <span class='ocrx_word' id='word_1_35' title='bbox 539 734 621 802; x_wconf 86' lang='lat' dir='ltr'>baec</span> <span class='ocrx_word' id='word_1_36' title='bbox 637 736 775 825; x_wconf 90' lang='lat' dir='ltr'>taliaque</span> <span class='ocrx_word' id='word_1_37' title='bbox 797 758 872 803; x_wconf 89' lang='lat' dir='ltr'>cum</span> <span class='ocrx_word' id='word_1_38' title='bbox 888 737 1027 818; x_wconf 76' lang='lat' dir='ltr'>dixisset</span> <span class='ocrx_word' id='word_1_39' title='bbox 1049 737 1159 825; x_wconf 82' lang='lat' dir='ltr'>prendi</span> 
     </span>
     <span class='ocr_line' id='line_1_6' title="bbox 58 838 1195 930; baseline -0.003 -21"><span class='ocrx_word' id='word_1_40' title='bbox 58 865 226 909; x_wconf 80' lang='lat' dir='ltr'>censorem</span> <span class='ocrx_word' id='word_1_41' title='bbox 248 852 282 908; x_wconf 90' lang='lat' dir='ltr'>et</span> <span class='ocrx_word' id='word_1_42' title='bbox 303 839 476 907; x_wconf 89' lang='lat' dir='ltr'>invincula</span> <span class='ocrx_word' id='word_1_43' title='bbox 499 839 572 907; x_wconf 92' lang='lat' dir='ltr'>duci</span> <span class='ocrx_word' id='word_1_44' title='bbox 586 838 690 907; x_wconf 86' lang='lat' dir='ltr'>iussit:</span> <span class='ocrx_word' id='word_1_45' title='bbox 714 839 963 930; x_wconf 79' lang='lat' dir='ltr'><strong>adprobantibus</strong></span> <span class='ocrx_word' id='word_1_46' title='bbox 984 864 1043 911; x_wconf 83' lang='lat' dir='ltr'>sex</span> <span class='ocrx_word' id='word_1_47' title='bbox 1064 840 1195 909; x_wconf 81' lang='lat' dir='ltr'>tribu-t</span> 
     </span>
     <span class='ocr_line' id='line_1_7' title="bbox 56 943 1160 1035; baseline 0 -22"><span class='ocrx_word' id='word_1_48' title='bbox 56 947 106 1013; x_wconf 93' lang='lat' dir='ltr'>nis</span> <span class='ocrx_word' id='word_1_49' title='bbox 129 946 287 1013; x_wconf 87' lang='lat' dir='ltr'>actionem</span> <span class='ocrx_word' id='word_1_50' title='bbox 310 945 453 1035; x_wconf 82' lang='lat' dir='ltr'>collegae</span> <span class='ocrx_word' id='word_1_51' title='bbox 474 955 539 1013; x_wconf 88' lang='lat' dir='ltr'>tres</span> <span class='ocrx_word' id='word_1_52' title='bbox 563 944 734 1035; x_wconf 76' lang='lat' dir='ltr'>appellanti</span> <span class='ocrx_word' id='word_1_53' title='bbox 755 943 860 1034; x_wconf 81' lang='lat' dir='ltr'>Appio</span> <span class='ocrx_word' id='word_1_54' title='bbox 884 945 1000 1015; x_wconf 84' lang='lat' dir='ltr'>auxilio</span> <span class='ocrx_word' id='word_1_55' title='bbox 1023 945 1160 1027; x_wconf 82' lang='lat' dir='ltr'>luerunt,</span> 
     </span>
     <span class='ocr_line' id='line_1_8' title="bbox 57 1048 1152 1141; baseline 0.001 -24"><span class='ocrx_word' id='word_1_56' title='bbox 57 1057 248 1141; x_wconf 87' lang='lat' dir='ltr'>summaque</span> <span class='ocrx_word' id='word_1_57' title='bbox 269 1048 385 1119; x_wconf 88' lang='lat' dir='ltr'>invidia</span> <span class='ocrx_word' id='word_1_58' title='bbox 408 1048 552 1117; x_wconf 87' lang='lat' dir='ltr'>omnium</span> <span class='ocrx_word' id='word_1_59' title='bbox 574 1049 721 1116; x_wconf 85' lang='lat' dir='ltr'>ordinum</span> <span class='ocrx_word' id='word_1_60' title='bbox 743 1049 838 1117; x_wconf 84' lang='lat' dir='ltr'>solus</span> <span class='ocrx_word' id='word_1_61' title='bbox 849 1073 1016 1119; x_wconf 86' lang='lat' dir='ltr'>censuram</span> <span class='ocrx_word' id='word_1_62' title='bbox 1031 1050 1152 1140; x_wconf 59' lang='lat' dir='ltr'>gessit„</span> 
     </span>
     <span class='ocr_line' id='line_1_9' title="bbox 142 1153 1159 1244; baseline 0.001 -22"><span class='ocrx_word' id='word_1_63' title='bbox 142 1154 281 1222; x_wconf 88' lang='lat' dir='ltr'><strong>XXXV.</strong></span> <span class='ocrx_word' id='word_1_64' title='bbox 325 1153 427 1224; x_wconf 85' lang='lat' dir='ltr'>Dum</span> <span class='ocrx_word' id='word_1_65' title='bbox 442 1177 481 1223; x_wconf 87' lang='lat' dir='ltr'>ea</span> <span class='ocrx_word' id='word_1_66' title='bbox 507 1153 632 1221; x_wconf 87' lang='lat' dir='ltr'>Romae</span> <span class='ocrx_word' id='word_1_67' title='bbox 661 1164 827 1244; x_wconf 81' lang='lat' dir='ltr'>gematur,</span> <span class='ocrx_word' id='word_1_68' title='bbox 855 1154 919 1219; x_wconf 90' lang='lat' dir='ltr'>iam</span> <span class='ocrx_word' id='word_1_69' title='bbox 948 1154 1091 1221; x_wconf 88' lang='lat' dir='ltr'>Sutrium</span> <span class='ocrx_word' id='word_1_70' title='bbox 1119 1156 1159 1223; x_wconf 93' lang='lat' dir='ltr'>ab</span> 
     </span>
     <span class='ocr_line' id='line_1_10' title="bbox 56 1252 1161 1350; baseline -0.001 -21"><span class='ocrx_word' id='word_1_71' title='bbox 56 1258 200 1329; x_wconf 72' lang='lat' dir='ltr'>Etruscis</span> <span class='ocrx_word' id='word_1_72' title='bbox 223 1257 428 1329; x_wconf 77' lang='lat' dir='ltr'>obsidebatur</span> <span class='ocrx_word' id='word_1_73' title='bbox 444 1257 632 1350; x_wconf 83' lang='lat' dir='ltr'>consulique</span> <span class='ocrx_word' id='word_1_74' title='bbox 650 1258 750 1326; x_wconf 81' lang='lat' dir='ltr'>Fabio</span> <span class='ocrx_word' id='word_1_75' title='bbox 765 1258 837 1327; x_wconf 88' lang='lat' dir='ltr'>imis</span> <span class='ocrx_word' id='word_1_76' title='bbox 853 1259 1016 1327; x_wconf 93' lang='lat' dir='ltr'>montibus</span> <span class='ocrx_word' id='word_1_77' title='bbox 1032 1252 1161 1329; x_wconf 89' lang='lat' dir='ltr'>duceriti</span> 
     </span>
     <span class='ocr_line' id='line_1_11' title="bbox 56 1359 1231 1456; baseline 0.003 -24"><span class='ocrx_word' id='word_1_78' title='bbox 56 1366 97 1432; x_wconf 91' lang='lat' dir='ltr'>ad</span> <span class='ocrx_word' id='word_1_79' title='bbox 120 1364 283 1432; x_wconf 80' lang='lat' dir='ltr'>ferendam</span> <span class='ocrx_word' id='word_1_80' title='bbox 296 1388 404 1455; x_wconf 25' lang='lat' dir='ltr'>:opem</span> <span class='ocrx_word' id='word_1_81' title='bbox 425 1359 520 1433; x_wconf 88' lang='lat' dir='ltr'>sociis</span> <span class='ocrx_word' id='word_1_82' title='bbox 542 1364 809 1455; x_wconf 80' lang='lat' dir='ltr'>temptandasque</span> <span class='ocrx_word' id='word_1_83' title='bbox 832 1363 1033 1431; x_wconf 46' lang='lat' dir='ltr'>munitiones*</span> <span class='ocrx_word' id='word_1_84' title='bbox 1046 1363 1072 1431; x_wconf 90' lang='lat' dir='ltr'>si</span> <span class='ocrx_word' id='word_1_85' title='bbox 1096 1388 1159 1456; x_wconf 81' lang='lat' dir='ltr'>qua</span> <span class='ocrx_word' id='word_1_86' title='bbox 1172 1375 1231 1435; x_wconf 79' lang='grc'>10,</span> 
     </span>
     <span class='ocr_line' id='line_1_12' title="bbox 56 1456 1160 1562; baseline 0.003 -26"><span class='ocrx_word' id='word_1_87' title='bbox 56 1480 183 1562; x_wconf 86' lang='lat' dir='ltr'>posset,</span> <span class='ocrx_word' id='word_1_88' title='bbox 210 1469 295 1536; x_wconf 85' lang='lat' dir='ltr'>acies</span> <span class='ocrx_word' id='word_1_89' title='bbox 316 1467 458 1535; x_wconf 89' lang='lat' dir='ltr'>bostium</span> <span class='ocrx_word' id='word_1_90' title='bbox 480 1456 631 1537; x_wconf 77' lang='lat' dir='ltr'>instructa</span> <span class='ocrx_word' id='word_1_91' title='bbox 661 1467 812 1551; x_wconf 87' lang='lat' dir='ltr'>occurrit,</span> <span class='ocrx_word' id='word_1_92' title='bbox 839 1492 977 1558; x_wconf 86' lang='lat' dir='ltr'>quorum</span> <span class='ocrx_word' id='word_1_93' title='bbox 997 1469 1160 1560; x_wconf 83' lang='lat' dir='ltr'>ingentem</span> 
     </span>
     <span class='ocr_line' id='line_1_13' title="bbox 55 1568 1264 1668; baseline -0.001 -26"><span class='ocrx_word' id='word_1_94' title='bbox 55 1572 293 1642; x_wconf 83' lang='lat' dir='ltr'>multitudinem</span> <span class='ocrx_word' id='word_1_95' title='bbox 310 1595 390 1642; x_wconf 86' lang='lat' dir='ltr'>cum</span> <span class='ocrx_word' id='word_1_96' title='bbox 413 1568 600 1641; x_wconf 79' lang='lat' dir='ltr'>ostenderet</span> <span class='ocrx_word' id='word_1_97' title='bbox 617 1573 760 1642; x_wconf 83' lang='lat' dir='ltr'>subiecta</span> <span class='ocrx_word' id='word_1_98' title='bbox 782 1571 846 1639; x_wconf 89' lang='lat' dir='ltr'>late</span> <span class='ocrx_word' id='word_1_99' title='bbox 867 1572 1024 1668; x_wconf 77' lang='lat' dir='ltr'>planities,</span> <span class='ocrx_word' id='word_1_100' title='bbox 1046 1568 1160 1643; x_wconf 79' lang='lat' dir='ltr'>consul</span> <span class='ocrx_word' id='word_1_101' title='bbox 1258 1579 1264 1587; x_wconf 84' lang='lat'><strong><em>‘</em></strong></span> 
     </span>
     <span class='ocr_line' id='line_1_14' title="bbox 56 1676 1160 1767; baseline 0.002 -22"><span class='ocrx_word' id='word_1_102' title='bbox 56 1690 92 1745; x_wconf 91' lang='lat' dir='ltr'>ut</span> <span class='ocrx_word' id='word_1_103' title='bbox 113 1678 188 1744; x_wconf 93' lang='lat' dir='ltr'>loco</span> <span class='ocrx_word' id='word_1_104' title='bbox 208 1676 402 1767; x_wconf 81' lang='lat' dir='ltr'>paucitatem</span> <span class='ocrx_word' id='word_1_105' title='bbox 425 1678 743 1759; x_wconf 71' lang='lat' dir='ltr'>suorum=adiuvaret</span> <span class='ocrx_word' id='word_1_106' title='bbox 756 1677 855 1743; x_wconf 85' lang='lat' dir='ltr'>flectit</span> <span class='ocrx_word' id='word_1_107' title='bbox 870 1678 1037 1766; x_wconf 90' lang='lat' dir='ltr'>paululum</span> <span class='ocrx_word' id='word_1_108' title='bbox 1058 1679 1091 1747; x_wconf 91' lang='lat' dir='ltr'>in</span> <span class='ocrx_word' id='word_1_109' title='bbox 1107 1679 1160 1747; x_wconf 84' lang='lat' dir='ltr'>cti·</span> 
     </span>
     <span class='ocr_line' id='line_1_15' title="bbox 59 1781 1158 1872; baseline 0.002 -23"><span class='ocrx_word' id='word_1_110' title='bbox 59 1806 118 1850; x_wconf 85' lang='lat' dir='ltr'>vos</span> <span class='ocrx_word' id='word_1_111' title='bbox 141 1804 257 1871; x_wconf 81' lang='lat' dir='ltr'>agmen</span> <span class='ocrx_word' id='word_1_112' title='bbox 278 1820 322 1852; x_wconf 81' lang='grc'>,-</span> <span class='ocrx_word' id='word_1_113' title='bbox 345 1792 472 1872; x_wconf 80' lang='lat' dir='ltr'>aspreta</span> <span class='ocrx_word' id='word_1_114' title='bbox 495 1794 585 1851; x_wconf 87' lang='lat' dir='ltr'>erant</span> <span class='ocrx_word' id='word_1_115' title='bbox 605 1793 702 1849; x_wconf 88' lang='lat' dir='ltr'>strata</span> <span class='ocrx_word' id='word_1_116' title='bbox 724 1781 810 1849; x_wconf 84' lang='lat' dir='ltr'>saxis</span> <span class='ocrx_word' id='word_1_117' title='bbox 831 1818 891 1864; x_wconf 87' lang='lat'>-‚</span> <span class='ocrx_word' id='word_1_118' title='bbox 920 1782 994 1848; x_wconf 91' lang='lat' dir='ltr'>iude</span> <span class='ocrx_word' id='word_1_119' title='bbox 1016 1782 1105 1872; x_wconf 76' lang='lat' dir='ltr'>signa</span> <span class='ocrx_word' id='word_1_120' title='bbox 1125 1782 1158 1851; x_wconf 91' lang='lat' dir='ltr'>in</span> 
     </span>
     <span class='ocr_line' id='line_1_16' title="bbox 56 1885 1299 1976; baseline -0.001 -22"><span class='ocrx_word' id='word_1_121' title='bbox 56 1888 185 1954; x_wconf 87' lang='lat' dir='ltr'>bostem</span> <span class='ocrx_word' id='word_1_122' title='bbox 207 1885 354 1953; x_wconf 82' lang='lat' dir='ltr'>obvertit.</span> <span class='ocrx_word' id='word_1_123' title='bbox 392 1885 519 1954; x_wconf 84' lang='lat' dir='ltr'>Etrusci</span> <span class='ocrx_word' id='word_1_124' title='bbox 542 1886 686 1955; x_wconf 89' lang='lat' dir='ltr'>omnium</span> <span class='ocrx_word' id='word_1_125' title='bbox 713 1897 840 1976; x_wconf 89' lang='lat' dir='ltr'>praeter</span> <span class='ocrx_word' id='word_1_126' title='bbox 867 1910 965 1976; x_wconf 84' lang='lat' dir='ltr'>quam</span> <span class='ocrx_word' id='word_1_127' title='bbox 987 1887 1158 1955; x_wconf 91' lang='lat' dir='ltr'>multitudi-</span> <span class='ocrx_word' id='word_1_128' title='bbox 1173 1900 1232 1962; x_wconf 78' lang='lat' dir='ltr'>tt.</span> <span class='ocrx_word' id='word_1_129' title='bbox 1296 1922 1299 1931; x_wconf 93' lang='lat'>·</span> 
     </span>
     <span class='ocr_line' id='line_1_17' title="bbox 57 1989 1160 2080; baseline -0.002 -21"><span class='ocrx_word' id='word_1_130' title='bbox 57 1993 105 2059; x_wconf 91' lang='lat' dir='ltr'>nis</span> <span class='ocrx_word' id='word_1_131' title='bbox 134 2014 211 2057; x_wconf 88' lang='lat' dir='ltr'>suae</span> <span class='ocrx_word' id='word_1_132' title='bbox 240 2014 303 2079; x_wconf 89' lang='lat' dir='ltr'>qua</span> <span class='ocrx_word' id='word_1_133' title='bbox 331 1990 401 2058; x_wconf 88' lang='lat' dir='ltr'>sola</span> <span class='ocrx_word' id='word_1_134' title='bbox 429 1990 502 2058; x_wconf 86' lang='lat' dir='ltr'>freti</span> <span class='ocrx_word' id='word_1_135' title='bbox 529 2003 618 2059; x_wconf 86' lang='lat' dir='ltr'>eraut</span> <span class='ocrx_word' id='word_1_136' title='bbox 646 1991 839 2065; x_wconf 90' lang='lat' dir='ltr'>inmemores</span> <span class='ocrx_word' id='word_1_137' title='bbox 870 1989 1028 2080; x_wconf 90' lang='lat' dir='ltr'>proelium</span> <span class='ocrx_word' id='word_1_138' title='bbox 1047 1990 1160 2066; x_wconf 85' lang='lat' dir='ltr'>ineunt</span> 
     </span>
     <span class='ocr_line' id='line_1_18' title="bbox 57 2094 1159 2190; baseline 0 -27"><span class='ocrx_word' id='word_1_139' title='bbox 57 2097 139 2163; x_wconf 88' lang='lat' dir='ltr'>adeo</span> <span class='ocrx_word' id='word_1_140' title='bbox 161 2094 276 2184; x_wconf 89' lang='lat' dir='ltr'>raptim</span> <span class='ocrx_word' id='word_1_141' title='bbox 299 2105 331 2161; x_wconf 92' lang='lat' dir='ltr'>et</span> <span class='ocrx_word' id='word_1_142' title='bbox 353 2095 443 2162; x_wconf 87' lang='lat' dir='ltr'>avide</span> <span class='ocrx_word' id='word_1_143' title='bbox 459 2108 495 2163; x_wconf 90' lang='lat' dir='ltr'>ut</span> <span class='ocrx_word' id='word_1_144' title='bbox 510 2095 640 2163; x_wconf 86' lang='lat' dir='ltr'>abiectis</span> <span class='ocrx_word' id='word_1_145' title='bbox 655 2095 836 2178; x_wconf 87' lang='lat' dir='ltr'>missilibus,</span> <span class='ocrx_word' id='word_1_146' title='bbox 860 2119 925 2185; x_wconf 94' lang='lat' dir='ltr'>quo</span> <span class='ocrx_word' id='word_1_147' title='bbox 942 2096 1077 2163; x_wconf 85' lang='lat' dir='ltr'>celerius</span> <span class='ocrx_word' id='word_1_148' title='bbox 1094 2120 1159 2190; x_wconf 70' lang='lat' dir='ltr'>mq-</span> 
     </span>
     <span class='ocr_line' id='line_1_19' title="bbox 57 2199 1200 2292; baseline -0.001 -24"><span class='ocrx_word' id='word_1_149' title='bbox 57 2224 117 2268; x_wconf 91' lang='lat' dir='ltr'>uus</span> <span class='ocrx_word' id='word_1_150' title='bbox 147 2209 366 2284; x_wconf 81' lang='lat' dir='ltr'>consererent,</span> <span class='ocrx_word' id='word_1_151' title='bbox 397 2201 587 2292; x_wconf 84' lang='lat' dir='ltr'>stringerent</span> <span class='ocrx_word' id='word_1_152' title='bbox 614 2199 735 2290; x_wconf 84' lang='lat' dir='ltr'>gladios</span> <span class='ocrx_word' id='word_1_153' title='bbox 769 2199 923 2267; x_wconf 88' lang='lat' dir='ltr'>vadentes</span> <span class='ocrx_word' id='word_1_154' title='bbox 949 2199 982 2266; x_wconf 91' lang='lat' dir='ltr'>iu</span> <span class='ocrx_word' id='word_1_155' title='bbox 1014 2200 1159 2269; x_wconf 85' lang='lat' dir='ltr'>hostem:</span> <span class='ocrx_word' id='word_1_156' title='bbox 1196 2238 1200 2253; x_wconf 45' lang='lat' dir='ltr'>r</span> 
     </span>
     <span class='ocr_line' id='line_1_20' title="bbox 57 2292 1159 2392; baseline -0.002 -18"><span class='ocrx_word' id='word_1_157' title='bbox 57 2307 221 2374; x_wconf 87' lang='lat' dir='ltr'>Romanus</span> <span class='ocrx_word' id='word_1_158' title='bbox 244 2316 354 2372; x_wconf 88' lang='lat' dir='ltr'>eontra</span> <span class='ocrx_word' id='word_1_159' title='bbox 375 2292 461 2373; x_wconf 89' lang='lat' dir='ltr'>nune</span> <span class='ocrx_word' id='word_1_160' title='bbox 482 2306 548 2374; x_wconf 88' lang='lat' dir='ltr'>tela</span> <span class='ocrx_word' id='word_1_161' title='bbox 570 2329 655 2371; x_wconf 90' lang='lat' dir='ltr'>nune</span> <span class='ocrx_word' id='word_1_162' title='bbox 684 2327 777 2387; x_wconf 89' lang='lat' dir='ltr'>saxa,</span> <span class='ocrx_word' id='word_1_163' title='bbox 810 2303 926 2392; x_wconf 90' lang='lat' dir='ltr'>quibus</span> <span class='ocrx_word' id='word_1_164' title='bbox 949 2327 1006 2370; x_wconf 89' lang='lat' dir='ltr'>eos</span> <span class='ocrx_word' id='word_1_165' title='bbox 1030 2304 1159 2372; x_wconf 86' lang='lat' dir='ltr'>adfatim</span> 
     </span>
    </p>
   </div>
   <div class='ocr_carea' id='block_1_3' title="bbox 75 2446 1159 2531">
    <p class='ocr_par' dir='ltr' id='par_1_3' title="bbox 75 2446 1159 2531">
     <span class='ocr_line' id='line_1_21' title="bbox 75 2446 1159 2531; baseline 0.002 -22"><span class='ocrx_word' id='word_1_166' title='bbox 75 2456 101 2512; x_wconf 78' lang='lat' dir='ltr'>l.</span> <span class='ocrx_word' id='word_1_167' title='bbox 127 2455 201 2511; x_wconf 83' lang='lat' dir='ltr'>haec</span> <span class='ocrx_word' id='word_1_168' title='bbox 217 2454 351 2531; x_wconf 78' lang='lat' dir='ltr'>taliaque</span> <span class='ocrx_word' id='word_1_169' title='bbox 364 2473 429 2510; x_wconf 85' lang='lat' dir='ltr'>cum</span> <span class='ocrx_word' id='word_1_170' title='bbox 443 2446 574 2512; x_wconf 73' lang='lat' dir='ltr'>dixisset</span> <span class='ocrx_word' id='word_1_171' title='bbox 715 2451 807 2508; x_wconf 84' lang='lat' dir='ltr'>flectit&#39;</span> <span class='ocrx_word' id='word_1_172' title='bbox 836 2449 972 2527; x_wconf 87' lang='lat' dir='ltr'>paululum</span> <span class='ocrx_word' id='word_1_173' title='bbox 1009 2454 1037 2509; x_wconf 92' lang='lat' dir='ltr'>in</span> <span class='ocrx_word' id='word_1_174' title='bbox 1073 2454 1159 2511; x_wconf 82' lang='lat' dir='ltr'>cliuos</span> 
     </span>
    </p>
   </div>
   <div class='ocr_carea' id='block_1_4' title="bbox 125 2541 573 2618">
    <p class='ocr_par' dir='ltr' id='par_1_4' title="bbox 125 2541 573 2618">
     <span class='ocr_line' id='line_1_22' title="bbox 125 2541 573 2618; baseline -0.004 -20"><span class='ocrx_word' id='word_1_175' title='bbox 125 2541 236 2618; x_wconf 79' lang='lat' dir='ltr'>prendi</span> <span class='ocrx_word' id='word_1_176' title='bbox 251 2560 403 2598; x_wconf 77' lang='lat' dir='ltr'>censorem</span> <span class='ocrx_word' id='word_1_177' title='bbox 419 2551 450 2598; x_wconf 81' lang='lat' dir='ltr'>ct</span> <span class='ocrx_word' id='word_1_178' title='bbox 467 2543 498 2597; x_wconf 80' lang='lat' dir='ltr'>iu</span> <span class='ocrx_word' id='word_1_179' title='bbox 510 2543 573 2597; x_wconf 79' lang='lat' dir='ltr'>uia·</span> 
     </span>
    </p>
   </div>
   <div class='ocr_carea' id='block_1_5' title="bbox 714 2534 1308 2614">
    <p class='ocr_par' dir='ltr' id='par_1_5' title="bbox 714 2534 1308 2614">
     <span class='ocr_line' id='line_1_23' title="bbox 714 2534 1308 2614; baseline 0.015 -20"><span class='ocrx_word' id='word_1_180' title='bbox 714 2543 841 2614; x_wconf 79' lang='lat' dir='ltr'>agmen“.</span> <span class='ocrx_word' id='word_1_181' title='bbox 878 2540 948 2596; x_wconf 86' lang='lat' dir='ltr'>lline</span> <span class='ocrx_word' id='word_1_182' title='bbox 984 2538 1051 2599; x_wconf 81' lang='lat' dir='ltr'>Pell.</span> <span class='ocrx_word' id='word_1_183' title='bbox 1082 2546 1107 2602; x_wconf 90' lang='lat'>1.</span> <span class='ocrx_word' id='word_1_184' title='bbox 1134 2545 1176 2600; x_wconf 60' lang='lat'>3:</span> <span class='ocrx_word' id='word_1_185' title='bbox 1236 2534 1239 2539; x_wconf 41' lang='grc'><em>’</em></span> <span class='ocrx_word' id='word_1_186' title='bbox 1299 2592 1308 2603; x_wconf 87' lang='grc'><strong><em>,</em></strong></span> 
     </span>
    </p>
   </div>
   <div class='ocr_carea' id='block_1_6' title="bbox 23 2626 576 3124">
    <p class='ocr_par' dir='ltr' id='par_1_6' title="bbox 23 2626 573 3033">
     <span class='ocr_line' id='line_1_24' title="bbox 23 2626 572 2701; baseline -0.002 -17"><span class='ocrx_word' id='word_1_187' title='bbox 23 2686 27 2701; x_wconf 43' lang='lat'><strong>¹</strong></span> <span class='ocrx_word' id='word_1_188' title='bbox 128 2629 197 2684; x_wconf 81' lang='lat' dir='ltr'>cula</span> <span class='ocrx_word' id='word_1_189' title='bbox 226 2627 297 2684; x_wconf 78' lang='lat' dir='ltr'>duci</span> <span class='ocrx_word' id='word_1_190' title='bbox 325 2631 425 2685; x_wconf 75' lang='lat' dir='ltr'>iussit:</span> <span class='ocrx_word' id='word_1_191' title='bbox 452 2626 508 2686; x_wconf 80' lang='grc' dir='ltr'>ΡΜ.</span> <span class='ocrx_word' id='word_1_192' title='bbox 538 2658 572 2668; x_wconf 92' lang='grc'>-</span> 
     </span>
     <span class='ocr_line' id='line_1_25' title="bbox 128 2712 573 2789; baseline -0.002 -19"><span class='ocrx_word' id='word_1_193' title='bbox 128 2715 210 2771; x_wconf 86' lang='lat' dir='ltr'>Reec.</span> <span class='ocrx_word' id='word_1_194' title='bbox 228 2713 301 2788; x_wconf 90' lang='lat' dir='ltr'>quid.</span> <span class='ocrx_word' id='word_1_195' title='bbox 322 2713 414 2771; x_wconf 82' lang='lat' dir='ltr'>codd:</span> <span class='ocrx_word' id='word_1_196' title='bbox 432 2712 573 2789; x_wconf 87' lang='lat' dir='ltr'>prehendi.</span> 
     </span>
     <span class='ocr_line' id='line_1_26' title="bbox 127 2790 573 2858; baseline -0.004 -2"><span class='ocrx_word' id='word_1_197' title='bbox 127 2799 257 2857; x_wconf 81' lang='lat' dir='ltr'>Vosa.1.:</span> <span class='ocrx_word' id='word_1_198' title='bbox 283 2802 310 2855; x_wconf 90' lang='lat' dir='ltr'>iu</span> <span class='ocrx_word' id='word_1_199' title='bbox 332 2799 421 2855; x_wconf 88' lang='lat' dir='ltr'>uincla</span> <span class='ocrx_word' id='word_1_200' title='bbox 444 2790 515 2858; x_wconf 81' lang='lat' dir='ltr'>duel.</span> <span class='ocrx_word' id='word_1_201' title='bbox 539 2831 573 2841; x_wconf 96' lang='lat'>-</span> 
     </span>
     <span class='ocr_line' id='line_1_27' title="bbox 128 2884 573 2964; baseline -0.004 -20"><span class='ocrx_word' id='word_1_202' title='bbox 128 2887 167 2944; x_wconf 82' lang='lat' dir='ltr'>lll:</span> <span class='ocrx_word' id='word_1_203' title='bbox 192 2896 247 2942; x_wconf 88' lang='lat' dir='ltr'>tres</span> <span class='ocrx_word' id='word_1_204' title='bbox 265 2884 411 2964; x_wconf 79' lang='lat' dir='ltr'>appellanti</span> <span class='ocrx_word' id='word_1_205' title='bbox 429 2888 510 2963; x_wconf 86' lang='lat' dir='ltr'>appio</span> <span class='ocrx_word' id='word_1_206' title='bbox 528 2906 573 2943; x_wconf 88' lang='lat' dir='ltr'>au·</span> 
     </span>
     <span class='ocr_line' id='line_1_28' title="bbox 127 2974 378 3033; baseline -0.008 -1"><span class='ocrx_word' id='word_1_207' title='bbox 127 2974 193 3032; x_wconf 85' lang='lat' dir='ltr'>xilio</span> <span class='ocrx_word' id='word_1_208' title='bbox 212 2975 325 3033; x_wconf 78' lang='lat' dir='ltr'>luerent.</span> <span class='ocrx_word' id='word_1_209' title='bbox 376 2993 378 2996; x_wconf 89' lang='lat'>·</span> 
     </span>
    </p>

    <p class='ocr_par' dir='ltr' id='par_1_7' title="bbox 75 3059 576 3124">
     <span class='ocr_line' id='line_1_29' title="bbox 75 3059 576 3124; baseline -0.008 -4"><span class='ocrx_word' id='word_1_210' title='bbox 75 3067 102 3124; x_wconf 80' lang='grc'>9.</span> <span class='ocrx_word' id='word_1_211' title='bbox 129 3064 196 3119; x_wconf 82' lang='lat' dir='ltr'>imis</span> <span class='ocrx_word' id='word_1_212' title='bbox 219 3061 366 3117; x_wconf 81' lang='lat' dir='ltr'>montibus</span> <span class='ocrx_word' id='word_1_213' title='bbox 389 3059 511 3117; x_wconf 77' lang='lat' dir='ltr'>ducenti</span> <span class='ocrx_word' id='word_1_214' title='bbox 532 3060 576 3116; x_wconf 78' lang='lat' dir='ltr'>od</span> 
     </span>
    </p>
   </div>
   <div class='ocr_carea' id='block_1_7' title="bbox 120 3149 592 3223">
    <p class='ocr_par' dir='ltr' id='par_1_8' title="bbox 120 3149 592 3223">
     <span class='ocr_line' id='line_1_30' title="bbox 120 3149 592 3223; baseline -0.004 -19"><span class='ocrx_word' id='word_1_215' title='bbox 120 3149 285 3223; x_wconf 80' lang='lat' dir='ltr'>ferendam</span> <span class='ocrx_word' id='word_1_216' title='bbox 305 3157 388 3222; x_wconf 75' lang='lat' dir='ltr'>opem</span> <span class='ocrx_word' id='word_1_217' title='bbox 400 3149 490 3205; x_wconf 75' lang='lat' dir='ltr'>sociis</span> <span class='ocrx_word' id='word_1_218' title='bbox 504 3157 574 3204; x_wconf 86' lang='lat' dir='ltr'>tem·</span> <span class='ocrx_word' id='word_1_219' title='bbox 590 3184 592 3193; x_wconf 60' lang='grc' dir='ltr'>ι</span> 
     </span>
    </p>
   </div>
   <div class='ocr_carea' id='block_1_8' title="bbox 118 3235 576 3920">
    <p class='ocr_par' dir='ltr' id='par_1_9' title="bbox 118 3235 576 3920">
     <span class='ocr_line' id='line_1_31' title="bbox 127 3235 574 3313; baseline -0.007 -21"><span class='ocrx_word' id='word_1_220' title='bbox 127 3235 574 3313; x_wconf 78' lang='lat' dir='ltr'>ptondaaq.mreoitioneseiquo</span> 
     </span>
     <span class='ocr_line' id='line_1_32' title="bbox 126 3321 575 3400; baseline -0.004 -22"><span class='ocrx_word' id='word_1_221' title='bbox 126 3331 244 3400; x_wconf 76' lang='lat' dir='ltr'>posset:</span> <span class='ocrx_word' id='word_1_222' title='bbox 267 3322 289 3377; x_wconf 89' lang='lat' dir='ltr'><strong>P</strong></span> <span class='ocrx_word' id='word_1_223' title='bbox 306 3343 342 3382; x_wconf 90' lang='lat' dir='ltr'>m.</span> <span class='ocrx_word' id='word_1_224' title='bbox 365 3325 391 3378; x_wconf 57' lang='grc' dir='ltr'>ἢ.</span> <span class='ocrx_word' id='word_1_225' title='bbox 409 3321 449 3378; x_wconf 85' lang='lat' dir='ltr'>lll:</span> <span class='ocrx_word' id='word_1_226' title='bbox 472 3341 575 3391; x_wconf 85' lang='lat' dir='ltr'>„wenn</span> 
     </span>
     <span class='ocr_line' id='line_1_33' title="bbox 130 3408 576 3483; baseline -0.007 -17"><span class='ocrx_word' id='word_1_227' title='bbox 130 3430 160 3466; x_wconf 88' lang='lat' dir='ltr'>er</span> <span class='ocrx_word' id='word_1_228' title='bbox 189 3408 237 3464; x_wconf 84' lang='lat' dir='ltr'>auf</span> <span class='ocrx_word' id='word_1_229' title='bbox 267 3409 362 3483; x_wconf 81' lang='lat' dir='ltr'>irgend</span> <span class='ocrx_word' id='word_1_230' title='bbox 390 3411 450 3465; x_wconf 88' lang='lat' dir='ltr'>eine</span> <span class='ocrx_word' id='word_1_231' title='bbox 479 3408 576 3466; x_wconf 73' lang='lat' dir='ltr'>Weiss</span> 
     </span>
     <span class='ocr_line' id='line_1_34' title="bbox 131 3495 575 3555; baseline -0.009 0"><span class='ocrx_word' id='word_1_232' title='bbox 131 3497 199 3555; x_wconf 85' lang='lat' dir='ltr'>daza</span> <span class='ocrx_word' id='word_1_233' title='bbox 226 3495 350 3552; x_wconf 75' lang='lat' dir='ltr'>lammeri</span> <span class='ocrx_word' id='word_1_234' title='bbox 376 3495 508 3554; x_wconf 80' lang='lat' dir='ltr'>lrbnnto“.</span> <span class='ocrx_word' id='word_1_235' title='bbox 542 3495 575 3552; x_wconf 90' lang='lat' dir='ltr'>ln</span> 
     </span>
     <span class='ocr_line' id='line_1_35' title="bbox 130 3583 575 3660; baseline -0.002 -20"><span class='ocrx_word' id='word_1_236' title='bbox 130 3583 208 3641; x_wconf 81' lang='lat' dir='ltr'>Laid.</span> <span class='ocrx_word' id='word_1_237' title='bbox 220 3603 236 3642; x_wconf 90' lang='lat'>1.</span> <span class='ocrx_word' id='word_1_238' title='bbox 249 3585 379 3660; x_wconf 89' lang='lat' dir='ltr'>seriptum</span> <span class='ocrx_word' id='word_1_239' title='bbox 392 3591 434 3639; x_wconf 84' lang='lat' dir='ltr'>est</span> <span class='ocrx_word' id='word_1_240' title='bbox 450 3584 496 3651; x_wconf 83' lang='lat' dir='ltr'>„ei</span> <span class='ocrx_word' id='word_1_241' title='bbox 507 3602 575 3659; x_wconf 87' lang='lat' dir='ltr'>quas</span> 
     </span>
     <span class='ocr_line' id='line_1_36' title="bbox 118 3670 574 3747; baseline -0.002 -20"><span class='ocrx_word' id='word_1_242' title='bbox 118 3670 574 3747; x_wconf 82' lang='lat' dir='ltr'>.posset“:scilmunitiouestem·</span> 
     </span>
     <span class='ocr_line' id='line_1_37' title="bbox 131 3755 574 3836; baseline 0.007 -23"><span class='ocrx_word' id='word_1_243' title='bbox 131 3768 216 3836; x_wconf 84' lang='lat' dir='ltr'>ptare.</span> <span class='ocrx_word' id='word_1_244' title='bbox 228 3756 296 3812; x_wconf 91' lang='lat' dir='ltr'>-P</span> <span class='ocrx_word' id='word_1_245' title='bbox 314 3777 349 3812; x_wconf 91' lang='lat' dir='ltr'>m.</span> <span class='ocrx_word' id='word_1_246' title='bbox 370 3761 408 3812; x_wconf 82' lang='lat'>1.:</span> <span class='ocrx_word' id='word_1_247' title='bbox 426 3755 574 3833; x_wconf 77' lang='lat' dir='ltr'>tetenderq.</span> 
     </span>
     <span class='ocr_line' id='line_1_38' title="bbox 131 3843 575 3920; baseline -0.002 -19"><span class='ocrx_word' id='word_1_248' title='bbox 131 3843 175 3904; x_wconf 86' lang='lat' dir='ltr'>Cl.</span> <span class='ocrx_word' id='word_1_249' title='bbox 181 3850 208 3912; x_wconf 83' lang='lat'>9,</span> <span class='ocrx_word' id='word_1_250' title='bbox 215 3847 257 3903; x_wconf 72' lang='lat'>22.</span> <span class='ocrx_word' id='word_1_251' title='bbox 266 3865 272 3899; x_wconf 75' lang='grc' dir='ltr'><strong>ι</strong></span> <span class='ocrx_word' id='word_1_252' title='bbox 282 3843 575 3920; x_wconf 64' lang='lat' dir='ltr'>temptabant-ibus.-</span> 
     </span>
    </p>
   </div>
   <div class='ocr_carea' id='block_1_9' title="bbox 131 3930 601 4010">
    <p class='ocr_par' dir='ltr' id='par_1_10' title="bbox 131 3930 601 4010">
     <span class='ocr_line' id='line_1_39' title="bbox 131 3930 601 4010; baseline 0 -23"><span class='ocrx_word' id='word_1_253' title='bbox 131 3931 166 3988; x_wconf 91' lang='lat' dir='ltr'>P:</span> <span class='ocrx_word' id='word_1_254' title='bbox 185 3933 304 3988; x_wconf 79' lang='lat' dir='ltr'>subiecta</span> <span class='ocrx_word' id='word_1_255' title='bbox 316 3930 369 3989; x_wconf 81' lang='lat' dir='ltr'>late</span> <span class='ocrx_word' id='word_1_256' title='bbox 380 3930 518 4010; x_wconf 78' lang='lat' dir='ltr'>planicies.</span> <span class='ocrx_word' id='word_1_257' title='bbox 535 3930 575 3990; x_wconf 82' lang='lat' dir='ltr'>ll:</span> <span class='ocrx_word' id='word_1_258' title='bbox 599 4003 601 4010; x_wconf 12' lang='lat' dir='ltr'>X</span> 
     </span>
    </p>
   </div>
   <div class='ocr_carea' id='block_1_10' title="bbox 131 4018 576 4177">
    <p class='ocr_par' dir='ltr' id='par_1_11' title="bbox 131 4018 576 4177">
     <span class='ocr_line' id='line_1_40' title="bbox 131 4018 574 4094; baseline 0 -20"><span class='ocrx_word' id='word_1_259' title='bbox 131 4018 259 4074; x_wconf 80' lang='lat' dir='ltr'>subnecte</span> <span class='ocrx_word' id='word_1_260' title='bbox 287 4018 342 4075; x_wconf 86' lang='lat' dir='ltr'>late</span> <span class='ocrx_word' id='word_1_261' title='bbox 371 4018 504 4094; x_wconf 74' lang='lat' dir='ltr'>planities.</span> <span class='ocrx_word' id='word_1_262' title='bbox 540 4049 574 4061; x_wconf 91' lang='lat'>—</span> 
     </span>
     <span class='ocr_line' id='line_1_41' title="bbox 132 4102 576 4177; baseline -0.002 -15"><span class='ocrx_word' id='word_1_263' title='bbox 132 4103 180 4162; x_wconf 86' lang='lat' dir='ltr'>Pll</span> <span class='ocrx_word' id='word_1_264' title='bbox 205 4102 287 4171; x_wconf 45' lang='lat' dir='ltr'>‘Laid</span> <span class='ocrx_word' id='word_1_265' title='bbox 307 4125 337 4166; x_wconf 79' lang='lat' dir='ltr'>a:</span> <span class='ocrx_word' id='word_1_266' title='bbox 366 4107 530 4177; x_wconf 76' lang='lat' dir='ltr'>„adiuuaret</span> <span class='ocrx_word' id='word_1_267' title='bbox 555 4119 576 4161; x_wconf 74' lang='grc' dir='ltr'><strong><em>ε</em></strong></span> 
     </span>
    </p>
   </div>
   <div class='ocr_carea' id='block_1_11' title="bbox 647 2625 1221 3221">
    <p class='ocr_par' dir='ltr' id='par_1_12' title="bbox 647 2625 1221 3221">
     <span class='ocr_line' id='line_1_42' title="bbox 719 2625 1160 2709; baseline 0.009 -27"><span class='ocrx_word' id='word_1_268' title='bbox 719 2625 798 2684; x_wconf 75' lang='lat' dir='ltr'>Voss.</span> <span class='ocrx_word' id='word_1_269' title='bbox 814 2645 842 2685; x_wconf 83' lang='lat'>11.</span> <span class='ocrx_word' id='word_1_270' title='bbox 861 2625 909 2683; x_wconf 86' lang='lat' dir='ltr'>al.:</span> <span class='ocrx_word' id='word_1_271' title='bbox 930 2627 1061 2709; x_wconf 50' lang='lat' dir='ltr'>delbtit.</span> <span class='ocrx_word' id='word_1_272' title='bbox 1080 2629 1160 2698; x_wconf 73' lang='lat' dir='ltr'>Clu,</span> 
     </span>
     <span class='ocr_line' id='line_1_43' title="bbox 717 2712 1159 2775; baseline 0.014 -8"><span class='ocrx_word' id='word_1_273' title='bbox 717 2717 772 2770; x_wconf 64' lang='lat' dir='ltr'>aar</span> <span class='ocrx_word' id='word_1_274' title='bbox 799 2712 880 2768; x_wconf 85' lang='lat' dir='ltr'>simul</span> <span class='ocrx_word' id='word_1_275' title='bbox 901 2713 1003 2770; x_wconf 88' lang='lat' dir='ltr'>Pauieo</span> <span class='ocrx_word' id='word_1_276' title='bbox 1026 2715 1159 2775; x_wconf 82' lang='lat' dir='ltr'>Romano·</span> 
     </span>
     <span class='ocr_line' id='line_1_44' title="bbox 714 2798 1159 2872; baseline 0.016 -20"><span class='ocrx_word' id='word_1_277' title='bbox 714 2818 767 2872; x_wconf 88' lang='lat' dir='ltr'>qne</span> <span class='ocrx_word' id='word_1_278' title='bbox 800 2798 913 2854; x_wconf 86' lang='lat' dir='ltr'>obrutus</span> <span class='ocrx_word' id='word_1_279' title='bbox 944 2800 1024 2857; x_wconf 88' lang='lat' dir='ltr'>bello.</span> <span class='ocrx_word' id='word_1_280' title='bbox 1054 2833 1087 2845; x_wconf 92' lang='lat'>—-</span> <span class='ocrx_word' id='word_1_281' title='bbox 1118 2802 1159 2859; x_wconf 87' lang='lat' dir='ltr'>lll:</span> 
     </span>
     <span class='ocr_line' id='line_1_45' title="bbox 715 2892 1221 2960; baseline 0.02 -22"><span class='ocrx_word' id='word_1_282' title='bbox 715 2892 821 2960; x_wconf 75' lang='lat' dir='ltr'>asperto</span> <span class='ocrx_word' id='word_1_283' title='bbox 840 2896 917 2941; x_wconf 86' lang='lat' dir='ltr'>erant</span> <span class='ocrx_word' id='word_1_284' title='bbox 933 2897 1016 2942; x_wconf 86' lang='lat' dir='ltr'>strata</span> <span class='ocrx_word' id='word_1_285' title='bbox 1034 2892 1115 2948; x_wconf 82' lang='lat' dir='ltr'>saxia.</span> <span class='ocrx_word' id='word_1_286' title='bbox 1201 2912 1221 2931; x_wconf 81' lang='lat'>,·</span> 
     </span>
     <span class='ocr_line' id='line_1_46' title="bbox 647 2972 1162 3034; baseline 0.016 -8"><span class='ocrx_word' id='word_1_287' title='bbox 647 2972 688 3030; x_wconf 86' lang='lat'>19.</span> <span class='ocrx_word' id='word_1_288' title='bbox 716 2992 858 3029; x_wconf 77' lang='lat' dir='ltr'>romanus</span> <span class='ocrx_word' id='word_1_289' title='bbox 880 2983 984 3028; x_wconf 81' lang='lat' dir='ltr'>contra</span> <span class='ocrx_word' id='word_1_290' title='bbox 1004 2996 1081 3032; x_wconf 81' lang='lat' dir='ltr'>nune</span> <span class='ocrx_word' id='word_1_291' title='bbox 1098 2979 1162 3034; x_wconf 80' lang='lat' dir='ltr'>tela</span> 
     </span>
     <span class='ocr_line' id='line_1_47' title="bbox 716 3063 1161 3137; baseline 0.013 -23"><span class='ocrx_word' id='word_1_292' title='bbox 716 3079 793 3115; x_wconf 80' lang='lat' dir='ltr'>nuuc</span> <span class='ocrx_word' id='word_1_293' title='bbox 809 3080 890 3116; x_wconf 74' lang='lat' dir='ltr'>auaro</span> <span class='ocrx_word' id='word_1_294' title='bbox 914 3063 1019 3137; x_wconf 78' lang='lat' dir='ltr'>quibua</span> <span class='ocrx_word' id='word_1_295' title='bbox 1039 3083 1091 3118; x_wconf 77' lang='lat' dir='ltr'>eoa</span> <span class='ocrx_word' id='word_1_296' title='bbox 1109 3063 1161 3120; x_wconf 82' lang='lat' dir='ltr'>ad·</span> 
     </span>
     <span class='ocr_line' id='line_1_48' title="bbox 709 3147 1163 3221; baseline 0.007 -19"><span class='ocrx_word' id='word_1_297' title='bbox 709 3147 805 3220; x_wconf 82' lang='lat' dir='ltr'>sot1’m</span> <span class='ocrx_word' id='word_1_298' title='bbox 828 3150 911 3203; x_wconf 76' lang='lat' dir='ltr'>locus</span> <span class='ocrx_word' id='word_1_299' title='bbox 935 3151 999 3221; x_wconf 75' lang='lat' dir='ltr'>ipse</span> <span class='ocrx_word' id='word_1_300' title='bbox 1025 3152 1163 3208; x_wconf 78' lang='lat' dir='ltr'>armabat</span> 
     </span>
    </p>
   </div>
   <div class='ocr_carea' id='block_1_12' title="bbox 717 3224 1275 3311">
    <p class='ocr_par' dir='ltr' id='par_1_13' title="bbox 717 3224 1275 3311">
     <span class='ocr_line' id='line_1_49' title="bbox 717 3224 1275 3311; baseline 0.011 -23"><span class='ocrx_word' id='word_1_301' title='bbox 717 3236 868 3311; x_wconf 79' lang='lat' dir='ltr'>ingerere.-</span> <span class='ocrx_word' id='word_1_302' title='bbox 896 3235 951 3292; x_wconf 87' lang='lat' dir='ltr'>Pll.</span> <span class='ocrx_word' id='word_1_303' title='bbox 980 3267 1014 3278; x_wconf 89' lang='lat'><em>-</em></span> <span class='ocrx_word' id='word_1_304' title='bbox 1045 3235 1124 3296; x_wconf 77' lang='lat' dir='ltr'>Laid.</span> <span class='ocrx_word' id='word_1_305' title='bbox 1145 3257 1162 3296; x_wconf 88' lang='lat' dir='ltr'>t.</span> <span class='ocrx_word' id='word_1_306' title='bbox 1250 3224 1275 3252; x_wconf 38' lang='grc' dir='ltr'>χ</span> 
     </span>
    </p>
   </div>
   <div class='ocr_carea' id='block_1_13' title="bbox 671 3320 1240 4008">
    <p class='ocr_par' dir='ltr' id='par_1_14' title="bbox 671 3320 1240 4008">
     <span class='ocr_line' id='line_1_50' title="bbox 716 3320 1230 3389; baseline 0.012 -14"><span class='ocrx_word' id='word_1_307' title='bbox 716 3320 782 3379; x_wconf 84' lang='lat' dir='ltr'>Pall.</span> <span class='ocrx_word' id='word_1_308' title='bbox 809 3325 832 3379; x_wconf 87' lang='lat'>1.</span> <span class='ocrx_word' id='word_1_309' title='bbox 854 3324 881 3380; x_wconf 89' lang='lat'>3.</span> <span class='ocrx_word' id='word_1_310' title='bbox 902 3322 978 3381; x_wconf 86' lang='lat' dir='ltr'>Voss.</span> <span class='ocrx_word' id='word_1_311' title='bbox 998 3343 1026 3382; x_wconf 84' lang='lat' dir='ltr'>rr.</span> <span class='ocrx_word' id='word_1_312' title='bbox 1049 3324 1160 3389; x_wconf 68' lang='lat' dir='ltr'>Laud.</span> <span class='ocrx_word' id='word_1_313' title='bbox 1225 3350 1230 3359; x_wconf 92' lang='lat'>·</span> 
     </span>
     <span class='ocr_line' id='line_1_51' title="bbox 717 3407 1199 3482; baseline 0.01 -19"><span class='ocrx_word' id='word_1_314' title='bbox 717 3407 764 3465; x_wconf 86' lang='lat' dir='ltr'>al:</span> <span class='ocrx_word' id='word_1_315' title='bbox 782 3427 908 3466; x_wconf 82' lang='lat' dir='ltr'>romanos</span> <span class='ocrx_word' id='word_1_316' title='bbox 924 3413 1161 3482; x_wconf 71' lang='lat' dir='ltr'>(nominativuslt.</span> <span class='ocrx_word' id='word_1_317' title='bbox 1193 3470 1199 3482; x_wconf 29' lang='lat' dir='ltr'>x</span> 
     </span>
     <span class='ocr_line' id='line_1_52' title="bbox 717 3494 1161 3575; baseline 0.009 -24"><span class='ocrx_word' id='word_1_318' title='bbox 717 3527 751 3536; x_wconf 89' lang='lat'>-</span> <span class='ocrx_word' id='word_1_319' title='bbox 775 3494 810 3551; x_wconf 88' lang='lat' dir='ltr'>P:</span> <span class='ocrx_word' id='word_1_320' title='bbox 834 3507 909 3553; x_wconf 86' lang='lat' dir='ltr'>scuta</span> <span class='ocrx_word' id='word_1_321' title='bbox 932 3497 1060 3575; x_wconf 77' lang='lat' dir='ltr'>gulaeque</span> <span class='ocrx_word' id='word_1_322' title='bbox 1083 3501 1161 3563; x_wconf 79' lang='lat' dir='ltr'>ictae.</span> 
     </span>
     <span class='ocr_line' id='line_1_53' title="bbox 717 3580 1162 3661; baseline 0.02 -24"><span class='ocrx_word' id='word_1_323' title='bbox 717 3580 758 3638; x_wconf 82' lang='lat' dir='ltr'>tt:</span> <span class='ocrx_word' id='word_1_324' title='bbox 795 3594 870 3640; x_wconf 85' lang='lat' dir='ltr'>scuta</span> <span class='ocrx_word' id='word_1_325' title='bbox 906 3585 1049 3661; x_wconf 81' lang='lat' dir='ltr'>galeaeque</span> <span class='ocrx_word' id='word_1_326' title='bbox 1084 3589 1162 3645; x_wconf 84' lang='lat' dir='ltr'>ictae.</span> 
     </span>
     <span class='ocr_line' id='line_1_54' title="bbox 671 3667 1163 3750; baseline 0.006 -24"><span class='ocrx_word' id='word_1_327' title='bbox 671 3736 673 3745; x_wconf 21' lang='grc' dir='ltr'><strong><em>γ</em></strong></span> <span class='ocrx_word' id='word_1_328' title='bbox 718 3667 798 3729; x_wconf 75' lang='lat' dir='ltr'>Voss.</span> <span class='ocrx_word' id='word_1_329' title='bbox 811 3691 828 3729; x_wconf 86' lang='lat'>1.</span> <span class='ocrx_word' id='word_1_330' title='bbox 841 3671 887 3731; x_wconf 83' lang='lat' dir='ltr'>al.=</span> <span class='ocrx_word' id='word_1_331' title='bbox 899 3674 961 3729; x_wconf 87' lang='lat' dir='ltr'>ieta.</span> <span class='ocrx_word' id='word_1_332' title='bbox 974 3704 1006 3714; x_wconf 88' lang='lat'><em>-</em></span> <span class='ocrx_word' id='word_1_333' title='bbox 1020 3672 1063 3729; x_wconf 85' lang='lat' dir='ltr'>Ad</span> <span class='ocrx_word' id='word_1_334' title='bbox 1077 3692 1163 3750; x_wconf 84' lang='lat' dir='ltr'>„quos</span> 
     </span>
     <span class='ocr_line' id='line_1_55' title="bbox 716 3757 1240 3838; baseline 0.017 -25"><span class='ocrx_word' id='word_1_335' title='bbox 716 3777 769 3813; x_wconf 92' lang='lat' dir='ltr'>uon</span> <span class='ocrx_word' id='word_1_336' title='bbox 789 3757 1013 3815; x_wconf 84' lang='lat' dir='ltr'>vulneraverant“</span> <span class='ocrx_word' id='word_1_337' title='bbox 1037 3759 1186 3838; x_wconf 57' lang='lat' dir='ltr'>supplan-t</span> <span class='ocrx_word' id='word_1_338' title='bbox 1237 3819 1240 3822; x_wconf 13' lang='grc' dir='ltr'><em>Α</em></span> 
     </span>
     <span class='ocr_line' id='line_1_56' title="bbox 718 3844 1162 3904; baseline 0.009 -5"><span class='ocrx_word' id='word_1_339' title='bbox 718 3844 782 3900; x_wconf 88' lang='lat' dir='ltr'>dum</span> <span class='ocrx_word' id='word_1_340' title='bbox 801 3865 860 3901; x_wconf 79' lang='lat' dir='ltr'>esse</span> <span class='ocrx_word' id='word_1_341' title='bbox 871 3847 915 3902; x_wconf 83' lang='lat' dir='ltr'>vel</span> <span class='ocrx_word' id='word_1_342' title='bbox 926 3845 1042 3904; x_wconf 84' lang='lat' dir='ltr'>Romani</span> <span class='ocrx_word' id='word_1_343' title='bbox 1053 3847 1096 3903; x_wconf 83' lang='lat' dir='ltr'>vel</span> <span class='ocrx_word' id='word_1_344' title='bbox 1111 3847 1162 3903; x_wconf 81' lang='lat' dir='ltr'>tela</span> 
     </span>
     <span class='ocr_line' id='line_1_57' title="bbox 716 3934 1161 4008; baseline 0.013 -21"><span class='ocrx_word' id='word_1_345' title='bbox 716 3952 833 4008; x_wconf 78' lang='lat' dir='ltr'>saxaque</span> <span class='ocrx_word' id='word_1_346' title='bbox 868 3953 946 3989; x_wconf 85' lang='lat' dir='ltr'>nemo</span> <span class='ocrx_word' id='word_1_347' title='bbox 987 3953 1042 3990; x_wconf 93' lang='lat' dir='ltr'>non</span> <span class='ocrx_word' id='word_1_348' title='bbox 1079 3934 1161 3993; x_wconf 81' lang='lat' dir='ltr'>videt.</span> 
     </span>
    </p>
   </div>
   <div class='ocr_carea' id='block_1_14' title="bbox 717 4014 1304 4093">
    <p class='ocr_par' dir='ltr' id='par_1_15' title="bbox 717 4014 1304 4093">
     <span class='ocr_line' id='line_1_58' title="bbox 717 4014 1304 4093; baseline 0.012 -20"><span class='ocrx_word' id='word_1_349' title='bbox 717 4018 879 4087; x_wconf 85' lang='lat' dir='ltr'>„thhrend</span> <span class='ocrx_word' id='word_1_350' title='bbox 898 4021 956 4076; x_wconf 83' lang='lat' dir='ltr'>dies</span> <span class='ocrx_word' id='word_1_351' title='bbox 974 4041 1043 4090; x_wconf 82' lang='lat' dir='ltr'>nun,</span> <span class='ocrx_word' id='word_1_352' title='bbox 1064 4014 1159 4093; x_wconf 76' lang='lat' dir='ltr'>enbald</span> <span class='ocrx_word' id='word_1_353' title='bbox 1200 4060 1208 4079; x_wconf 44' lang='grc' dir='ltr'><em>Ι</em></span> <span class='ocrx_word' id='word_1_354' title='bbox 1301 4084 1304 4091; x_wconf 86' lang='lat'><em>.</em></span> 
     </span>
    </p>
   </div>
   <div class='ocr_carea' id='block_1_15' title="bbox 717 4105 1203 4170">
    <p class='ocr_par' dir='ltr' id='par_1_16' title="bbox 717 4105 1203 4170">
     <span class='ocr_line' id='line_1_59' title="bbox 717 4105 1203 4170; baseline 0.012 -8"><span class='ocrx_word' id='word_1_355' title='bbox 717 4105 828 4164; x_wconf 85' lang='lat' dir='ltr'>Sclrilde</span> <span class='ocrx_word' id='word_1_356' title='bbox 852 4108 906 4166; x_wconf 89' lang='lat' dir='ltr'>und</span> <span class='ocrx_word' id='word_1_357' title='bbox 925 4107 1019 4170; x_wconf 87' lang='lat' dir='ltr'>llelme</span> <span class='ocrx_word' id='word_1_358' title='bbox 1035 4129 1089 4167; x_wconf 83' lang='lat' dir='ltr'>von</span> <span class='ocrx_word' id='word_1_359' title='bbox 1107 4108 1160 4167; x_wconf 87' lang='lat' dir='ltr'>den</span> <span class='ocrx_word' id='word_1_360' title='bbox 1200 4114 1203 4123; x_wconf 94' lang='grc'><strong>’</strong></span> 
     </span>
    </p>
   </div>
   <div class='ocr_carea' id='block_1_16' title="bbox 0 0 1314 4590">
    <p class='ocr_par' dir='ltr' id='par_1_17' title="bbox 0 0 1314 4590">
     <span class='ocr_line' id='line_1_60' title="bbox 0 0 1314 4590; baseline 0 0"><span class='ocrx_word' id='word_1_361' title='bbox 0 0 1314 4590; x_wconf 95' lang='lat' dir='ltr'> </span> 
     </span>
    </p>
   </div>
  </div>
 </body>
</html>
