2618 4590
524 265 706 327 tisun-vo.
1102 254 1168 325 189

65 430 106 496 ad
119 429 261 496 Sutrium
283 430 316 494 in
339 429 449 495 castris
472 427 613 494 tributim
636 430 675 494 dc
698 429 848 496 vicesima
871 454 982 498 eorum
998 432 1053 523 qui
1066 454 1165 498 mann

64 535 263 602 mitterentur
296 533 376 598 tulit.
414 544 534 623 patres,
569 532 644 622 quia
672 557 711 598 ca
739 532 809 623 lege
837 533 1084 623 haudparvtnn
1111 560 1164 604 vo

65 641 159 729 ctigal
180 639 268 727 inopi
291 638 410 713 aerario
433 637 576 703 additum
600 648 702 721 essct,
730 648 877 721 auctores
903 639 1040 706 luerunt.
1080 652 1163 708 ecte·
1220 681 1231 690 ·

65 768 139 809 rum
159 743 276 808 tribuni
304 742 405 831 plebis
433 765 499 807 non
524 752 592 807 tam
618 743 689 831 lege
719 765 817 831 quam
848 742 997 832 exemplo
1021 745 1101 810 moti
1121 768 1163 809 ne

67 848 138 936 quis
160 859 272 936 postca
293 846 451 936 populum
474 857 641 914 sevocarct
656 847 758 935 capite
773 858 968 912 sanxerunt!
983 846 1062 912 nihil
1079 848 1193 915 enimt

67 977 132 1018 non
154 976 212 1042 per
232 950 347 1017 milites
361 951 481 1017 iuratos
503 951 537 1015 in
559 950 700 1017 consulis
722 951 820 1017 verba
844 952 989 1041 quamvis
1012 951 1165 1042 pernicio-

65 1079 139 1120 sum
159 1055 297 1145 populo,
320 1057 348 1121 si
368 1056 401 1121 id
422 1055 546 1137 liceret,
574 1054 642 1121 fieri
663 1077 772 1145 posse.
811 1057 927 1123 eodem
949 1080 1035 1123 anno
1057 1055 1094 1122 C.
1116 1055 1166 1120 Li·

64 1160 165 1226 cinius
186 1159 278 1226 Stolo
301 1184 320 1225 a
342 1159 387 1226 M.
411 1159 547 1250 Popillio
564 1159 705 1226 Laenate
727 1184 785 1227 sua
807 1161 877 1251 lege
901 1162 1015 1228 decem
1036 1160 1166 1229 milibus

63 1264 144 1332 aeris
168 1276 217 1331 est
237 1265 416 1345 damnatus,
439 1265 528 1353 quod
550 1264 637 1330 mille
660 1266 804 1356 iugerum
827 1266 890 1356 agri
913 1290 989 1332 cum
1003 1266 1070 1333 filio
1092 1288 1165 1356 pos-

62 1369 187 1451 sideret
209 1369 517 1458 emancupandoque
539 1368 641 1435 filium
662 1371 807 1438 fraudem
818 1372 891 1462 'legi
913 1372 1050 1440 lecisset.
1177 1373 1236 1436 to'

132 1570 185 1626 tim
197 1570 278 1644 igitur
288 1568 316 1627 h.
325 1566 344 1622 l.
354 1564 423 1622 nihil
436 1566 579 1624 aliudesse

56 1718 57 1725 ἵ
132 1677 213 1733 quam
248 1654 402 1724 „militibus
432 1655 461 1709 in
491 1654 578 1709 trihus

132 1761 196 1798 suas
209 1743 304 1798 divisis
310 1748 327 1773 ‘⁶
337 1750 411 1796 recte
423 1740 492 1797 vidit
509 1741 579 1794 Dra-

134 1829 323 1887 henborchius.
343 1826 386 1885 Cf.
396 1829 421 1894 3,
431 1829 475 1885 55.
498 1825 580 1894 „Von

135 1917 197 1971 dem
219 1914 337 1971 anderen
360 1913 464 1971 Consul
486 1913 581 1969 wurde

135 2007 232 2060 writer
248 2004 338 2059 niehts
349 2000 581 2057 Bemerlrenswcr·

66 2145 69 2149 ,
135 2090 196 2146 thes
215 2090 382 2166 ausgeltihrt‚
407 2088 445 2144 uls
469 2088 530 2143 dass
552 2106 581 2141 er

134 2209 169 2220 ·—
182 2197 240 2233 was
254 2180 283 2233 in
293 2175 432 2233 thulicher
446 2175 498 2255 Art
509 2173 580 2229 noch

719 1573 800 1628 hunis
817 1570 855 1650 pl.
877 1570 1007 1628 aedilibus
1031 1569 1165 1626 iudicibus

722 1660 881 1716 decemviris
894 1663 1039 1724 nocuisset,
1052 1659 1110 1712 eius
1123 1676 1164 1711 ca·

648 1766 655 1801 1
721 1754 772 1821 put
799 1746 858 1802 lovi
887 1766 992 1802 sacrum
1022 1751 1101 1800 esset.
1130 1771 1166 1784 -

721 1832 784 1889 Pll:
802 1844 919 1889 ceterum
937 1843 971 1890 tr.
989 1831 1026 1906 pl.

668 1922 694 1978 7.
714 1921 791 1996 fleri
814 1941 921 1994 posse:
947 1919 970 1975 P
997 1940 1033 1976 m.
1060 1919 1086 1975 9.
1116 1915 1166 1985 al]

722 2008 786 2063 lerri
804 2027 885 2082 posse
904 2006 971 2077 (tl).
984 2004 1052 2060 -P
1070 2024 1105 2062 m.
1125 2007 1166 2062 1.:

721 2093 782 2149 lieri
805 2107 906 2172 possae.
934 2125 968 2134 -
998 2093 1167 2168 Quamquam

722 2181 849 2257 Sigonius
865 2180 951 2252 ferri
971 2180 999 2240 h.
1016 2179 1035 2240 l.
1061 2180 1168 2235 restitui

133 2265 209 2322 nicht
233 2264 383 2340 geschehcn
408 2283 518 2320 war-
541 2265 579 2318 im

133 2352 219 2428 hager
229 2354 272 2410 hei
279 2352 399 2409 Sutrium
410 2350 494 2407 durch
503 2352 579 2406 scine

133 2444 163 2498 in
190 2441 249 2497 ihre
274 2441 374 2497 Tribus
401 2437 580 2512 ahgetheilten

137 2527 267 2584 Soldaten
285 2526 352 2583 iiber
366 2526 420 2583 den
430 2524 579 2599 Vorschlag

133 2618 257 2671 stimmen
270 2614 342 2682 liess,
356 2613 418 2670 dass
430 2615 478 2669 der
489 2631 579 2667 zwan·

135 2707 218 2778 zigste
236 2701 314 2758 Thcil
333 2701 380 2757 des
392 2699 520 2756 Wcrthes
537 2699 580 2756 liic
601 2696 607 2704 i

137 2790 296 2862 diejenigen,
315 2788 358 2844 dic
371 2808 418 2843 aus
431 2786 491 2842 dem
503 2784 580 2840 Slda·
644 2780 647 2789 ’

137 2875 284 2934 venstandc
303 2877 352 2931 feei
370 2874 490 2950 gelasson
508 2878 581 2928 wilr-

38 2984 40 2989 ·
135 2965 198 3032 den,
215 2966 244 3020 in
263 2963 306 3019 tie
319 2961 486 3021 Staatslsassc
503 2960 581 3034 abge-

133 3051 223 3108 liolort
239 3051 362 3110 werdc“.

79 3143 108 3200 2.
137 3141 208 3215 quia
227 3159 263 3196 aa
280 3141 347 3217 Iege
359 3126 444 3194 haud
451 3155 581 3212 paruum

136 3229 283 3304 uectigal:
302 3225 337 3284 tl.
356 3255 390 3264 -
413 3225 447 3280 P:
465 3225 580 3298 uectiga-

135 3313 182 3370 lis.
200 3344 234 3354 «-
265 3312 309 3370 Cl.
327 3317 357 3378 8,
379 3314 438 3370 11.:
468 3309 583 3386 uectigal

136 3399 218 3469 (PM)
242 3420 348 3476 quoque
370 3402 409 3455 eis
427 3397 582 3476 Campanus

135 3486 252 3565 populus
277 3490 364 3542 iussus
389 3487 507 3562 pendere
530 3495 581 3543 cet.

136 3574 188 3642 29}
209 3575 263 3631 37.:
291 3574 404 3647 uectigal
430 3575 509 3629 ctiam
534 3593 582 3627 no-

135 3682 200 3718 uum
224 3681 256 3717 cx
279 3659 374 3716 salaria
397 3680 501 3715 annona
528 3669 582 3715 sta·

136 3759 246 3808 luerunt
281 3747 381 3818 (Pur).
417 3745 450 3805 al.
485 3778 518 3789 -
554 3745 582 3802 tl

136 3837 229 3910 (Leid.
246 3840 294 3907 1.):
316 3833 430 3906 uectigal
447 3836 483 3890 im
499 3837 503 3905 Ι
520 3836 583 3910 opia

137 3928 233 3984 erario.
265 3945 268 3953 ·

81 4015 110 4072 5.
138 4015 232 4087 capite
250 4019 431 4068 sanxerunt:
450 4007 508 4067 Plll.
538 4005 582 4066 cf.

138 4103 165 4168 3,
179 4101 235 4157 55.:
254 4097 401 4156 sanciendo
419 4106 458 4166 ut,
477 4097 522 4172 qui
535 4099 582 4152 tri·

720 2268 814 2338 voluit,
832 2278 921 2324 tomen
933 2267 1020 2324 lacere
1036 2285 1166 2345 noqpos-

722 2375 791 2424 sum,
806 2358 871 2434 quin
876 2357 953 2431 fieri
963 2374 1013 2432 pro
1025 2373 1089 2412 vera
1099 2355 1167 2411 scri-

721 2453 800 2522 ptura
827 2444 947 2502 habeam.
985 2444 1068 2499 totius
1094 2442 1167 2496 onim

721 2531 776 2588 loci
798 2533 866 2587 ratio
890 2531 983 2598 docet,
1003 2529 1072 2587 nihil
1092 2526 1167 2586 aliud

721 2620 843 2675 tribunos
853 2619 889 2693 pl.
901 2619 990 2675 dicere
998 2616 1067 2674 velle
1077 2635 1166 2692 quam,
1180 2622 1186 2639 ¹

721 2707 746 2760 si
764 2707 800 2760 ita
818 2704 1024 2781 imperatoribus
1040 2721 1117 2778 agore
1134 2701 1166 2758 li-

723 2802 806 2858 cerct‚
833 2791 901 2845 nihil
925 2811 980 2845 non
1001 2809 1051 2865 per
1068 2786 1167 2843 milites

721 2877 781 2932 lieri
804 2897 892 2952 posse.
923 2896 973 2930 nec
996 2895 1045 2951 per
1068 2873 1167 2930 milites

723 2962 796 3039 leges
818 2963 883 3019 lcrri
909 2971 1041 3040 poterant.
1068 2992 1103 3004 -
1129 2960 1166 3019 P:

722 3054 788 3108 si'it
804 3051 906 3108 liceret.
923 3071 958 3109 nr.
978 3049 1072 3109 hvid.

669 3142 696 3199 8.
722 3159 743 3195 o
761 3140 796 3196 M
810 3139 939 3214 Popillio
957 3139 1104 3195 Laenate:
1132 3137 1167 3196 cf.

723 3231 750 3296 7,
770 3231 811 3285 12.
825 3258 857 3269 -
871 3226 905 3281 P:
924 3249 947 3282 a.
964 3232 998 3285 rir.
1011 3225 1111 3302 papilio
1129 3224 1168 3280 lc-

723 3324 793 3371 nate.
812 3312 853 3369 lll:
872 3335 895 3370 a.
908 3320 943 3370 nr.
957 3312 1059 3388 popilio
1072 3312 1168 3370 lenate.
1276 3334 1282 3365 a

723 3431 757 3442 -—
780 3400 816 3455 P:
840 3421 888 3454 sua
911 3400 968 3472 lege
991 3400 1082 3454 decem
1099 3396 1168 3454 mili-

722 3488 773 3543 bus
792 3488 860 3541 aeris
881 3496 922 3544 cst
940 3486 1087 3544 damnatus,
1124 3483 1168 3542 Cl.

723 3578 750 3640 6,
768 3577 812 3633 35.
832 3607 865 3615 -—
892 3573 931 3629 lll:
950 3594 998 3628 sua
1015 3571 1168 3648 legetmil·

723 3661 794 3716 libus
814 3664 881 3716 aeris
901 3671 942 3716 est
960 3661 1107 3721 damnatus.
1128 3691 1168 3707 -

724 3747 785 3803 Plil:
804 3747 876 3804 mille
895 3752 1013 3823 iugerum
1032 3752 1096 3824 agri.
1124 3746 1168 3807 Cf.

723 3838 749 3902 3,
768 3838 825 3892 hit:
844 3835 916 3892 mille
935 3856 1071 3911 passuum.
1088 3836 1121 3894 al.
1133 3865 1168 3880 ·-

655 3925 697 3983 10.
724 3924 1023 3999 emancupandoque:
1045 3923 1123 3982 ttm.
1144 3927 1169 3982 1.

723 4010 761 4081 P]
790 4009 1037 4084 emancipandoque
1062 4008 1107 4080 (hl
1123 4029 1169 4067 on.

724 4100 775 4167 9,).
803 4096 848 4157 cf.
866 4099 892 4165 3,
911 4099 967 4155 70.:
993 4096 1170 4175 dissupasset.
