2618 4590
536 118 542 151 1

169 212 236 279 550
638 218 748 280 trualt
765 218 812 279 lX.

171 386 336 459 Romanus
358 384 517 454 exercitus
538 381 672 474 imperio
700 382 791 451 ducis
819 380 1021 451 continetur:
1056 380 1204 449 decuma
1223 396 1260 451 ut

173 489 241 559 iere
263 487 325 557 diei
346 488 426 558 hora
448 511 525 557 cunr
545 488 653 557 cibmn
674 509 791 579 capere
805 483 919 555 consul
933 482 1061 553 milites
1076 484 1187 570 iubet,
1204 510 1260 577 pra

171 592 248 685 cipit
269 592 359 665 utin
380 593 475 661 armis
497 593 561 661 sint
582 616 785 685 quacumque
800 590 863 659 diei
877 588 1147 683 noctisvc‘hora
1169 589 1259 683 sigma

173 696 307 768 dederit.
342 697 454 790 paucis
474 698 591 766 milites
614 697 804 790 adloquitur,
825 694 1025 765 Samnitium
1047 694 1149 763 bella
1164 696 1260 779 extulit

140 802 277 875 telcvat
298 803 468 887 Etmscos,
494 827 556 871 nec
576 802 705 871 hostem
725 800 812 870 hosti
832 824 893 869 nec
914 798 1177 868 multitudinem
1195 800 1260 868 mab

171 906 273 977 tudini
296 908 535 999 conparandam
557 906 601 977 ait
623 930 708 975 esse:
730 918 857 1000 practer
878 930 916 975 ea
939 904 1050 973 telum
1074 904 1173 974 aliud
1194 902 1261 975 ocul

156 1002 243 1081 ¹tum
263 1012 400 1081 scituros
421 1012 454 1079 in
476 1024 632 1102 tempore,
653 1011 735 1081 inter
757 1036 796 1081 ea
818 1010 914 1079 taceri
936 1032 1026 1100 opus
1051 1033 1147 1079 esse.
1170 1009 1260 1077 biam

68 1152 73 1165 =
171 1115 305 1207 bagibus
327 1117 418 1206 prodi
440 1116 610 1213 simulabat
637 1115 748 1184 hostes
776 1139 842 1207 quo
864 1115 987 1183 animus
1016 1114 1175 1182 militum
1195 1114 1262 1182 mut

171 1221 281 1289 urdine
302 1220 430 1289 territus
451 1221 677 1304 restitueretur,
700 1232 733 1288 et
754 1221 842 1313 quod
864 1219 933 1286 sine
953 1219 1179 1289 munimento
1199 1219 1262 1289 cori

125 1339 161 1396 to
174 1324 295 1409 derant,
316 1324 384 1393 veri
406 1325 538 1393 similius
561 1336 629 1396 erat
651 1326 740 1417 quod
755 1323 975 1393 simulabatur.
1005 1324 1124 1391 curati
1141 1322 1264 1392 ciboeor

171 1451 250 1521 pora
273 1428 373 1525 quieti
394 1428 471 1498 daut
492 1440 525 1498 et
547 1441 660 1523 quarta
682 1429 749 1497 fere
765 1428 871 1527 vigilia
894 1427 962 1496 sinc
985 1429 1148 1497 tumultu
1172 1426 1265 1497 excitat

169 1556 261 1635 urna
282 1532 427 1627 capiunt:
450 1533 602 1605 dolabrae
624 1533 790 1603 calonibus
807 1532 992 1603 dividuntur
1013 1533 1064 1603 ad
1081 1532 1265 1626 vallumpu

189 1756 216 1817 1.
241 1752 688 1826 decumoerotferadieiboru:

185 1868 190 1879 ·
195 1838 322 1901 '.ttm
342 1840 688 1913 1.Ρω.1](1οο1ωιοο1.

175 1928 462 1998 ··(ttm...-·t)
490 1928 622 1989 Pm..1:
642 1929 688 1985 de·

832 1756 874 1814 1.2
900 1756 1002 1810 interea
1020 1757 1121 1830 tegeri
1141 1773 1269 1835 opuaeoa

829 1836 904 1901 Pm.
922 1844 947 1900 1.
965 1838 1008 1897 bl:
1025 1845 1132 1900 taceri.
1185 1864 1188 1871 ·

777 1931 803 1989 9.
831 1928 1097 1998 concideramus.
1106 1930 1230 2002 bootes)=
1241 1926 1271 1985 Pl

174 2044 180 2054 ·
227 2022 341 2075 οἴηται.
354 2014 403 2075 G'l.
421 2016 448 2084 b,
465 2018 510 2077 13.
529 2016 563 2076 al.
587 2047 621 2057 -
648 2015 688 2072 11.

242 2121 303 2159 cum
322 2104 412 2161 cibum
424 2124 521 2180 capere
532 2103 626 2161 consul
639 2105 688 2162 mi·

174 2198 177 2203 '
234 2186 302 2246 lites
325 2191 408 2252 iubet.
444 2191 481 2249 P:
504 2212 570 2249 cum
592 2212 687 2269 capere

239 2276 299 2335 osul
324 2276 424 2335 milites
450 2280 534 2337 iubet.
569 2279 647 2338 Laid.
669 2297 686 2337 ι.

212 2380 216 2389 ·
239 2363 319 2422 Voss.
337 2382 365 2424 u.
389 2364 456 2424 Pali.
476 2370 501 2424 1.
523 2368 550 2424 3.
576 2363 686 2423 tout.

241 2447 290 2508 al..
312 2469 374 2506 cum
393 2452 482 2509 cibum
500 2469 596 2528 capere
613 2470 683 2506 com·

186 2540 191 2551 ’
240 2535 516 2598 militonealnbet-
528 2537 604 2596 Multi
617 2558 685 2599 rece.

239 2610 334 2684 codd.
352 2634 379 2682 ct
396 2626 537 2705 praecipit.

185 2712 214 2797 4.
240 2711 419 2773 Samnitium
452 2712 533 2771 bellu
563 2714 688 2771 extollit

830 2013 936 2075 1ο11.ι·.
949 2015 1030 2077 Voss.
1051 2037 1084 2078 ιι.
1106 2018 1181 2079 Lor.
1199 2016 1272 2087 111]

793 2105 1272 2185 ''¹'consedcrant—Quamqoann·

829 2191 1273 2271 riorbaectormapraeteritirtpa

827 2280 912 2369 citur,
934 2289 1041 2348 tamen,
1079 2282 1131 2338 ubi
1151 2280 1273 2338 neliorm

775 2394 778 2399 ·
829 2370 949 2425 omnium
958 2369 1165 2444 macriptornm
1178 2367 1272 2425 auctori

809 2464 884 2513 :tate
897 2454 1106 2532 comprobatur,
1122 2453 1272 2533 repudianda

828 2552 893 2601 uon'
903 2552 953 2601 est.
967 2570 1003 2585 -
1021 2540 1066 2599 ld:
1088 2541 1120 2599 e't
1137 2543 1215 2621 qnod
1228 2544 1272 2598 aina

827 2631 978 2689 munitione
1002 2631 1191 2688 conciderant
1213 2629 1272 2687 nubi

830 2717 1270 2794 similiuseratquodaimulabatur.

240 2799 341 2856 eleuat
358 2800 523 2859 Etruscos.-
545 2798 609 2859 Pol:
634 2803 688 2858 nisi
760 2805 803 2867 to.
829 2806 928 2862 curati
948 2804 1012 2860 cido
1030 2824 1176 2880 ¹corporo
1197 2803 1273 2883 prieti

201 2912 205 2919 ·
240 2885 316 2964 quod
337 2886 415 2945 inlll
441 2890 529 2964 primo
557 2891 687 2965 scriptum

194 2998 197 3005 ·
240 2981 299 3029 erat
317 2979 482 3041 „eruscoa“.·
494 3005 528 3016 -
541 2976 688 3034 Etruscos

240 3058 338 3117 lortius
351 3062 430 3119 etiam
442 3060 544 3119 dictum
558 3072 599 3118 est
608 3085 687 3140 quam

239 3146 444 3207 Etruscorum.
457 3178 492 3191 -·
510 3146 533 3204 P
550 3168 585 3209 rn.
604 3152 630 3210 1.
648 3151 688 3209 tl:

137 3277 141 3288 ,
208 3250 218 3263 ’·
240 3233 438 3312 conparandam
456 3236 495 3291 ait
517 3254 585 3297 csse.
612 3237 688 3299 Pm.

239 3323 282 3380 -1.t
310 3323 479 3399 conparanda
509 3320 556 3380 aut'
582 3328 622 3383 et.
653 3357 687 3367 -

239 3406 303 3467 Pu:
334 3418 469 3486 praeterea
500 3409 583 3467 talum
612 3411 687 3470 aliud

173 3516 177 3523 ’
234 3494 294 3566 (Pa
313 3496 393 3567 aliut)
412 3495 547 3554 occultum
571 3501 687 3557 scituros

239 3584 269 3641 in
288 3582 689 3664 tempone'(bl:iutemporae):

216 3698 220 3703 ·
238 3671 416 3739 „ausserdem
428 3671 525 3729 sollten
538 3675 587 3741 sle,
597 3680 686 3732 -treno

124 3752 131 3763 ⁸
237 3775 268 3812 es
282 3756 343 3814 zeta
360 3756 428 3814 daau
442 3768 524 3826 utre,
542 3762 614 3818 nocb'
632 3783 684 3818 von

239 3852 326 3902 etwas
349 3846 484 3903 Auderem
511 3846 610 3915 boren,
636 3848 685 3906 das

238 3933 276 3989 im
288 3931 402 3991 Gcheim
414 3934 577 3993 vorbereitet
589 3935 633 3993 idr-
645 3939 685 3992 sio

238 4019 411 4100 mitltmplcn
429 4021 553 4084 werde“.
567 4044 600 4067 -·-
618 4021 685 4084 Pm.

830 2893 921 2950 dunt:
938 2888 986 2947 Pil
1004 2890 1038 2948 al.
1050 2902 1090 2933 '-
1105 2889 1178 2952 Lor.
1189 2896 1227 2952 a:
1237 2911 1269 2946 cu·

765 2995 773 3005 ·
793 2982 796 2987 ’
828 2989 885 3037 rato
905 2980 966 3035 cibo
980 2998 1099 3056 corpora
1113 2982 1199 3056 quieti
1210 2978 1268 3035 dant

829 3064 873 3126 cf.
893 3067 937 3133 31,
951 3068 1009 3124 16.:
1028 3084 1150 3134 „omnes
1164 3065 1269 3145 appella·

795 3182 799 3187 ·
813 3182 816 3187 ¹
829 3163 874 3211 too
891 3153 1008 3229 benigne
1023 3155 1160 3230 vinoque
1173 3163 1205 3212 et
1218 3153 1268 3210 cibo

829 3249 952 3298 cetratos
970 3241 1067 3296 domos
1087 3240 1229 3298 ctutum:
1243 3256 1269 3295 ar

830 3326 890 3403 Gel.
909 3337 935 3384 et
953 3326 1029 3403 Mog.
1048 3326 1150 3396 codd,
1174 3348 1232 3384 nam
1247 3327 1269 3381 io

828 3414 925 3491 Blamb.
941 3416 1072 3491 mocripto
1091 3412 1269 3473 mediaverit

810 3494 934 3562 'desunt

762 3590 803 3650 11
831 3591 976 3647 dolabrae
1010 3590 1170 3648 calonibus
1204 3587 1270 3646 diui

829 3677 959 3734 duntur:
972 3676 1006 3734 11.
1016 3704 1050 3717 -
1061 3676 1084 3733 P
1096 3677 1161 3736 cod.
1172 3673 1268 3733 Klock:

823 3763 907 3832 ’,,1οΙι
917 3763 1078 3842 pralonibua
1086 3762 1269 3822 diuturnum

827 3852 846 3911 1.
864 3870 888 3909 ο.
914 3850 1050 3928 dolaprae.
1086 3851 1135 3912 01.
1153 3853 1200 3920 21,
1220 3850 1268 3906 tt:

829 3978 846 4005 ‚,
852 3940 1012 4015 quingentos
1025 3938 1109 3998 terme
1121 3938 1207 3997 Afros
1217 3952 1268 3995 cun

827 4023 946 4083 dolabris
975 4026 1008 4082 ad
1030 4026 1218 4087 subruendum
1240 4022 1269 4082 ab
