2618 4590
527 258 710 346 amadru
1096 268 1167 339 stt

69 449 217 540 gionibus
239 449 400 539 utrimque
423 447 532 516 effusis
553 471 605 516 res
627 448 758 538 geritur:
780 447 933 515 Camillus
947 447 1067 515 laetum
1088 447 1167 515 mili

68 565 137 621 tem
158 554 290 623 victoria
319 553 450 637 tribuni,
477 553 599 621 laetum
620 564 687 621 tam
713 553 932 644 praesentibus
961 576 999 620 ac
1020 552 1167 621 secundis

69 657 128 723 diis
151 657 196 723 ire
217 658 251 723 in
272 658 431 748 proelium
452 658 550 742 iubet,
573 669 801 748 ostentansque
822 658 978 748 insignem
992 658 1101 747 spoliis
1114 656 1167 724 tri·

68 762 195 827 bunum
216 762 327 845 „hunc
348 763 470 831 imitare
492 762 608 832 miles“
632 762 745 846 aiebat,
766 774 825 846 „et
846 761 928 833 circa
941 761 1099 829 iacentem
1114 762 1167 826 du-

71 889 145 931 cem
167 878 272 934 sterne
289 867 453 934 Gallorum
476 871 651 956 catervas“.
674 867 717 932 dii
737 866 949 957 hominesque
971 865 1018 932 illi
1039 865 1203 932 adfuerat

68 994 196 1060 pugnae
227 972 507 1062 depugnatumque
540 970 790 1062 haudquaquam
817 971 989 1039 certamine
1019 970 1168 1060 ambiguo

45 1085 145 1140 'cum
167 1074 265 1141 Gallis
287 1087 351 1142 est:
378 1076 459 1143 adeo
482 1075 620 1142 duomm
641 1076 778 1143 militum
800 1088 961 1161 eventum,
982 1075 1063 1143 inter
1086 1097 1168 1164 quos

64 1190 243 1268 pugnaturn
263 1190 340 1262 erat,
361 1192 496 1270 utraque
520 1182 603 1249 acies
627 1180 739 1247 animis
760 1191 976 1270 praeceperat.
1004 1180 1087 1245 inter
1107 1176 1168 1268 pri-

65 1306 148 1366 mos,
171 1308 309 1373 quorum
330 1309 505 1353 concursus
529 1286 607 1355 alios
623 1287 791 1370 exciverat,
815 1297 906 1353 atrox
921 1284 1079 1375 proelium
1093 1282 1167 1349 luit:

65 1385 127 1452 alia
149 1387 334 1472 multitudo,
362 1389 548 1480 priusquam
571 1390 611 1456 ad
634 1380 815 1459 coniectum
837 1389 893 1457 teli
914 1388 1052 1472 veniret,
1079 1398 1167 1478 terga
1181 1399 1217 1456 1⁰

65 1491 170 1558 vertit.
215 1493 319 1582 primo
351 1518 410 1583 per
442 1495 582 1589 Vulscos
614 1495 850 1585 Falernumque
883 1517 994 1584 agrum
1027 1490 1170 1582 dissipati

64 1605 150 1678 sunt,
170 1593 245 1663 inde
259 1598 411 1687 Apuliam
433 1624 471 1666 ac
493 1624 581 1667 mare
603 1599 740 1680 inferum
754 1598 923 1689 petierunt.
961 1596 1074 1665 consul
1094 1620 1168 1663 con-

136 1738 332 1812 proximarum.
350 1770 385 1780 -
407 1735 470 1796 PM:
488 1741 583 1798 utrim-
724 1732 865 1815 gratulatio
884 1731 935 1792 luit
956 1745 987 1791 nt
1003 1734 1168 1812 praecipere·

17 1835 23 1844 '
139 1830 224 1898 ques
326 1882 329 1887 ,
722 1828 769 1883 tur
794 1825 909 1882 victoria
936 1824 1039 1882 animis.
1075 1824 1108 1890 9,
1137 1825 1168 1878 5:

85 1910 112 1966 1.
139 1909 252 1965 laetum
282 1913 420 1969 militem:
454 1908 512 1972 Plll.
549 1944 583 1954 —
644 1914 647 1919 ’
724 1915 791 1970 ltaec
814 1911 988 1968 frementibus
1010 1910 1077 1966 hora
1103 1908 1169 1965 lata-

137 1994 216 2056 Leid.
231 2016 249 2056 r.
273 1997 350 2059 Voss.
373 2010 399 2058 1'1.
422 1997 471 2058 al:
498 1999 583 2055 lacta-
613 2028 617 2045 ι
644 2008 648 2013 ’
724 2000 932 2075 lls'ignorniniae
945 1992 1062 2066 advenit,
1079 1996 1170 2052 omnia

137 2088 195 2140 tarn
218 2083 338 2145 militem.
363 2119 397 2129 -
424 2082 464 2143 ll:
487 2107 519 2143 ac
542 2107 583 2143 se·
644 2092 647 2097 ’
725 2090 846 2144 tristiora
873 2084 1037 2162 experiundo
1068 2083 1169 2140 lactura

52 2180 55 2185 ’
138 2170 234 2228 condis
260 2174 315 2230 diis
334 2173 403 2230 iraa'
418 2175 447 2230 in
474 2184 524 2233 cet.
548 2207 583 2217 -
725 2195 805 2252 quam
824 2194 891 2249 quae
904 2174 1097 2249 praeceperant
1113 2173 1169 2228 ani·

138 2256 175 2312 P:
202 2249 424 2337 hostentansque.
445 2274 480 2303 -'
502 2260 583 2320 llm.
725 2264 794 2333 mis„
805 2262 852 2329 42,
863 2262 921 2318 61.:
939 2270 976 2316 ex‘
990 2280 1021 2314 aa
1041 2258 1114 2336 qnod
1126 2279 1170 2315 ac·

138 2347 162 2400 1.
181 2345 216 2402 P:
243 2350 333 2404 sterne
351 2347 480 2423 gallorum
499 2358 583 2405 cater·
725 2347 828 2406 eiderat
853 2366 930 2426 spem
954 2346 1037 2404 saturi
1066 2348 1170 2424 praeci·

723 2439 837 2514 pientes.
856 2439 900 2506 31,
919 2437 962 2494 ts.
981 2436 1024 2503 35,
1043 2436 1087 2494 35.
1105 2432 1139 2494 al.

653 2523 696 2582 10.
719 2520 898 2600 priusquam
933 2522 978 2579 ad
990 2594 995 2603 ν
1009 2524 1171 2591 caumatum

660 2620 663 2627 ’
692 2672 695 2679 ,
722 2612 778 2666 tali
788 2613 916 2668 ueniret:
934 2608 1063 2668 P.-tt:
1080 2613 1169 2686 prins-

703 2762 706 2768 Α
724 2710 803 2773 qnam
821 2698 856 2753 ad
873 2700 972 2752 tectum
990 2695 1038 2753 teli
1057 2698 1169 2753 ueniret.

725 2798 761 2841 m.
779 2786 819 2841 3.:
838 2781 873 2838 ad
890 2785 998 2840 iactum.

137 2487 194 2537 aas.
211 2468 285 2529 mm.
298 2472 338 2530 3.:
357 2439 460 2540 sternii
472 2469 550 2531 Leid.
562 2489 582 2533 1.

80 2616 83 2623 ,
136 2553 183 2613 al:
200 2566 327 2625 sternere.

81 2641 110 2699 6.
138 2642 398 2720 depugnatumque
424 2644 581 2721 haudqua-

138 2748 241 2805 quam·
257 2733 415 2787 cartamine
444 2731 582 2808 ambiguo

34 2844 41 2855 ·
95 2856 106 2863 η.
138 2834 205 2883 aum
217 2815 423 2874 GalliaesteP.
436 2815 521 2871 -tlz
537 2816 583 2871 de-

136 2913 337 2980 pugnatumque
350 2901 584 2979 handquamquam
653 2886 699 2971 11.Ι
721 2888 817 2962 primo
841 2904 898 2961 per
928 2886 1048 2942 uulecos
1071 2887 1170 2960 soler.

119 2998 218 3049 ama
233 2998 239 3061 Ι
254 2992 285 3046 iu
303 2989 427 3065 ambiguo
451 3009 511 3046 curn
528 2988 583 3063 gal·
639 3048 642 3054 ,

136 3074 171 3141 lia
189 3087 239 3136 est.
259 3077 288 3135 ll
304 3098 341 3143 nr.
352 3081 392 3147 3,=
410 3079 564 3135 certamine.

81 3165 117 3239 7.Ι
137 3163 214 3219 adea
225 3165 353 3223 duarum
362 3167 488 3223 mr'lr'tum
496 3185 582 3222 auen·

16 3268 21 3275 ’
137 3259 211 3321 ἰυηι,
222 3252 299 3318 iuter
322 3274 398 3328 quos
417 3261 583 3331 puguatum

136 3346 203 3394 erat
224 3348 350 3414 utraque
365 3343 452 3396 ,actea
473 3341 583 3397 animis

134 3434 342 3496 praeceperat:
380 3424 441 3500 PM·
461 3424 534 3484 Harl.
564 3445 582 3484 1.

137 3507 215 3567 Leid.
235 3529 252 3566 r.
273 3507 322 3580 al]
347 3510 414 3566 adeo
433 3544 469 3559 —-
489 3532 583 3589 perce-

137 3607 216 3672 perat
233 3600 317 3665 (reoc.
330 3596 404 3672 quid
417 3597 496 3657 codd.
505 3600 583 3676 prob.

136 3681 158 3742 I.
186 3683 231 3741 Fr.
259 3682 367 3750 Gron.).
396 3713 429 3727 -·
458 3683 584 3762 Utraque

137 3771 209 3826 acies
232 3769 301 3826 illud
330 3779 463 3826 certamen
487 3774 584 3830 animis

137 3867 310 3934 praeceperat
338 3855 419 3913 altera
449 3848 583 3936 tamquam

136 3945 253 4002 faustum
276 3942 357 4001 altera
383 3938 523 4023 tamquam
541 3949 582 4004 in-

136 4032 253 4095 faustum
271 4031 354 4088 loturi
376 4032 474 4108 proelii
495 4052 582 4093 omen.

137 4117 182 4178 Cf.
200 4120 243 4186 10,
261 4119 319 4177 263
333 4127 412 4177 *unu
429 4118 532 4179 laetitia
549 4140 581 4179 aa

725 2993 854 3052 numqua
889 2992 1002 3053 agrum·
1032 2973 1173 3048 drasipatr'

725 3057 810 3123 suat}
836 3057 902 3134 ΡΜ]
922 3061 1010 3139 primo
1033 3081 1084 3143 per
1105 3058 1171 3119 Vol·
1234 3097 1235 3101 =

723 3168 786 3205 scos
804 3142 856 3209 oct.

654 3226 698 3311 ld.
725 3253 795 3309 inda
811 3236 954 3328 Apuliam
971 3272 1008 3308 aa
1025 3268 1109 3306 mare
1126 3249 1169 3305 ἰη-

717 3340 824 3410 ferum
840 3342 1002 3415 petierunt:
1023 3336 1073 3392 ΡΜ
1095 3334 1169 3407 rell]

724 3425 790 3482 inde
806 3424 931 3502 Apuliam
949 3445 979 3480 ac
1000 3442 1073 3479 mare
1090 3441 1169 3500 supe·

725 3508 1169 3587 rumpetierant(dauracecodd.

723 3598 820 3676 probb.
840 3597 972 3655 Glareano
991 3609 1018 3656 et
1035 3596 1120 3675 Sip).
1133 3627 1170 3642 -

708 3704 711 3711 ’
724 3684 797 3742 Cum
808 3686 843 3740 ad
855 3685 969 3761 inferum
982 3706 1056 3745 mare
1067 3683 1169 3754 Volsci,

726 3769 761 3826 ad
789 3791 917 3848 superum
943 3772 1044 3851 Appnli
1073 3781 1171 3841 essent,

703 3858 859 3931 vinferum
883 3859 939 3917 loci
964 3862 1063 3922 rationi
1092 3879 1171 3936 repu-

723 3965 806 4019 gnare
824 3947 1027 4007 contenderunt.
1055 3945 1104 4002 sed
1122 3965 1171 4002 cur

724 4032 784 4090 fieri
799 4054 858 4111 non
874 4037 972 4115 potuit,
997 4042 1028 4093 ot
1045 4042 1092 4091 aut
1108 4052 1169 4092 cum

723 4122 811 4198 primo
840 4122 966 4200 Apuliam
1000 4121 1169 4201 petivissent,
