2618 4590
116 218 183 290 oro
325 192 332 205 ’
590 218 700 291 uum
716 230 752 291 a

118 398 251 489 equites,
273 397 314 464 ab
334 396 446 488 rapido
468 418 564 464 eursu
586 395 830 489 circumagendo
853 418 941 487 equo
968 394 1107 463 effusus
1124 403 1219 460 exten-

116 501 173 595 plo
195 524 296 594 propc
319 502 489 592 expiravit:
511 501 622 569 tertius
645 502 685 568 ab
708 525 748 569 eo
771 524 848 568 casu
864 501 934 569 dies
959 499 1041 566 finis
1057 499 1152 566 vitae
1171 522 1219 564 uon

117 606 178 673 sali
199 605 273 673 luit:
302 631 367 696 quo
389 605 479 674 velut
500 605 607 674 omine
629 605 706 673 belli
733 616 865 697 accepto
888 605 974 672 deos
1003 626 1073 694 pro
1098 626 1138 670 se
1160 626 1242 671 con·

115 710 239 778 misisse
265 710 387 778 bellum
414 721 628 779 memorantes
650 709 776 778 Etrusci
803 709 965 778 sustulere
996 709 1148 775 animos.
1180 707 1247 773 llo·

84 820 189 883 omae
212 839 287 882 curn
309 815 466 882 desiderio
488 813 547 882 viri
569 825 639 883 tum
660 813 921 882 incommoditate
947 812 1125 903 temporis
1147 810 1221 878 trists

117 920 246 988 nnntins
269 919 337 1000 fuit,
358 930 395 987 ut
415 931 522 1009 patres
545 917 591 984 ab·
606 917 747 988 iubendo
770 921 924 987 dictatore
947 918 1111 985 consulis
1133 917 1221 985 subro

115 1023 208 1114 gandi
236 1023 364 1091 comitia
393 1048 435 1090 cx
464 1024 618 1091 sententia
653 1024 832 1115 principum
858 1022 969 1093 habita
1001 1022 1221 1090 deterruerint:

69 1159 75 1169 ·
114 1128 160 1201 lll.
184 1127 349 1199 Valerium
378 1128 545 1195 consulam
578 1150 691 1201 omncs
719 1126 895 1198 sententiaa
923 1126 1221 1220 centuriaequett

82 1364 85 1371 Ι
185 1296 289 1352 censet,
317 1305 377 1343 euru
407 1285 442 1342 ad
471 1296 552 1344 sorte
581 1307 629 1344 ve·
687 1328 691 1336 -

182 1376 227 1430 nit
238 1372 316 1429 laelle
332 1368 502 1452 suppleretur
520 1373 630 1430 bellum

181 1460 355 1519 Etruscum.-
391 1479 484 1519 verum
514 1459 543 1516 id
572 1479 628 1516 non

165 1545 264 1603 ·modo
286 1546 400 1605 Liuiano
422 1546 560 1605 scribendi
584 1566 627 1621 ge·

180 1635 240 1691 neri
258 1635 413 1693 adversatur
424 1634 474 1692 sed
486 1636 565 1691 etiarn
578 1653 628 1709 per

180 1741 212 1779 ae
233 1721 260 1782 la.
282 1722 301 1783 l.
324 1725 371 1780 vix
392 1721 532 1779 ferendum
554 1720 628 1778 vide-

180 1819 233 1868 tur.
260 1839 294 1853 -
321 1809 370 1868 Plll
388 1809 435 1869 al.:
465 1808 629 1885 „quidum

184 1899 240 1959 uix
262 1898 430 1972 ingressus“.
460 1896 495 1956 cl.
516 1894 548 1954 T.
566 1894 628 1963 Livl
666 1928 669 1934 ·

179 1981 199 2042 l.
216 2003 279 2042 xxx.
302 2004 329 2060 p.
352 2002 431 2044 nxru.
454 2002 509 2042 rur.
531 2012 566 2025 ···
588 1981 627 2038 P:

179 2070 251 2129 linis.
274 2101 309 2113 ·-
336 2071 370 2129 P:
394 2068 550 2148 „extemplo
572 2087 627 2146 quo

150 2182 154 2191 ⁴
178 2177 265 2234 prope
282 2160 450 2237 expirauit“:
470 2168 500 2215 ut
516 2158 627 2215 dubium

178 2247 227 2313 sit·
241 2255 331 2303 utrum
343 2242 403 2320 pua
423 2266 456 2302 ex
468 2266 545 2322 spuo
557 2244 627 2302 male

177 2333 321 2406 repetitum
344 2333 381 2387 sit
404 2351 438 2387 au
459 2352 540 2388 manu
558 2333 625 2388 anti·

178 2419 274 2492 quiore
301 2420 432 2495 scriptum
461 2417 542 2473 luerit
572 2439 625 2475 ex·

177 2505 353 2579 temploque.
368 2536 402 2546 -
416 2505 623 2584 Circumugen·

177 2590 217 2647 du
235 2593 457 2667 equo-coniungi
475 2612 530 2649 uon
541 2613 623 2669 posse

176 2677 226 2735 ard
248 2698 324 2753 equo
348 2677 382 2734 ad
405 2679 523 2752 effluam
540 2683 623 2758 perti·

175 2782 242 2820 nere
258 2768 393 2824 neminem
415 2767 527 2841 fugerit:
550 2765 624 2836 „der

174 2848 280 2908 Consul
291 2853 368 2909 word
379 2874 442 2911 rom
451 2853 557 2911 Plerde.
564 2855 623 2911 her·

141 2960 144 2969 ·
174 2939 360 3014 abgeworlen‚
379 2940 417 2996 als
435 2961 465 2997 er
482 2943 519 2997 im
537 2941 623 2998 atisk«

141 3047 151 3057 ·’
171 3036 236 3082 ntea
266 3026 372 3104 Galopp
402 3026 531 3104 ptotztict
563 3049 620 3087 um·

89 3122 92 3133 ⁴
142 3112 293 3174 '‘lenita“.
328 3124 331 3129 “
407 3152 410 3157 ·
445 3150 464 3161 1-

120 3201 146 3260 ⁸2.
172 3203 278 3258 tertias
289 3201 328 3258 ad
340 3221 374 3258 eo
388 3218 462 3256 cusu
472 3199 620 3276 diesfinie

167 3290 255 3346 -u'r't'a‘e
272 3290 390 3346 consuli
398 3287 480 3360 fuit:
498 3286 525 3346 lll
542 3308 578 3345 m.
593 3290 619 3346 3.

172 3403 207 3426 -ι
225 3373 300 3432 lllm.
314 3379 339 3439 1.
351 3375 386 3433 P:
406 3374 458 3435 die.
471 3405 501 3423 -ι
516 3373 580 3432 Pall.
594 3378 619 3436 l.

171 3463 199 3518 3.
222 3459 302 3518 Voss.
317 3481 345 3520 u.
367 3460 414 3519 el:
440 3483 520 3538 „quo
545 3460 619 3520 uelut

148 3568 151 3575 ·
172 3549 262 3603 omine
283 3551 352 3606 bene
376 3555 522 3626 accepto“a
545 3547 619 3626 quod

115 3672 119 3683 .
171 3656 188 3691 a
209 3634 327 3692 librariis
352 3637 485 3713 scripturn
511 3636 619 3694 videtur

171 3730 201 3779 ut
211 3742 305 3778 seusus
315 3726 509 3797 exprimeretur
518 3723 617 3791 „naeh-

171 3808 232 3865 dcm
250 3811 290 3866 sie
307 3809 367 3866 sich
389 3811 477 3866 dieses
495 3809 617 3885 Ungtttek

170 3916 209 3951 au
219 3896 304 3954 ihren
313 3899 446 3955 Guusteu
456 3897 616 3972 ausgclegt‘.

117 3985 143 4042 5.
170 4003 236 4038 cum
254 3985 405 4048 desiderio
419 3987 478 4041 uiri
493 3995 555 4041 tum
573 3987 614 4040 iu-

169 4070 377 4139 commoditate
401 4074 558 4148 tearporis:
589 4071 616 4129 tt

770 1278 806 1347 ui.
830 1288 855 1346 1.
878 1282 901 1341 P
921 1282 1004 1344 Leid.
1023 1305 1043 1346 r.
1069 1283 1146 1344 [ιον.
1160 1283 1220 1344 tat

770 1405 806 1418 -
823 1371 851 1430 ll
869 1392 904 1434 m.
923 1377 948 1432 l.
967 1371 1020 1437 aL:
1045 1382 1113 1430 turn
1132 1373 1222 1431 deside
1254 1394 1257 1399 ·

768 1463 812 1519 rio
829 1462 883 1518 uiri
900 1468 958 1517 tum
970 1470 1026 1517 cet.
1041 1491 1079 1504 -
1097 1461 1123 1518 P
1142 1483 1177 1520 m.
1194 1463 1222 1518 1.:

770 1591 788 1619 ,‚
795 1547 914 1606 consulis
924 1547 1103 1624 subrogandi
1117 1567 1223 1606 camno·

770 1639 809 1694 tia
840 1656 873 1693 ex
901 1630 1041 1693 sententia
1073 1638 1224 1714 principun

771 1723 910 1784 alabita“.
944 1742 980 1779 m.
1009 1727 1052 1783 Ἅι
1082 1725 1224 1783 committa.

770 1810 840 1869 Vere
858 1810 939 1867 huius
956 1808 1015 1866 loci
1037 1811 1223 1888 interpretatio

770 1896 869 1957 multos
887 1898 962 1953 viros
985 1897 1091 1954 doctos
1110 1907 1223 1975 praeter·

769 1988 826 2042 isse
837 1984 953 2050 ridetur,
971 2003 1146 2061 quamquam
1163 1983 1223 2041 nihil

768 2074 881 2131 maioris
899 2070 1073 2128 difficultatis
1085 2075 1118 2127 in
1137 2092 1170 2129 eo
1187 2074 1223 2139 iu·

770 2169 819 2216 est
838 2157 896 2216 vult
913 2159 985 2214 enirn
996 2157 1033 2218 L.
1048 2158 1153 2228 dicere,
1166 2179 1221 2216 cun

767 2247 855 2303 tristis
882 2247 992 2301 nuntius
1015 2249 1145 2309 omnium
1170 2249 1220 2302 aui·

732 2348 734 2353 ’
767 2352 827 2392 mos
853 2331 957 2388 Romae
983 2343 1127 2401 moveret,
1156 2331 1220 2389 nibil

768 2420 840 2480 aliud
859 2431 949 2498 patras
968 2419 1002 2475 ab
1025 2419 1166 2477 dictatore
1182 2422 1219 2476 iu·

765 2509 855 2566 hendo
872 2508 1039 2564 deterruisse
1051 2527 1135 2584 quam
1147 2507 1217 2584 quod

767 2596 885 2653 comitiis
915 2591 1022 2649 consuli
1044 2594 1214 2670 subrogando

764 2682 866 2739 habuis
884 2702 944 2739 eam
957 2683 1050 2760 ipsum
1062 2683 1154 2739 viram
1171 2701 1213 2758 po

763 2768 844 2848 palus
874 2768 1012 2827 consulem
1048 2770 1214 2843 subrogaret,

764 2878 846 2934 quern
862 2866 972 2914 senatus
984 2857 1148 2914 dictatorem
1163 2855 1213 2912 dici

763 2945 886 3000 iussurus
908 2945 1006 3002 luerat:
1036 2943 1110 3011 „die
1125 2942 1212 3001 Nech-

763 3031 836 3086 rioht
849 3053 903 3089 son
914 3033 975 3088 dem
984 3030 1062 3088 Tode
1075 3031 1211 3089 des'Cou·

702 3144 714 3167 κ
762 3117 820 3173 suls
844 3119 951 3174 machte
976 3121 1006 3174 iu
1032 3117 1106 3175 llum
1135 3120 1211 3175 einen

761 3203 874 3263 sulthen
893 3205 1047 3273 liiudruolt,
1072 3205 1139 3263 dass
1162 3224 1212 3262 nur

758 3290 811 3347 das
830 3293 874 3348 die
885 3291 1033 3350 Pater-von
1047 3291 1099 3349 der
1108 3293 1210 3351 Eruen-

761 3398 835 3454 nuug
852 3381 926 3436 eines
945 3381 1083 3438 Dictatore
1102 3377 1210 3446 althielt,

728 3486 731 3493 ·
761 3465 826 3525 daa's
851 3467 881 3522 iu
908 3465 961 3523 deu
986 3487 1036 3524 aar
1056 3463 1209 3523 Naclrwalrl

696 3576 700 3581 ·
722 3576 726 3587 ·
760 3553 835 3611 eines
859 3551 977 3612 Consuls
999 3553 1209 3612 serenatalteten

761 3636 898 3698 comtum
922 3628 1067 3702 derlltaun
1090 3639 1209 3716 gswtlrlt

759 3727 853 3794 ward,
879 3727 928 3786 der
953 3748 1020 3804 ganz
1047 3728 1120 3786 uach
1147 3727 1209 3790 dus

751 3812 901 3873 ·.Wunsche
919 3815 968 3873 der
979 3815 1081 3879 Ersten
1097 3815 1149 3875 des
1159 3814 1207 3872 Se·

759 3911 837 3958 natea
854 3907 942 3961 war“.

705 3989 731 4048 8.
759 3990 800 4048 M.
828 3990 984 4048 Valerium
1013 3997 1074 4048 soi.
1104 4008 1207 4047 omues

759 4080 923 4136 eustratius
939 4079 1153 4152 terrarumque
1165 4077 1207 4133 di-
