2618 4590
96 232 99 237 ’
154 259 221 329 370
325 318 327 323 .
610 266 720 327 nunu
736 265 805 327 un.

157 436 215 504 sed
236 444 273 502 ut
295 433 428 516 falleret,
450 441 547 501 nocte
568 430 837 523 proficiscendum
858 452 930 498 esse
953 429 1187 522 extemploque
1212 455 1260 498 na-

158 563 216 610 ves
240 539 458 608 deducendas.
495 538 584 647 quod
606 560 672 628 quo
694 537 847 604 maturius
868 537 969 619 fieret⁷
992 536 1096 603 omnis
1116 536 1261 604 iuventus

63 718 68 745 ἱ
159 644 350 713 Samnitium
379 655 506 736 praeter
533 642 748 711 necessarium
778 641 866 707 urbis
894 641 1087 732 praesidium
1121 642 1163 707 ed
1192 641 1261 708 litus

103 830 107 841 ¹
160 750 280 817 miss'a.'
306 748 363 816 ubi
385 749 462 815 dum
476 748 658 841 Nymphius
680 747 867 814 intenebris
891 757 924 814 et
938 746 1141 814 multitudine
1164 757 1263 814 semet

130 855 265 947 ripsam
286 854 467 945 inpediente
489 854 603 922 sedule
627 852 694 918 aliis
716 852 777 918 alia
798 852 931 943 imperia
955 852 1084 919 turbans
1100 852 1177 920 terit
1190 863 1262 918 tem-

160 984 237 1052 pus,
266 958 431 1027 Charilaus
462 983 503 1026 ex
532 957 700 1048 conposite
728 958 768 1024 nb
798 958 893 1025 sociis
921 958 954 1024 in
981 957 1096 1023 urbem
1117 968 1263 1046 receptus

164 1088 240 1133 cum
264 1086 390 1130 summa
412 1063 499 1130 urbis
517 1064 664 1130 Romano
686 1063 786 1130 milite
807 1063 969 1154 inplesset,
1000 1061 1071 1128 tolli
1094 1061 1264 1128 clamorem

161 1168 262 1253 iussit,
285 1169 325 1235 ad
349 1192 446 1257 quem
463 1168 577 1236 Graeci
598 1168 688 1258 signo
706 1180 839 1258 accepto
862 1194 880 1236 a
896 1166 1090 1259 principibus
1107 1167 1265 1257 quievere,

162 1262 283 1342 Nolani
302 1297 361 1364 per
382 1295 527 1341 aversam
548 1284 673 1364 partem
693 1274 780 1341 urbis
802 1274 888 1342 viam
903 1273 1023 1340 Nolam
1044 1273 1204 1339 terentem
1226 1271 1266 1339 el·

233 1495 320 1565 (‚‚um
336 1511 370 1551 zu
386 1494 681 1572 verheeren“),¹quem

188 1624 191 1629 >
235 1580 270 1639 ed
287 1580 398 1639 medum
415 1582 550 1640 interdum
564 1583 643 1638 etiam
653 1585 682 1639 in

233 1671 344 1745 optimis
362 1668 439 1725 libris
456 1669 509 1727 hec
526 1689 612 1727 orum
630 1690 681 1747 pro

232 1754 337 1832 syllaba
347 1766 483 1813 contrecta
493 1776 543 1816 um
552 1759 683 1836 scriptum

234 1843 397 1904 inveniatur.

181 1931 210 1988 1.
232 1930 291 1987 sed
315 1939 356 1997 ut,
367 1929 512 2004 falleret:
534 1930 598 1988 Plll:
622 1930 681 1988 scil.

235 2015 382 2077 Romanos.
401 2016 444 2077 Gi.
457 2019 506 2087 25,
518 2022 557 2078 9.:
574 2021 682 2096 nequis

235 2108 381 2182 agrestium
416 2106 512 2183 procul
548 2117 683 2184 spectator

235 2195 349 2268 agminis
362 2192 474 2254 falleret.
491 2196 518 2262 8,
530 2196 588 2254 uu:
601 2215 635 2250 nc
647 2226 682 2236 —

233 2278 323 2335 hostis
345 2278 449 2336 falleret
470 2278 506 2335 ad
528 2283 622 2339 urbem
642 2283 682 2338 in-

128 2430 134 2439 .
236 2364 345 2424 cedens.

183 2450 211 2509 3.
238 2451 283 2507 nd
312 2452 386 2510 litus
411 2454 523 2510 missa:
554 2453 620 2528 Plll]
650 2453 684 2511 ad

160 2592 163 2597 ,
237 2536 313 2593 littus
333 2548 383 2607 cet.
411 2536 455 2598 Cf.
473 2542 518 2608 30,
536 2543 579 2601 25.
598 2540 632 2600 al.

183 2626 211 2685 4.
239 2627 429 2684 multitudine
438 2631 633 2704 semetipsam
643 2630 685 2685 in·

233 2712 386 2787 pediam:
404 2714 431 2771 Μ
448 2714 557 2775 Harl.''1.
574 2715 652 2775 Leid.
665 2735 683 2775 1.

236 2798 317 2858 Voss.
334 2819 361 2858 n.
382 2800 451 2862 Lov.
471 2806 499 2859 4.
520 2802 571 2876 el]
595 2804 684 2860 multi·

235 2887 328 2944 tudine
346 2899 431 2946 semet
448 2888 507 2968 ipsu
530 2891 685 2969 inpediente

235 2974 270 3043 (P
278 2995 315 3030 m.
324 2978 371 3045 2.).
380 2975 504 3044 ·‚‚Indem
515 2978 564 3033 der
572 2998 684 3053 gressen

236 3058 325 3116 Messe
342 3082 437 3136 wegen
461 3065 536 3119 einer
557 3065 619 3120 dem
637 3087 683 3121 an-

239 3145 325 3218 deren
350 3147 503 3204 hinderlich
527 3158 618 3211 wer“.
649 3186 683 3195 -

236 3232 260 3291 P
274 3253 310 3292 m.
324 3237 363 3294 1.:
381 3233 582 3294 multitudinem
600 3251 685 3296 semet

238 3322 303 3399 ipsa
321 3322 482 3402 inpediente.
519 3324 608 3396 (ih-8,
626 3331 684 3387 ih:

238 3411 343 3487 captia
365 3413 478 3467 suismet
498 3415 567 3490 ipsis
582 3417 684 3494 praesi-

239 3495 302 3556 diis.
321 3500 347 3565 2,
367 3501 408 3557 19.
427 3500 460 3559 al.

185 3581 212 3640 5.
239 3584 346 3641 sedulo
374 3587 445 3643 aliis
470 3589 535 3644 alia
561 3591 684 3666 imperia

237 3670 363 3726 turbans
389 3675 460 3728 terit
486 3683 617 3751 tempus:
647 3676 682 3733 P:

238 3756 354 3824 „indem
372 3777 401 3812 er
418 3759 466 3816 das
478 3782 536 3818 was
549 3785 579 3819 er
589 3764 682 3821 beloh·

237 3838 283 3898 len
300 3844 396 3900 immer
412 3849 516 3904 wieder
534 3851 618 3907 durch
636 3871 681 3906 un-

237 3927 302 3986 dere
322 3931 524 4010 Anordnungcn
546 3939 681 3996 enlhob“.

236 4044 271 4057 ··
297 4015 338 4075 ll:
364 4020 461 4078 sedule
488 4022 538 4079 elis
564 4031 615 4093 (m.
638 4027 679 4082 3.:

209 4112 215 4118 ‘
235 4096 312 4175 diu)
328 4103 381 4161 ulie
392 4108 506 4183 imperia
518 4112 623 4167 turbem
640 4121 679 4166 te·

823 1496 860 1553 rit
879 1503 993 1574 tempus.
1015 1490 1089 1551 llarl.
1108 1511 1126 1550 ι.
1144 1489 1222 1550 Leid.
1238 1511 1267 1548 ι.;

823 1581 918 1639 sedulo
937 1584 1016 1638 isatia
1033 1582 1147 1656 imperia
1160 1580 1268 1635 turbans

779 1672 783 1681 '
824 1678 875 1730 cet.
894 1668 961 1728 hev.
975 1672 1014 1725 h:
1032 1668 1128 1725 sedulo
1148 1667 1200 1723 alia
1212 1666 1268 1722 aliis

823 1760 936 1836 imperia
955 1758 1066 1813 turbans
1082 1765 1133 1813 cet.
1152 1755 1232 1812 Voss.
1243 1773 1268 1811 11.

824 1844 871 1903 al:
902 1844 996 1901 sedule
1027 1847 1132 1901 insacra
1159 1843 1269 1921 imperia

823 1933 935 1988 turbans
954 1942 1003 1992 cet.
1031 1931 1097 1991 Pall.
1117 1935 1142 1990 1.
1164 1934 1207 1989 3.:
1231 1950 1269 1984 sc·

824 2018 888 2076 dulc
906 2022 1012 2076 insacra
1024 2021 1136 2099 imperia
1156 2017 1269 2075 turbatis

823 2108 888 2162 terit
904 2115 1018 2182 tempus.

770 2195 797 2252 6.
825 2194 1003 2252 Charilaus.-
1022 2194 1056 2255 ll.
1069 2226 1103 2236 -
1116 2193 1152 2250 P:
1171 2192 1270 2249 charia-

771 2317 774 2322 ·
824 2278 891 2341 laus.
906 2314 936 2323 —
951 2282 992 2338 lli:
1010 2284 1043 2339 ab
1062 2284 1149 2340 sotiis.
1163 2310 1197 2322 -
1209 2278 1269 2334 Plll:

746 2396 749 2405 ·
825 2370 855 2425 in
882 2370 976 2426 urbem
1002 2381 1135 2446 receptus.
1164 2365 1238 2424 liarl.
1253 2385 1269 2425 ι.

825 2454 931 2516 Leidr.
945 2457 993 2517 el:
1011 2460 1041 2513 in
1059 2458 1127 2514 urhe
1138 2465 1269 2531 receptus.

826 2543 870 2604 Cf.
894 2547 925 2615 l,
949 2549 1004 2604 15.:
1034 2556 1148 2624 prepter
1170 2545 1268 2619 pactio·

826 2652 889 2689 nem
907 2634 1036 2690 indictam
1054 2631 1269 2710 recipiendorum

825 2722 855 2776 in
868 2722 962 2777 urbem
974 2741 1074 2795 regum.
1093 2718 1127 2778 al.
1140 2752 1174 2762 -
1188 2716 1267 2775 Paule

825 2807 935 2881 postP:
954 2808 988 2864 cd
1007 2828 1086 2885 quem
1103 2809 1176 2882 greci
1194 2808 1268 2881 signe

824 2905 936 2973 acceptu
955 2906 1005 2954 cet.

771 2983 798 3041 9.
825 2984 907 3038 uiam
923 2983 1035 3040 Nolam
1050 2981 1202 3054 ferentem
1225 2979 1269 3052 es·

816 3068 961 3147 fugiant:
980 3071 1028 3128 ΡΜ
1046 3066 1117 3127 Harl.
1129 3088 1148 3126 1.
1160 3066 1240 3126 Leid.
1252 3086 1268 3124 1.

825 3155 887 3214 cod.
905 3155 1000 3217 Kleclr.
1018 3157 1134 3216 Vosnn.
1157 3155 1208 3229 al]
1227 3159 1269 3213 via

824 3242 923 3301 Nolam
945 3246 1047 3302 ferente
1073 3245 1213 3320 effugiunt.
1236 3276 1268 3284 -

825 3331 988 3410 Effugiant
1021 3332 1089 3389 nihil
1125 3331 1199 3388 aliud
1230 3339 1270 3386 est

826 3439 906 3494 quam
917 3420 1048 3500 fugiunt
1065 3440 1106 3476 ex
1124 3420 1208 3487 urbe,
1231 3438 1269 3474 ex

822 3509 1002 3582 praesidiis:
1024 3517 1054 3563 ut
1075 3508 1147 3583 apud
1164 3505 1269 3563 Terent.

823 3593 892 3653 Eun.
910 3600 937 3660 5,
955 3598 981 3652 l.
999 3597 1057 3654 id:
1079 3598 1200 3663 „misera
1219 3594 1269 3649 huc

824 3681 905 3756 effugi
924 3681 1035 3737 loras“:
1058 3692 1085 3737 et
1103 3680 1269 3738 accusetivus

822 3770 903 3823 viam
915 3767 959 3826 vel
975 3779 1116 3845 puetarum
1133 3790 1208 3826 more
1221 3788 1268 3845 pm

824 3857 856 3911 in
873 3858 953 3912 nium
970 3860 1087 3934 scriptus
1106 3867 1148 3912 est
1155 3894 1170 3924 ,—
1192 3875 1269 3933 quem

823 3942 858 4000 nd
881 3945 990 4001 modum
1011 3948 1061 4013 30,
1079 3947 1124 4004 25.
1147 3946 1177 4001 in
1201 3945 1267 4020 epti·

820 4033 873 4087 mis
896 4030 973 4088 libris
996 4033 1156 4090 multitudo
1179 4051 1200 4086 a
1223 4050 1267 4087 ca·

820 4120 892 4175 stris
921 4121 995 4177 litus
1030 4120 1131 4192 effusa
1162 4116 1267 4193 legitur,
