2618 4590
130 207 196 276 540
585 222 694 285 stultu
712 221 761 284 iX.

130 408 240 475 regem
270 386 496 456 sacrificiorum
523 411 628 468 crees,
663 387 831 476 amplexus
858 387 946 478 regni
974 394 1108 455 nomeu
1140 389 1248 477 utqui

130 489 253 578 optimo
274 491 343 561 iure
365 516 423 560 rex
437 492 560 560 Romae
582 502 707 560 creatus
730 491 771 558 sit
788 486 935 561 'creatum
956 491 1131 559 sedicet?
1155 515 1246 581 quem

132 596 277 662 semestri
300 597 453 665 dictatura
475 621 573 689 quem
596 596 775 687 interregno
797 596 939 688 quinque
963 595 1099 663 dierum
1119 606 1246 664 conten

131 708 200 765 tum
221 699 291 768 iore
313 703 428 792 putes?
455 726 553 793 quem
574 701 656 769 clavi
677 699 794 790 figendi
815 711 871 767 aut
896 701 1055 768 ludorum
1081 725 1189 768 causa
1210 701 1245 767 di·

99 812 285 873 betetorem
307 808 457 875 audacter
478 807 589 873 crees?
611 828 708 894 quam
729 804 781 872 isti
803 805 937 873 stolidos
960 830 1000 872 ac
1023 805 1196 873 socordes
1211 805 1245 871 vi-

129 905 196 975 deri
218 909 344 978 creditis
367 934 423 978 eos
446 910 501 1000 qui
523 911 603 978 iutra
618 907 806 977 vicesimum
828 909 911 977 diem
933 909 1131 1000 ingentibus
1155 909 1246 977 rebus
1280 950 1281 999 1

128 1011 225 1101 gestis
248 1014 402 1081 dictatura
424 1038 460 1081 se
484 1016 710 1083 abdicaverunt
731 1022 785 1079 aut
807 1013 862 1103 qui
878 1013 954 1081 vitio
971 1014 1078 1081 creati
1099 1000 1263 1092 abierunt*

94 1191 98 1212 Ι
128 1115 333 1206 magistratu?
360 1118 437 1206 quid
459 1143 519 1208 ego
543 1119 672 1209 antiqua
693 1128 854 1208 repetam:
891 1141 994 1209 nuper
1015 1118 1109 1186 intra
1134 1120 1246 1186 decem

129 1244 229 1288 annos
253 1221 291 1287 C.
312 1220 460 1288 Maenius
483 1223 632 1305 dictator,
655 1223 744 1312 quia,
766 1247 842 1291 cum
864 1222 1076 1314 quaestiones
1100 1223 1246 1292 severius

83 1343 117 1399 10
130 1348 227 1416 quam
250 1323 441 1414 quibusdam
462 1326 646 1416 potentibus
668 1338 774 1394 tutum
796 1337 864 1395 erat
885 1337 1064 1409 exerceret,
1090 1328 1244 1418 contagio

127 1428 196 1495 eius
219 1451 284 1517 quo
307 1431 481 1518 quaerebat
502 1433 571 1522 ipsc
594 1429 732 1499 criminis
761 1429 917 1499 obiectata
945 1430 985 1498 ab
1017 1430 1169 1500 inimicis
1192 1443 1245 1513 est,

128 1543 164 1601 ut
184 1532 326 1624 privatus
350 1533 477 1604 obviam
499 1535 559 1631 iret
581 1535 703 1604 crimini
725 1534 879 1605 dictatura
901 1557 937 1604 se
952 1533 1133 1634 abdicavit.
1170 1538 1244 1606 nolo

145 1822 150 1843 ¹
194 1753 246 1810 sed
263 1773 363 1834 regem
374 1754 589 1831 sacrificiorum
597 1753 643 1811 Li·

194 1844 256 1899 vius
274 1840 301 1900 b.
319 1842 337 1900 Ι.
355 1843 475 1918 scripsit,
492 1862 545 1917 quo
558 1845 644 1898 maior

194 1929 237 1985 ris
248 1930 278 1984 iu
289 1948 356 1985 voce
368 1949 468 2007 regem
479 1938 633 2007 poneretur.

71 2066 81 2076 ,
143 2019 172 2077 9.
199 2035 286 2090 quem
321 2019 459 2072 semestri
493 2017 642 2074 dictatura

197 2123 285 2180 quem
312 2102 481 2181 interregno
510 2107 642 2182 quinque

195 2191 313 2247 dierum
330 2198 496 2246 contentum
501 2191 578 2263 fore
587 2213 640 2266 pu·

193 2285 255 2335 tes:
273 2275 339 2332 PM:
354 2277 408 2332 nisi
420 2276 493 2352 quod
505 2280 534 2333 in
547 2277 568 2332 P
580 2278 641 2346 „di-

193 2371 296 2418 ctatura
321 2382 378 2439 que
400 2365 590 2437 interregno“,
614 2372 641 2418 et

93 2454 99 2461 '
180 2450 223 2507 ,in
235 2448 262 2506 bl
274 2469 310 2508 m.
329 2452 354 2506 1.
372 2447 491 2517 ‚‚sorss“
509 2452 639 2528 scriptum

194 2547 245 2597 est.
266 2567 298 2579 -
321 2535 385 2594 Pttz
409 2535 569 2594 dictatorem
586 2559 639 2594 ou·

194 2626 298 2684 dacter
328 2643 417 2686 crees;
448 2626 520 2692 „mit
543 2635 639 2700 gutem

55 2750 58 2760 ·
160 2772 164 2781 ,
192 2711 343 2770 Vestraueu
370 2710 433 2767 dass
460 2731 491 2767 er
511 2731 566 2768 ron
590 2713 639 2769 der

141 2840 144 2847 ,
192 2797 638 2858 ihnanvertrautentlaehtteinen

190 2886 360 2944 diissbraucb
377 2885 490 2942 macheu
501 2886 625 2946 werde“.

138 2977 164 3033 5.
192 2994 283 3051 quom
301 2976 353 3030 isti
368 2972 444 3040 (scii.
457 2974 565 3048 Appio)
577 2983 636 3031 sto·

93 3095 96 3102 ‚
191 3061 273 3119 lidos
302 3080 339 3117 oc
367 3059 510 3116 socordes
540 3061 639 3116 uideri

188 3147 311 3206 aeditis
329 3167 396 3204 eos:
412 3145 443 3204 P.
456 3177 490 3189 -
502 3142 542 3201 di:
556 3166 636 3222 quam

189 3237 236 3292 isti
262 3233 356 3290 stolidi
382 3253 414 3291 sc
439 3233 569 3290 socordes
595 3235 636 3288 ui·

188 3321 248 3378 deri
260 3331 310 3377 cet.
328 3319 408 3379 Reec.
422 3320 531 3398 quidem
541 3319 636 3378 codd:

188 3428 267 3485 quam
285 3410 352 3464 istos
365 3407 479 3465 stolidos
492 3429 524 3466 ac
541 3427 633 3464 socor-

189 3495 238 3551 des
256 3495 354 3558 uideri
382 3494 461 3554 Voss.
479 3514 507 3553 u.
525 3492 574 3553 al.:-
591 3513 632 3550 se·

189 3581 293 3641 cordes.

134 3670 161 3728 8.
190 3668 265 3745 quid
281 3687 337 3747 ego
350 3670 475 3745 antiqua
486 3679 632 3746 repetam.-

186 3753 243 3813 ΡΜ.
262 3784 297 3796 -
316 3753 392 3812 Unus
406 3759 541 3814 recentior>
556 3756 631 3815 sod:

184 3842 234 3898 sed
253 3841 374 3920 quid-
389 3841 439 3900 PM
457 3842 528 3902 reli:
546 3864 632 3920 nuper

184 3931 262 3988 intra
277 3929 370 3988 decem
397 3951 482 3988 annos
505 3931 538 3989 C.
560 3931 630 3988 biae·
693 3995 697 4006 s

184 4019 246 4077 nius
263 4017 380 4077 dictator
398 4028 448 4077 eet.
477 4016 523 4077 Gi.
543 4022 568 4088 9,
586 4021 629 4077 26.

786 1754 841 1812 Pro
868 1755 981 1812 iustiore
1010 1762 1177 1831 temporum
1206 1777 1242 1814 ra·

784 1844 859 1899 tione
880 1841 1011 1899 Klocirius
1038 1853 1070 1898 et
1093 1842 1152 1905 luc.
1179 1843 1242 1901 Gro-

785 1931 881 1986 novius
899 1932 978 1986 intra
991 1932 1132 2006 quinque
1145 1952 1242 1990 annos

783 2016 867 2072 scribi
891 2015 1041 2076 voluerunt
1074 2018 1129 2075 sed
1152 2021 1181 2076 si
1198 2018 1240 2076 Li·

782 2106 843 2161 rius
855 2103 884 2159 id
897 2103 1036 2174 voluisset,
1054 2107 1144 2163 intra
1157 2109 1238 2184 quin·

784 2193 943 2266 quennium
955 2193 1125 2268 scripsisset
1144 2214 1238 2251 rerum

781 2279 836 2334 iam
854 2299 907 2334 vox
924 2299 1018 2354 nuper
1041 2278 1146 2337 docere
1164 2281 1237 2337 ride·

783 2376 835 2434 tur,
844 2367 980 2422 tribunum
990 2386 1046 2422 non
1058 2375 1119 2424 tam
1131 2377 1235 2444 tempo·

782 2454 821 2510 ris
845 2474 924 2530 quam
947 2455 987 2509 rei
1007 2452 1180 2513 laudandae.
1196 2477 1234 2512 ra·

781 2542 882 2616 tionem
912 2541 1017 2601 babere,
1037 2541 1233 2613 velte:1‚,erst

780 2648 830 2684 ror
841 2627 959 2684 Kurzem
969 2627 1040 2685 noch
1053 2649 1102 2686 um
1122 2630 1232 2687 beiden

779 2715 878 2773 letatcn
896 2715 964 2772 rehu
976 2715 1077 2772 Jabren
1089 2718 1189 2774 stehen
1200 2737 1230 2774 zu

780 2802 919 2862 bleibeu“.
933 2802 969 2844 ’-
988 2802 1015 2858 M
1032 2823 1069 2862 m.
1089 2805 1117 2861 9.
1130 2804 1168 2863 Pr
1185 2825 1228 2860 ex·

779 2899 891 2948 ecceret.
908 2889 935 2945 M
947 2893 1035 2949 m.1.:
1051 2900 1228 2949 exerceturet.

709 2980 751 3038 10.
778 2979 915 3055 contagio
933 2979 998 3034 eius
1012 2998 1071 3052 quo
1085 2978 1228 3054 querebat

779 3066 842 3136 ipse
865 3065 996 3119 criminis
1019 3065 1228 3134 obiectasset

778 3150 904 3205 inimicis
927 3158 987 3205 est:
1010 3148 1074 3222 PM]
1100 3154 1227 3226 contagio

778 3237 837 3291 eius
855 3235 929 3311 quod
941 3239 1085 3311 quaerebat
1098 3239 1161 3315 ipse
1174 3249 1224 3298 cet.

778 3351 815 3365 ·-
833 3323 923 3397 „Quo
950 3326 1115 3399 quaerebat
1137 3329 1224 3403 ipse“

774 3409 1088 3485 (,‚inAnaehungdessen
1099 3431 1132 3469 er
1140 3412 1223 3471 solbet

774 3495 1016 3572 Untersucbungeu
1058 3499 1223 3557 anrustellen

775 3584 886 3655 hatte“)
916 3587 996 3642 etiam
1030 3588 1060 3645 in
1096 3589 1223 3645 omnibus

774 3671 858 3728 Drain
886 3672 966 3732 codd„
981 3675 1137 3732 xinventum
1167 3685 1222 3733 ert:

777 3779 828 3815 nee
846 3759 875 3814 id
885 3761 1060 3817 reiiciendum
1072 3773 1141 3828 erat,
1161 3784 1220 3822 eoru

774 3844 846 3920 apud
882 3848 1008 3924 antiquos
1036 3849 1151 3909 ablativi
1179 3853 1221 3910 ris

772 3931 857 3988 multo
875 3932 954 3990 latius
972 3956 1051 4010 quam
1063 3935 1147 4012 vulgo
1163 3958 1221 3996 ere·

772 4019 846 4080 ditur
863 4024 987 4098 patuerit.
