2618 4590
51 261 57 271 ·
161 241 230 312 rso
311 188 313 192 ¹
627 250 812 314 numm

163 442 241 486 narn
262 416 391 486 Hernici
418 416 498 485 αθ.
519 414 646 492 Phntio
674 414 791 482 devicti
817 413 1005 505 subactique
1032 426 1121 498 sunt,
1150 415 1267 484 Fabius

164 523 291 614 collega
313 522 381 590 eius
408 522 536 589 incaute
567 533 664 612 atque
689 519 869 588 inconsulte
891 519 1043 588 adversus
1063 520 1269 610 Tarquinien-

166 652 220 696 ses
241 626 404 718 pugnavit.
441 649 503 695 nec
524 627 556 693 in
579 627 647 694 acie
668 637 793 694 tentum
815 625 858 693 ibi
874 625 972 693 cledis
988 636 1156 714 acceptum
1171 650 1269 716 quam

165 732 256 823 quod
279 741 440 799 trecentos
463 743 591 822 septem
611 731 729 799 milites
749 731 914 798 Romanos
937 742 1048 820 captos
1063 731 1268 820 Tarquinien-

43 882 47 889 -
133 856 217 912 oses
238 835 458 920 immolarunt,
485 861 550 928 que
569 838 722 905 foeditate
742 836 891 927 supplicii
913 835 1075 926 aliquanto
1097 836 1269 925 ignominia

161 940 273 1033 populi
294 940 431 1008 Romani
452 942 628 1033 insignitior
654 942 724 1010 fuit.
764 940 898 1008 accessit
924 942 966 1007 ad
995 964 1066 1007 earn
1089 940 1216 1008 cladem
1237 954 1270 1008 et

165 1038 300 1118 uastatio
313 1046 459 1123 ,Romani
482 1047 557 1138 agri,
579 1072 677 1138 quem
698 1047 897 1115 Privernates
912 1043 1067 1114 Veliterni
1090 1044 1203 1112 deinde
1224 1046 1268 1111 in-

162 1150 312 1221 cursione
334 1152 499 1242 repentina
515 1152 669 1220 ieeemnt.
706 1151 834 1219 Eodem
856 1172 940 1217 anno
964 1149 1046 1215 duae
1059 1148 1160 1218 tribus
1175 1149 1268 1216 Pom-

161 1257 250 1349 ptina
273 1267 306 1324 et
327 1255 462 1323 Publilia
485 1257 620 1325 additae.
653 1257 721 1324 ludi
742 1254 852 1339 votivi,
875 1277 957 1346 quos
972 1253 1017 1320 Μ.
1032 1252 1147 1320 Furius
1170 1255 1266 1322 dicta-

114 1381 150 1436 10
161 1375 212 1430 tor
227 1371 375 1444 ,voveret
398 1361 484 1428 faeti.
522 1373 555 1429 et
577 1362 618 1430 de
641 1361 763 1429 ambitu
785 1362 825 1428 ab
842 1360 880 1429 C.
895 1359 1040 1428 Poetelio
1055 1359 1183 1427 tribuno
1201 1359 1267 1449 ple-

158 1467 208 1534 bis
231 1464 415 1532 auctoribus
436 1466 581 1555 patribus
603 1477 673 1534 tum
694 1467 835 1558 primum
858 1465 899 1531 ud
913 1464 1071 1554 populum
1086 1463 1189 1530 latum
1210 1475 1268 1546 est,

61 1561 67 1590 ¹
159 1594 262 1663 eaque
297 1569 463 1660 rogatione
496 1594 657 1639 novomm
683 1573 824 1639 maxime
853 1569 1022 1635 hominum
1051 1567 1266 1651 ambitionem,

159 1676 215 1769 qui
236 1675 393 1744 nundinas
418 1686 451 1745 et
473 1675 683 1744 conciliabula
706 1677 795 1745 obire
817 1673 902 1745 soliti
925 1684 1029 1759 erant,
1059 1697 1266 1765 conpressam

160 1782 343 1857 credebant.

111 1901 146 1958 15
246 1885 334 1952 XVI.
378 1883 474 1950 Haud
503 1908 606 1975 aeque
634 1885 719 1953 laetu
747 1886 890 1977 patribus
918 1881 1098 1972 insequenti
1121 1906 1205 1950 anno
1229 1881 1265 1950 C.

157 1990 281 2058 Marcio
297 1988 357 2057 Cn.
373 1987 494 2056 Manlio
518 1990 703 2058 consulibus
725 1991 766 2059 de
782 1989 925 2058 unciuno
948 1987 1060 2055 fenore
1076 2012 1095 2054 e
1109 1985 1156 2056 M.
1169 1987 1267 2054 Duel-

173 2182 200 2240 3.
228 2200 318 2258 quam
345 2180 430 2257 quod
454 2189 602 2238 trecentos
630 2203 676 2239 se-

224 2277 305 2344 ptem
329 2269 439 2322 milites
461 2288 604 2323 romanos
627 2288 674 2324 ca·

224 2362 293 2429 pice
310 2354 530 2428 tarquinienses
543 2355 675 2410 immola·

228 2448 316 2495 runt.-
340 2436 371 2500 P.
402 2469 434 2481 -
464 2440 589 2518 Plerique
606 2461 675 2500 rece.

227 2526 563 2607 eoldummenosmilites
573 2539 676 2605 eaptus.

228 2644 263 2655 -
280 2613 362 2672 Voss.
380 2633 421 2670 m:
443 2614 490 2673 al:
520 2615 676 2672 immolaue-

227 2709 297 2761 runt.
307 2733 341 2744 -
351 2700 382 2758 ln
395 2710 510 2758 lentum
521 2703 592 2760 inest
603 2713 673 2763 tem.

62 2802 65 2811 '
173 2792 200 2851 5.
226 2793 383 2869 aliquanto
394 2793 565 2870 ignominia.
574 2797 622 2867 Pl·
633 2793 675 2847 in-

129 2936 133 2947 .
228 2880 372 2958 signieior
381 2877 465 2951 fuit:
483 2877 520 2936 Μ.
534 2909 569 2920 -
587 2876 610 2935 Ρ
627 2878 675 2940 el:

227 2972 270 3046 lii.
297 2966 430 3040 insignior
457 2966 516 3024 fuir.
542 2996 578 3007 -
605 2965 675 3026 Cori.

226 3052 322 3109 Geloni
340 3051 415 3114 Harl.
433 3071 451 3110 r.
469 3051 547 3111 Lete.
560 3072 590 3114 ω
608 3054 674 3110 insi-

227 3140 336 3213 gnitior.
355 3136 399 3195 Cf.
417 3141 444 3204 7,
462 3139 504 3196 6.:
522 3140 676 3213 insignitius

228 3224 290 3296 (ΡΜ
298 3229 317 3294 l.
339 3225 365 3293 l,
384 3224 409 3283 4.
428 3223 462 3283 sl.

173 3300 200 3375 8¹.
228 3314 308 3370 duae
337 3314 434 3377 tribue
462 3310 622 3388 Pomptino
645 3321 675 3370 et
766 3314 784 3325 “

224 3400 358 3460 Publilio
375 3400 514 3458 additae:
532 3397 590 3458 ΡΜ.

156 3491 198 3550 10.
227 3490 265 3545 ab
285 3489 317 3549 0.
334 3488 462 3546 Poetilio
481 3493 518 3545 ti.
533 3487 596 3564 pl.-
613 3483 672 3546 ΡΜ.

816 2181 878 2238 lio“
896 2180 946 2237 sed
958 2184 1046 2248 „cor‘e
1064 2176 1188 2235 meulio“
1200 2179 1266 2235 scri·

819 2278 897 2341 ptum
915 2276 964 2324 est.
983 2299 1018 2308 —
1038 2266 1074 2323 P:
1093 2265 1127 2320 de
1145 2268 1266 2322 unciario

818 2356 937 2416 faenore.
955 2353 995 2409 lll:
1019 2354 1053 2410 de
1072 2355 1193 2410 unciario
1212 2354 1266 2411 loe·

817 2461 891 2498 nore.
915 2440 1039 2500 llurl.1.:
1067 2440 1101 2497 de
1129 2443 1265 2498 nuntiatio

819 2528 940 2586 foenore.
959 2559 994 2571 -·-
1012 2526 1083 2585 Cum
1101 2529 1136 2585 ed
1153 2529 1184 2587 id
1200 2540 1265 2586 tern-

816 2636 869 2695 pus
877 2635 928 2694 pro
939 2617 1061 2672 centenis
1071 2616 1177 2674 essibus
1189 2616 1265 2674 fenus

817 2704 972 2762 duodenum
993 2705 1094 2761 assium
1119 2708 1263 2782 quotannis

816 2790 935 2849 solutum
953 2802 1033 2859 esset,
1060 2791 1112 2848 lrec
1128 2813 1197 2851 nove
1215 2793 1263 2848 tri-

816 2878 951 2936 bunorum
975 2877 1013 2954 pl.
1042 2881 1181 2956 rogatione
1202 2899 1264 2955 per·

817 2965 870 3023 leta
886 2966 964 3024 senus
984 2986 1038 3023 non
1052 2956 1178 3042 gemelius
1195 2967 1264 3023 duo-

818 3054 922 3110 decima
939 3063 1015 3130 parte
1033 3057 1162 3132 cuiusque
1178 3056 1264 3110 sortis

818 3141 978 3216 exigendum
990 3153 1056 3212 eret,
1067 3152 1098 3199 ut
1109 3161 1158 3220 pro
1172 3151 1262 3198 cente-

816 3229 860 3285 nis
873 3230 955 3304 igitur
967 3231 1072 3287 essibus
1082 3229 1263 3307 penderentur

816 3315 852 3388 8}
871 3336 958 3373 esses:
987 3338 1112 3394 annoque
1133 3319 1187 3374 ⁴07
1209 3316 1261 3387 (cf.

812 3400 874 3461 Liv.
887 3407 913 3473 7,
925 3407 987 3474 27.)
1005 3405 1098 3464 fenore
1112 3398 1262 3465 semuncia·

814 3491 856 3564 rio
875 3492 946 3566 lecto
964 3493 999 3564 l}
1018 3512 1101 3552 esses.

155 3594 158 3601 ·
227 3573 315 3642 cer,
335 3578 377 3635 11.
402 3607 436 3623 ·-
461 3574 673 3633 P*rn.1.:em·
744 3578 787 3637 16.
814 3598 835 3634 a
856 3579 897 3638 M.
922 3581 1045 3642 Duellio
1066 3581 1101 3639 L.
1122 3578 1261 3637 Menenio

225 3663 374 3722 bulionem.
392 3661 414 3725 P
432 3685 468 3723 m.
485 3665 512 3724 l.
529 3660 570 3725 ll:
589 3663 672 3721 ambi·

226 3751 336 3808 tionem.

155 3838 198 3896 15.
225 3835 312 3892 laud
326 3856 422 3913 oeque
439 3838 520 3897 loeta
534 3839 671 3913 patribus

224 3926 394 4001 insequenti
402 3944 489 3982 -ouuo
508 3927 540 3984 0.
554 3927 669 3982 Marcio

225 4013 278 4072 Cn.
295 4013 420 4070 Manlio.
436 4019 513 4073 cois
534 4013 595 4070 Plt:
615 4015 669 4070 nisi

223 4099 297 4178 quod
321 4101 349 4157 iu
363 4099 398 4158 ‘ll
409 4116 476 4158 uon
499 4101 580 4171 „Cre
595 4099 669 4158 llan-

742 3734 750 3743 ,
812 3668 940 3724 tribunis
955 3668 998 3743 pl.
1023 3664 1066 3722 Cf.
1085 3666 1120 3721 de
1137 3667 1260 3724 Duellio

813 3757 840 3823 2,
858 3758 902 3811 58.
920 3758 946 3824 3,
959 3757 1003 3818 52,
1023 3757 1049 3823 7,
1060 3756 1105 3813 21.
1124 3756 1151 3822 8,
1163 3755 1206 3816 16.
1226 3753 1261 3809 de

812 3843 948 3901 Menenio
967 3844 994 3910 6,
1013 3844 1056 3898 19.
1069 3872 1104 3887 -
1116 3839 1147 3897 lu
1159 3840 1182 3897 P
1194 3843 1261 3896 seri·

812 3937 887 4005 ptum
906 3939 947 3985 eet
964 3928 992 3986 lr.
1009 3927 1042 3986 l.:
1070 3950 1117 3998 „u
1140 3935 1176 3986 rii.
1200 3927 1259 3982 dui·

812 4014 860 4074 lio.
880 4014 898 4075 Ι.
920 4016 1053 4073 menenio.
1079 4024 1113 4074 ti.
1140 4014 1201 4094 P¹·“
1228 4015 1259 4069 in

811 4101 851 4160 ll:
872 4123 919 4173 „u
937 4109 973 4163 rii.
994 4101 1089 4163 duilio.
1112 4101 1131 4161 l.
1149 4120 1259 4159 moene-
