2618 4590
526 261 711 328 insutu
886 254 889 259 ’
1102 251 1170 323 18Ί

62 431 107 501 lio
129 431 167 500 L.
184 427 336 499 Menenio
358 426 494 495 tribunis
515 424 619 515 plebis
640 426 764 516 rogatio
785 438 837 495 est
856 427 987 517 perlata,
1007 439 1041 496 et
1060 427 1166 519 plebis

62 536 227 627 aliquanto
256 556 331 601 eam
360 530 504 622 cupidius
531 528 624 597 scivit
655 530 853 620 accepitque.
891 531 931 598 ad
962 532 1047 600 bella
1079 556 1164 601 nova

61 641 169 733 priore
199 661 285 705 anno
314 637 469 705 destinata
490 632 605 700 Falisci
633 658 765 724 quoque
792 634 903 703 hostes
924 636 1027 702 exorti
1047 637 1165 728 duplici

64 745 206 827 crimine,
230 743 318 832 quod
339 753 373 808 et
399 763 474 808 cum
494 737 780 828 Tarquiniensibus
802 739 951 807 iuventus
975 762 1088 806 eorum
1108 743 1165 807 mi-

62 849 210 916 litaverat
231 856 265 915 et
285 868 343 913 eos
366 844 421 934 qui
442 843 583 912 Falerios
605 844 818 934 perfugerant,
844 869 920 912 cum
940 844 1027 910 male
1047 860 1199 934 pugna-t

63 964 135 1020 turn
162 963 226 1034 est,
253 948 469 1041 repetentibus
496 947 655 1016 fetialibus
681 946 835 1016 Romanis
861 973 929 1017 non
956 949 1167 1018 reddiderant.

62 1080 101 1125 ea
136 1053 298 1146 provincia
326 1053 385 1122 Cn
413 1053 535 1122 Manlio
568 1053 709 1122 obvenit.
751 1052 891 1121 Marcius
925 1055 1102 1122 exercitum
1133 1056 1167 1121 iu

29 1234 35 1249 .
61 1182 174 1249 agrum
195 1159 413 1227 Privernatem
439 1159 599 1250 integrum
626 1154 708 1250 p'acc
735 1158 910 1248 longinqua
936 1158 1061 1227 induxit
1086 1159 1168 1226 mili

58 1273 191 1353 temque
216 1265 336 1354 praeda
362 1255 506 1355 inplevit.
546 1263 587 1332 ad
609 1263 737 1353 copiam
763 1286 872 1332 rerum
900 1258 1021 1330 addidit
1039 1264 1167 1332 munili-

59 1367 210 1451 centiam,
243 1369 333 1459 quod
360 1369 439 1435 nihil
465 1369 499 1437 in
525 1368 691 1459 publicum
718 1367 916 1436 secemeudo
945 1368 1072 1458 augenti
1093 1393 1165 1435 rem
1178 1380 1214 1434 1⁰

59 1471 216 1562 privatam
243 1473 336 1540 militi
369 1473 457 1543 lavit.
500 1474 701 1541 Privernates
731 1496 807 1539 cum
839 1483 914 1539 ante
945 1474 1073 1540 moenia
1106 1496 1164 1541 sua

59 1577 169 1645 castris
191 1577 378 1669 permunitis
401 1579 635 1660 consedissent,
663 1576 786 1644 vocatis
816 1576 855 1641 ad
879 1575 1063 1643 contionem
1084 1579 1164 1646 mili·

57 1681 143 1748 tibus
164 1693 292 1765 „castra
313 1687 424 1749 nunc“
445 1682 555 1772 inquit
571 1680 688 1767 „vobis
710 1679 853 1746 hostium
873 1679 1053 1769 urbemque
1075 1706 1164 1772 prae·
1278 1656 1290 1689 υ

59 1785 120 1852 dae
143 1785 196 1868 do,
218 1785 245 1851 si
266 1784 346 1868 mihi
366 1785 562 1875 pollicemini
583 1809 644 1855 vos
666 1782 790 1852 fortiter
811 1782 845 1852 in
867 1783 935 1851 acie
957 1806 1090 1875 operam
1111 1811 1165 1852 na-

133 1924 242 1982 niutt.
260 1922 460 2003 pl.“-l1m.
480 1927 518 1987 1.:
536 1946 580 1983 ro·
667 1926 695 1985 7.
722 1944 759 1982 eo
781 1925 945 2000 prouincia.
972 1930 1017 1984 εῆ.
1044 1926 1167 1983 manilio

131 2013 204 2085 gotio
223 2021 265 2068 est
281 2021 372 2091 perta.
394 2034 438 2089 ¹m.
456 2015 496 2073 ΞΑ
513 2034 580 2095 με·
723 2011 857 2066 aduenit:
876 2010 934 2070 ΡΜ.
952 2042 987 2053 -
1010 2011 1091 2072 Recc.
1109 2013 1167 2083 qui·

128 2097 191 2156 lata.
457 2174 459 2178 Α
722 2096 784 2155 dam
802 2096 897 2156 codd:
920 2100 1018 2158 euenit.

75 2187 102 2245 1.
129 2185 265 2261 elplebis
277 2186 433 2261 eliquanto
446 2206 512 2245 eam
529 2207 579 2244 cu·
667 2187 694 2244 8.
720 2185 903 2261 militemque
928 2185 1047 2264 pracda
1075 2186 1168 2262 inple·

127 2273 232 2350 pidius
250 2273 338 2329 sciuit
352 2276 537 2351 accepitque:
555 2274 578 2331 1>
720 2273 778 2330 uit:
795 2270 854 2334 ΡΜ.

89 2401 92 2406 -
128 2380 164 2418 m.
178 2361 218 2431 1.]
237 2368 266 2415 ἐι
281 2359 359 2439 plebs
372 2371 424 2420 cet.
442 2361 481 2439 (Β
499 2381 535 2423 ιιι.
550 2365 577 2422 2.
649 2361 692 2421 10.
710 2361 835 2439 augenti
845 2379 908 2417 rem
917 2361 1068 2434 priuatum
1080 2361 1169 2418 militi

128 2445 182 2516 M).
200 2437 244 2506 Cl.
257 2449 283 2516 2,
296 2449 351 2508 al:
364 2448 462 2526 plebis.
479 2450 506 2517 7,
518 2452 578 2509 uo:
711 2446 814 2519 fauit:
832 2446 863 2507 P.
876 2478 910 2489 -
922 2446 962 2504 ll:
980 2447 1099 2519 augensi
1110 2467 1167 2503 rem

128 2535 212 2594 aedis.
231 2533 265 2594 al.
282 2565 317 2577 -
338 2533 382 2595 bl:
401 2537 482 2617 sciuit
498 2537 576 2612 secel
691 2543 696 2555 ’
718 2537 853 2611 priuatam
870 2534 950 2594 militi
969 2532 1043 2592 fauit.
1066 2533 1128 2605 (cf.
1140 2537 1167 2602 7,

129 2622 171 2701 pit
189 2620 224 2681 ad
239 2621 308 2701 δςΠε
322 2633 374 2681 εει.
384 2620 461 2697 Laid.
475 2643 507 2680 a:
525 2624 577 2680 sci·
720 2624 777 2680 20.:
786 2623 976 2691 transeuntis.)
989 2619 1064 2683 Harl.
1077 2641 1107 2678 ιτ
1121 2640 1167 2676 au-

129 2711 171 2767 uit
188 2712 355 2786 acceptique.
376 2707 450 2767 Harl
469 2728 502 2770 1.=
525 2710 578 2766 sci·
720 2710 839 2783 genti-
851 2709 913 2766 suit.
931 2706 1037 2767 Leidr.
1056 2705 1122 2765 Pell.
1142 2709 1167 2768 1.

128 2797 170 2852 uit
187 2804 356 2870 acceptaque.
720 2797 747 2853 3.
758 2794 835 2852 Voss.
844 2812 874 2852 ιι.
883 2792 931 2851 al:
941 2791 1167 2866 augendi-luit.

72 2887 104 2945 3.
130 2883 248 2941 Falisci
266 2901 384 2957 quoque
405 2880 508 2938 hostes
526 2900 579 2937 ex·
721 2879 847 2954 Plerique
857 2898 926 2937 rece.
937 2878 1166 2954 coddzaugeudo

131 2971 204 3031 orti:
222 2967 285 3031 Plllr
303 2969 356 3027 nisi
370 2965 444 3046 quod
456 2964 478 3021 P
490 2985 526 3023 m.
539 2969 578 3026 1.:
721 2987 779 3023 rem
796 2966 929 3043 priuatam
946 2965 1027 3024 militi
1045 2966 1119 3024 lauit.
1132 2997 1167 3007 -

79 3122 81 3127 .
130 3055 248 3118 erberti.
261 3053 385 3112 -llulti
400 3073 471 3114 rece.
484 3053 578 3117 cudda
719 3055 853 3133 Augenli
863 3053 936 3111 idem
947 3053 1004 3110 lere
1015 3074 1077 3111 esse
1093 3053 1167 3133 quod
1228 3083 1230 3086 >

130 3142 231 3203 falisci
254 3163 363 3226 quoque
390 3142 465 3201 noui
485 3141 580 3200 hostes
690 3163 692 3166 ·
721 3132 1167 3221 augerecupientiucmiuerul·

129 3231 225 3288 exorti.
291 3283 294 3287 ,
719 3231 799 3304 gerit.

72 3310 102 3376 l.
130 3317 215 3394 quod
231 3326 260 3376 et
275 3337 342 3374 cum
357 3318 579 3396 Tarquiniensi·
650 3317 694 3380 11.
720 3335 788 3373 cum
809 3323 879 3374 ante
900 3317 1019 3374 moenia
1040 3335 1098 3375 sua
1119 3336 1166 3372 ca·

28 3432 31 3436 ·
73 3397 77 3403 ⁵
131 3393 188 3462 bur
213 3405 350 3461 iuuentus
373 3425 475 3466 corum
501 3398 579 3466 mili·
668 3472 671 3478 ¹
718 3405 794 3462 stris
816 3405 993 3484 permunitis
1018 3402 1168 3459 concedis·

112 3497 250 3548 ‘cauerat
264 3498 293 3545 ct
303 3510 354 3547 eos
367 3500 436 3553 cet:
454 3489 504 3549 ΡΜ
516 3490 578 3553 cod.
720 3499 802 3550 sent:
821 3488 878 3549 PM.
897 3520 931 3531 -
958 3488 1039 3546 Recc.
1057 3488 1167 3565 quidum

129 3570 227 3635 Geloni
245 3574 318 3635 llorl.
336 3595 355 3637 1.
372 3609 407 3620 -
425 3579 457 3634 lu
468 3577 546 3655 laeid.
558 3597 577 3639 1.
720 3577 816 3639 codd:
834 3578 988 3654 permuniti.
1000 3608 1035 3620 -
1053 3577 1113 3636 Pul:
1132 3577 1167 3634 ad

129 3661 210 3724 Voss.
219 3683 247 3720 n.
260 3661 404 3740 multisque
415 3684 485 3723 rece.
498 3664 578 3726 codd.
721 3666 883 3723 contionem.

130 3753 208 3836 prius
226 3761 259 3809 ot
274 3753 492 3829 praetermissum
510 3762 560 3832 Ιεει.
649 3753 692 3817 14,
718 3773 773 3810 uos
784 3751 911 3824 fortiter·
922 3753 952 3812 in
967 3752 1030 3810 acia
1045 3772 1166 3827 operam
1277 3814 1282 3825 ,

73 3839 104 3898 5.
130 3858 197 3895 cum
222 3841 302 3897 mole
325 3847 492 3919 pugnatum
517 3848 578 3898 est:
720 3849 903 3901 nauaturos:
931 3839 961 3899 P.
996 3869 1033 3884 -
1065 3838 1106 3895 lla
1136 3841 1165 3894 iu

131 3922 181 3986 Pul
198 3923 255 3987 rell.
275 3924 318 3988 Cf.
337 3928 436 3999 ‘biba
455 3946 514 3983 cum
528 3929 577 3982 cir·
720 3929 815 3986 aciem.
834 3959 868 3975 ψ
886 3926 1010 3986 Haila:
1032 3935 1165 4004 gnauatu·
1210 3968 1217 3985 ι

131 4011 252 4070 eumlusa
275 4015 353 4072 turba
371 4023 421 4073 εει.
451 4016 500 4082 29,
517 4016 577 4071 32:
630 4026 635 4037 '
719 4034 773 4074 roe.
792 4014 941 4080 eluro:
960 4033 1058 4072 aarum
1074 4014 1166 4073 iumi-

132 4113 361 4160 cum-veulum
375 4111 426 4161 est.
443 4103 526 4171 noo.
543 4100 577 4160 al.
630 4142 635 4161 .
718 4100 777 4162 lilia
792 4103 938 4178 ingenium.
