2618 4590
166 246 232 317 180
623 257 732 318 ldlllllt
749 256 806 318 Vll.

165 425 236 492 lent
258 448 295 493 sc
316 421 451 513 recepit,
472 419 679 511 Tulliumque
701 431 843 504 secreto,
869 420 1027 511 quaenam
1050 418 1131 487 haec
1153 442 1205 484 res
1228 418 1271 485 sit

167 543 223 599 aut
245 540 401 620 quo·acta
431 551 536 610 more,
563 537 798 616 percunctatur.
836 526 962 591 'lullius
984 548 1100 615 magno
1127 547 1267 614 operca

168 634 321 702 dictatore
344 643 469 723 petere,
496 654 597 698 nese
621 630 755 733 oblitum
778 630 960 720 disciplinae
987 629 1129 696 militaris
1155 653 1196 694 ne
1219 630 1269 693 sni

167 762 249 828 neve
272 738 493 827 imperatoriae
515 735 687 802 maiestatis
716 737 873 803 crederet:
911 733 1104 801 multitudini
1132 733 1268 800 concita-

131 854 228 924 otae‚
251 865 334 930 quae
357 842 459 907 ferme
481 839 663 908 auctoribus
685 839 794 906 similis
818 851 911 923 esset,
933 863 1000 905 non
1013 839 1209 906 subtraxisse
1233 862 1268 903 se

166 947 291 1029 ducem,
314 970 363 1012 na
378 946 449 1036 quis
472 945 561 1027 alitis,
583 944 686 1035 qualis
708 957 798 1013 mota
820 969 927 1013 creare
946 944 1116 1010 multitudo
1140 943 1269 1025 soleret,

123 1072 125 1077 ·
166 1050 326 1119 existeret.
362 1074 438 1117 nam
466 1073 504 1116 se
537 1050 668 1139 quidem
699 1049 777 1116 nihil
809 1073 874 1114 non
908 1049 1035 1115 arbitrio
1069 1048 1269 1138 imperatoris

167 1166 327 1249 acturum:
364 1155 410 1220 illi
438 1179 570 1248 quoque
598 1166 706 1222 tamen
729 1153 901 1225 videndum
930 1177 1046 1244 magno
1075 1176 1172 1242 opere
1197 1177 1269 1218 esse

166 1271 204 1329 ut
226 1261 402 1335 exereitum
424 1259 457 1326 in
478 1270 638 1352 potestate
660 1261 808 1328 haberet:
845 1259 961 1329 differri
981 1283 1047 1326 nou
1068 1281 1165 1348 posse
1189 1259 1270 1323 adeo

120 1375 156 1433 10
168 1365 345 1434 concitatos
370 1364 514 1432 animos:
550 1366 639 1456 ipsos
666 1366 725 1433 sibi
752 1366 865 1432 locum·
887 1389 925 1432 ac
953 1376 1080 1454 tempus
1110 1361 1272 1452 pugnandi

167 1481 363 1561 sumpturos,
385 1468 413 1536 si
435 1470 475 1535 ab
497 1472 690 1561 imperatore
711 1495 778 1539 non
799 1471 901 1537 detur.
940 1469 1017 1536 dum
1032 1468 1113 1534 haec
1134 1468 1271 1557 loquun-

166 1585 228 1658 tur,
248 1574 389 1640 iumenta
411 1575 495 1642 forte
516 1576 677 1666 pascentia
693 1587 783 1643 extra
800 1575 922 1642 vallum
935 1573 1029 1641 Gallo
1052 1572 1191 1662 abigenti
1206 1573 1271 1636 dno

167 1677 283 1745 milites
306 1679 442 1746 Romani
464 1680 665 1747 ademerunt:
702 1681 735 1747 in
757 1703 814 1748 eos
841 1703 919 1745 saxa
947 1677 1090 1744 coniecta
1114 1701 1132 1742 a
1155 1677 1271 1742 Gallis:

167 1782 282 1856 deiude
318 1783 360 1850 ab
392 1783 537 1851 Romana
569 1783 705 1852 statione
739 1781 861 1853 clamor
895 1794 984 1850 ortus
1012 1805 1049 1847 ac
1082 1805 1272 1871 procursum

237 2013 320 2072 fidem
337 2033 424 2072 meam
441 2013 472 2074 P.
489 2012 523 2076 C.
540 2015 620 2075 vobis
636 2035 685 2093 po·

171 2170 175 2175 ,
237 2101 355 2182 poloque
378 2103 412 2162 R.
434 2106 528 2181 reique
550 2103 685 2182 publicae,

236 2189 311 2262 quod
327 2190 460 2266 prolecto,
478 2210 539 2246 cum
552 2211 595 2248 me
613 2190 685 2247 nulla

239 2277 281 2330 ris
300 2285 414 2348 cogeret,
432 2276 520 2331 lacere
532 2277 684 2339 nouuude·

239 2379 296 2415 rem
312 2363 582 2438 pertimesceremque
606 2365 635 2418 in
655 2384 686 2418 re

240 2447 356 2503 maxima
377 2447 555 2522 periculosam
581 2451 685 2527 opinio-

240 2551 302 2587 nem
312 2536 484 2591 temeritatis:
492 2539 630 2611 promitto
641 2557 685 2593 rs·
736 2546 742 2564 ⁹

240 2621 316 2694 cipio
335 2621 468 2696 spondeo
487 2621 516 2680 P.
536 2621 569 2683 C.
588 2623 685 2681 Caium

238 2703 384 2765 Caesarem
400 2707 481 2765 talem
502 2729 609 2790 semper
626 2711 686 2768 iore

239 2795 327 2852 civem
348 2795 435 2872 qualis
457 2797 540 2854 hodie
561 2800 598 2854 sit
621 2820 685 2876 qus·

238 2880 345 2961 lemque
354 2904 415 2940 enm
424 2887 538 2942 maxime
547 2905 606 2943 esse
616 2887 685 2944 vella

239 2980 267 3025 et
293 2981 385 3046 optare
407 2972 565 3031 debemus“.
587 2973 621 3032 al.
649 3006 684 3015 -

239 3053 267 3108 Μ
284 3075 320 3114 m.
339 3059 378 3113 1.:
400 3059 543 3136 extemplo.

189 3139 214 3197 1.
241 3159 388 3215 quaenam
412 3142 487 3198 hoec
509 3165 558 3201 res
576 3149 617 3202 sit
632 3158 687 3204 out

827 2034 904 2092 quae.
917 2045 952 2055 -—
968 2010 996 2070 Μ
1012 2009 1090 2070 Leid.
1101 2029 1120 2068 1.
1134 2007 1183 2067 at:
1199 2008 1275 2063 simi·

826 2101 861 2159 lis
879 2121 948 2160 esse.

773 2191 801 2247 6.
830 2191 945 2264 qualis:
966 2185 1015 2242 ΡΜ
1032 2184 1106 2243 Harl.
1119 2204 1137 2242 r.
1158 2181 1237 2240 Leid.
1253 2202 1270 2237 ι.

827 2274 878 2346 al]
898 2274 998 2350 quales.

774 2365 801 2420 7.
828 2381 898 2417 num
921 2383 955 2419 sc
982 2361 1103 2439 quidem
1119 2359 1197 2416 nihil
1213 2379 1273 2414 uon

825 2450 949 2505 orbaris
976 2449 1164 2525 imperatoris
1193 2455 1273 2503 ustu-

826 2555 907 2593 rum:
931 2535 1007 2599 Pm.
1025 2538 1052 2595 2.
1069 2535 1097 2591 Μ
1114 2533 1172 2594 rsll.
1191 2565 1226 2576 -
1249 2533 1272 2588 P

826 2627 919 2681 m.1.:
947 2645 1009 2680 nam
1031 2622 1141 2701 quidem
1159 2633 1211 2681 cet.
1239 2654 1273 2662 -

827 2709 901 2770 llarl.
919 2731 953 2767 r.:
977 2731 1039 2767 nam
1057 2731 1087 2766 se
1105 2709 1214 2787 quidem
1231 2711 1273 2764 ni-

826 2799 866 2855 hil
883 2800 944 2856 nisi
960 2800 1071 2857 arbitrio
1091 2807 1141 2856 cet.

772 2888 800 2945 8.
828 2887 876 2943 illi
901 2907 1020 2964 quoque
1044 2895 1143 2942 tumen
1170 2884 1273 2940 uiden-

826 2974 913 3030 dum:
935 2973 996 3030 Pll:
1023 2975 1077 3030 nisi
1099 2969 1171 3050 quod
1195 2974 1225 3026 in
1249 2971 1274 3031 P

827 3065 975 3129 ‚,tamem“
1004 3063 1133 3139 scriptum
1157 3067 1208 3117 est.
1237 3091 1272 3102 -

767 3151 770 3155 ’
826 3147 903 3204 lllulti
923 3169 993 3208 rece.
1020 3147 1112 3207 codd:
1138 3145 1207 3204 illud
1233 3157 1273 3202 ta·

240 3247 300 3304 quo
319 3239 387 3284 usta
405 3249 503 3287 mors:
521 3231 590 3290 Pm.
607 3235 632 3288 2.
644 3234 685 3290 lll:
826 3236 1147 3312 menprouidendum.-
1159 3236 1273 3313 Magno

240 3318 369 3374 omissum
379 3319 495 3378 animm.
505 3321 529 3378 l.
540 3329 686 3379 eratmors
828 3343 915 3397 opere
933 3333 962 3379 ut
984 3324 1065 3400 paulo
1083 3333 1145 3379 ante
1163 3326 1273 3400 scripsi-

238 3402 267 3457 in
289 3400 320 3461 P.
339 3437 373 3447 —
399 3403 437 3461 P=
458 3417 626 3484 paunctato'r.
643 3408 685 3466 Ill:
826 3428 887 3466 mus
905 3431 939 3467 cx
955 3409 982 3466 Μ
1000 3411 1033 3469 al.
1052 3443 1086 3454 -
1109 3409 1144 3466 P:
1162 3429 1271 3485 magno·

238 3501 418 3562 percontatur.
441 3491 485 3552 Cf.
504 3496 530 3563 6,
548 3497 606 3557 lb:
624 3517 687 3574 per·
825 3515 898 3573 pere.

239 3580 471 3658 cantantibusque.
757 3583 799 3644 11.
827 3584 899 3641 dum
910 3584 984 3643 haec
994 3589 1171 3663 loquuntur:
1189 3585 1225 3647 Μ.
1238 3620 1273 3628 -

186 3658 213 3718 P.
239 3679 347 3738 magno
361 3687 466 3741 opere:
480 3668 592 3729 MLeid.
605 3689 623 3728 1.
633 3669 684 3743 al]
825 3670 860 3729 P:
888 3672 1024 3752 loquutur.
1054 3706 1088 3718 -
1122 3673 1151 3730 Μ
1179 3694 1217 3730 m.
1249 3679 1272 3730 l.

238 3765 399 3824 magnopere
417 3754 482 3826 (P).
502 3755 545 3818 Cl.
563 3762 590 3826 6,
608 3763 633 3819 5.
825 3758 905 3819 Voss.
922 3781 950 3820 n.
969 3761 1017 3818 al:
1035 3761 1105 3837 gallo
1124 3762 1271 3838 ubingenti.

185 3831 211 3889 4.
238 3836 421 3896 multitudini
431 3846 593 3902 concitatae
606 3867 683 3921 quac
824 3846 852 3904 Μ
869 3869 904 3906 m.
924 3851 950 3906 2.
963 3849 997 3903 P:
1017 3849 1142 3922 abigenti.
1154 3847 1229 3906 Harl.
1238 3866 1270 3906 r.:

231 3919 334 3993 ferme
343 3931 513 3989 auctoribus
522 3934 629 3990 similis
638 3954 682 3989 cs·
824 3935 933 3993 abienti.
951 3965 984 3975 -
1011 3934 1073 3990 Plll:
1098 3935 1269 3994 ademerunt.

237 4017 284 4064 set
299 4031 359 4067 raon
371 4019 558 4078 subtraxisse
576 4041 610 4076 ss
628 4021 682 4075 du·
822 4021 897 4082 llarl.
910 4043 941 4081 r.:
960 4023 1092 4080 ademere.

135 4182 138 4187 ³
235 4112 312 4153 cem:
339 4098 368 4158 P.
397 4133 433 4146 -
469 4105 509 4160 Ill:
541 4110 682 4164 concitare
752 4110 796 4166 14.
823 4110 931 4167 deinde
949 4111 988 4172 ab
1004 4110 1271 4164 romanustatione
