2618 4590
505 277 613 365 uras
627 276 688 340 rn.
1080 268 1145 343 aar.
1249 228 1252 235 ’

45 448 144 523 strae,
171 451 209 508 ut
229 438 321 507 vobis
343 459 403 527 ego
426 438 527 529 magis
554 440 751 509 necessitatis
772 452 896 510 vestrae
923 445 1019 514 index
1045 468 1143 536 quam

44 544 168 612 consilii
190 555 302 613 auctor
322 542 398 610 sim:
432 566 540 634 neque
561 546 657 631 entim
681 545 836 617 maneatis
858 569 899 613 an
920 548 1038 617 abeatis
1057 548 1144 635 hine,

43 648 211 717 deliberari
231 659 347 740 potest,
369 672 444 715 cum
459 657 585 738 praeter
606 675 694 718 arma
716 661 750 719 et
762 650 885 717 animos
900 674 1060 720 annorum
1076 679 1140 723 rne-

41 776 151 820 mores
172 755 250 820 nihil
272 753 511 822 vobis'iortuna
532 753 647 845 reliqui
662 755 778 822 iecerit-
786 755 936 845 fameque
959 769 993 825 et
1009 759 1059 825 siti
1074 783 1141 826 mo-

39 856 188 925 riendum
210 861 258 942 sit,
288 861 316 928 si
336 858 530 950 plusquam
552 858 698 926 virosae
720 859 884 927 Romanos
907 861 1001 930 decet
1022 862 1177 933 semime

39 961 221 1032 timeamus.
261 989 336 1056 ergo
364 987 428 1031 uno
450 974 500 1030 est
520 963 606 1031 salus
629 988 798 1055 erumpere
820 964 895 1032 hinc
917 977 1013 1055 atque
1039 967 1142 1037 abire:

37 1063 72 1132 id
104 1078 159 1134 aut
186 1056 320 1143 interdiu
348 1080 404 1137 aut
429 1078 525 1136 nocte
554 1068 707 1136 faciamus
741 1081 881 1160 oportet:
920 1094 997 1138 ecce
1033 1081 1142 1139 autem
1214 1152 1217 1157 Ι

38 1170 126 1238 aliud
147 1173 252 1241 minus
275 1172 421 1241 dubiumz
453 1172 573 1264 quippe
595 1173 624 1241 si
643 1173 702 1242 lux
730 1185 932 1265 expectetur,
961 1200 1045 1267 quae
1060 1197 1142 1265 spes
1242 1248 1247 1263 ,

38 1287 175 1345 estnon
188 1279 273 1346 vallo
292 1288 449 1368 perpetuo
465 1278 618 1368 fossaque
639 1302 700 1345 nos
717 1291 903 1369 saepturum
923 1279 1061 1362 hostem,
1084 1278 1142 1369 qui

36 1403 123 1448 nunc
149 1384 336 1474 corporibus
362 1383 428 1451 suis
462 1382 615 1451 subiectis
643 1384 784 1476 undique
813 1384 947 1452 cinxerit
966 1395 1003 1452 ut
1025 1381 1139 1452 videtis
1151 1395 1187 1452 1⁰

37 1483 165 1554 collem.
203 1489 291 1579 atqui
319 1485 346 1555 si
373 1512 440 1555 nox
470 1499 650 1579 opportuna
678 1501 728 1557 est
754 1489 911 1579 eruptioni
943 1488 989 1555 sic
1017 1499 1056 1557 ut
1083 1499 1170 1581 est„

37 1587 121 1657 haec
140 1593 287 1682 proiecto
309 1593 597 1685 noetis-aptissima
618 1591 784 1661 horaest:
808 1596 897 1684 signo
920 1594 1080 1660 secundae
1097 1592 1141 1657 vi
1223 1644 1229 1663 ,

37 1693 130 1785 giiiae
161 1698 368 1779 convenistis,
400 1698 488 1788 quod
515 1709 642 1788 tempus
670 1700 822 1768 mortales
849 1722 964 1765 somno
986 1694 1140 1762 altissimo

32 1799 167 1890 ptenit:
191 1827 250 1894 per
271 1827 406 1893 corpora
428 1802 532 1893 sopita
549 1804 671 1873 vadetis
693 1804 746 1872 vel
767 1800 894 1871 silentio
916 1796 1062 1868 incautos
1084 1798 1165 1865 fat·

32 1903 139 1974 lentes
168 1907 221 1974 vel
255 1908 462 1979 sentientibus
491 1908 631 1977 clamore
657 1908 763 1977 subito
792 1930 948 2000 pavorem
979 1903 1140 1972 iniecturi:
1153 1917 1188 1973 ts

32 2034 89 2079 me
111 2012 210 2080 modo
233 2012 417 2104 sequimini,
441 2038 538 2104 quern
560 2013 661 2082 secuti
684 2013 774 2082 estis:
812 2037 873 2103 ego
900 2012 1035 2078 eandem
1058 2031 1140 2099 quae

34 2116 128 2185 duxit
148 2117 215 2187 huc
235 2142 351 2208 sequar
372 2117 543 2186 fortunam.
581 2119 697 2210 quibus
719 2119 801 2187 haec
815 2115 963 2184 salutaria
986 2116 1140 2195 videntur,

32 2221 218 2312 agitedum
240 2224 273 2290 in
295 2222 442 2290 dextram
464 2235 588 2314 partem
610 2221 746 2315 pedibus
767 2221 933 2290 transite“.
964 2248 967 2255 ·
1021 2260 1025 2269 ·

125 2325 276 2396 XXXVI.
323 2327 444 2394 Omnes
477 2331 668 2397 transierunt
696 2331 932 2414 vadentemque
962 2320 1020 2412 pe'r
1046 2321 1139 2388 inter-

30 2430 131 2501 missa
154 2430 306 2517 custodiis
327 2430 399 2521 loca
413 2432 552 2501 Decium
567 2434 668 2503 secuti
684 2446 768 2503 sunt.
805 2431 870 2497 iam
892 2436 1059 2495 evaserant
1074 2450 1139 2494 me·
1152 2438 1188 2495 2⁰

29 2538 84 2607 dia
107 2547 224 2620 costra,
258 2557 332 2635 eum
359 2536 613 2628 superscandens
635 2510 776 2632 vigilium
805 2541 903 2604 strata
931 2554 1046 2600 somno
1072 2555 1140 2598 cor·

47 2730 78 2789 2.
104 2740 202 2808 neque
231 2732 308 2786 enim
337 2730 483 2791 maneatis
511 2752 553 2787 an
696 2726 969 2802 duoRomanisuper
982 2720 1141 2785 atiumalius

11 2863 13 2866 -
50 2882 53 2887 ,
102 2817 301 2883 ¹ebatrtishinc
314 2817 551 2895 deliberaripot·
677 2850 752 2896 .'‘·
775 2817 929 2893 expirantes
975 2815 1140 2867 corruerunt.

83 2901 164 2965 wei:
182 2902 210 2961 iil
226 2924 262 2960 m.
280 2905 306 2960 3.
324 2898 355 2962 P.
368 2937 401 2946 -
414 2903 442 2961 Μ
457 2924 493 2961 m.
514 2908 551 2962 1.r
695 2902 775 2962 Caes.
793 2903 819 2959 b.
842 2899 902 2972 gali.
923 2901 953 2961 1,
972 2894 998 2950 1.
1022 2900 1049 2946 ct
1067 2896 1097 2959 1,
1113 2894 1139 2950 Ξ.

103 2989 235 3045 maneatis
254 2987 380 3047 anbeatis
399 2999 449 3047 cet.
468 3021 502 3032 -
519 2989 552 3047 In
695 2980 729 3045 ati
753 3016 787 3026 -
811 2980 886 3041 Harl.
903 3000 934 3040 u:
963 2989 1074 3057 septum
1091 2978 1139 3034 ho·

103 3075 179 3141 Harl.
198 3098 216 3136 1.
235 3077 336 3134 excidit
353 3078 439 3136 enim.
466 3105 501 3119 -
520 3076 552 3134 1Ρ
692 3083 771 3137 stem,
789 3104 823 3155 .‘’
843 3067 927 3127 Paulo
946 3077 1010 3147 post
1025 3065 1103 3126 Leid.
1121 3085 1139 3122 r.

101 3184 140 3225 m.
153 3168 192 3223 t:
210 3164 280 3221 nihii
298 3165 375 3224 uobis
388 3166 496 3223 fortuna
508 3185 550 3222 re·
629 3224 632 3229 ,
694 3158 773 3221 Voss.
792 3179 820 3219 ιι.
844 3157 892 3218 ὼ
916 3166 998 3235 atque
1023 3156 1048 3212 si
1076 3168 1140 3212 nox.

102 3251 179 3331 lique
206 3251 300 3311 iecerit
329 3253 472 3331 semenque
499 3263 549 3312 eet.
694 3282 727 3292 -
747 3245 808 3305 Pit:
828 3255 970 3322 oportuna.
997 3277 1031 3287 -
1061 3234 1139 3302 Pm.

101 3343 195 3409 qnia
213 3339 320 3417 reliqui.
696 3337 734 3394 1.=
753 3356 799 3390 ora
819 3343 867 3392 est.
886 3364 920 3376 -
944 3332 966 3388 P
984 3352 1020 3390 m.
1039 3333 1077 3386 1.=
1094 3347 1139 3384 so·

48 3429 77 3486 7.
101 3444 169 3489 ecca
178 3433 277 3483 autem
288 3428 375 3482 aliud
385 3430 483 3486 minus
496 3429 550 3486 du·
693 3425 767 3478 mnio
780 3421 920 3477 altissimo.
938 3439 973 3475 m.
984 3420 1009 3474 2.
1018 3437 1025 3471 ε
1034 3433 1139 3474 somno.

103 3514 198 3570 bium.-
217 3511 274 3570 ΡΜ.
292 3511 401 3590 Ellipsis
420 3514 551 3591 quaedam
694 3540 728 3552 -
748 3506 822 3566 Harl.
836 3528 853 3567 1.
871 3504 947 3571 Leid.
962 3522 993 3562 t:
1016 3503 1140 3561 incauto!

101 3602 133 3657 in
149 3599 194 3657 his
210 3600 302 3657 verbis
320 3601 403 3668 inest,
430 3622 491 3657 eum
510 3602 549 3657 di·
691 3594 832 3672 pallentes.

51 3710 60 3732 κ
102 3687 219 3745 cendum
243 3687 325 3744 fuerit
348 3687 481 3757 „alterum
500 3687 551 3745 dii·
622 3688 666 3744 21.
694 3684 830 3763 uigiliam
847 3689 1059 3739 strataaomno
1076 3695 1138 3736 cor·
1171 3724 1182 3737 ,

100 3774 175 3833 iicile
193 3786 242 3844 est,
264 3775 376 3844 alterurn
393 3776 482 3832 minus
501 3775 550 3831 du·
691 3790 785 3848 pora:
803 3767 825 3827 P
843 3790 878 3829 m.
898 3772 940 3842 1.]
959 3769 1068 3844 vigilum
1087 3776 1138 3825 cet.

100 3863 213 3921 bium“:
232 3865 285 3920 nisi
303 3862 373 3920 forte
390 3862 421 3922 L.
440 3864 551 3942 scripsit
693 3859 715 3914 P
733 3880 769 3917 m.
787 3861 825 3916 Ἅι
848 3857 971 3933 uigiliam
989 3865 1075 3912 castra
1093 3873 1135 3911 so·

104 3972 193 4014 „ecce
216 3962 305 4010 autem
328 3950 399 4008 aliud
423 3949 476 4007 alio
500 3953 549 4006 mi·
692 3966 756 4004 mno
776 3956 826 4005 cet.
854 3944 893 4002 M:
912 3943 1024 4018 uigilum
1041 3950 1139 3999 stratas

103 4052 155 4091 ¹111⁸
181 4039 323 4099 dubium‘t,
351 4068 386 4082 -
414 4037 459 4094 De
482 4056 550 4094 voce
693 4036 802 4091 omnino
814 4051 935 4107 corpora.
947 4051 982 4083 m.
995 4031 1137 4083 ammte.

103 4120 193 4176 aliud
208 4141 259 4198 pro
277 4122 372 4180 altero
390 4124 424 4179 ct.
444 4121 474 4190 1,
492 4123 550 4179 iia
561 4070 602 4155 ο
691 4115 735 4176 cf.
754 4122 798 4180 37,
817 4117 859 4172 20.
883 4143 919 4156 -
944 4108 984 4168 tl:
1002 4109 1080 4169 miles
1097 4110 1137 4169 oi·

50 4223 82 4270 'i'-
97 4224 152 4270 1ιίνὶ
165 4239 216 4284 pars
228 4225 260 4269 lt.
327 4256 330 4263 ·
895 4202 936 4269 17
