2780 4720
434 277 436 288 ’
502 343 508 364 =
538 329 643 388 nisse
661 331 694 388 x.
902 374 904 383 .
1098 313 1171 378 749·

46 491 144 560 libus
167 493 292 560 Etruria
315 491 452 559 detritio
483 491 589 560 evenit
616 491 793 560 secundum
822 501 897 556 vota
920 489 1073 571 militum,
1107 486 1162 577 qui

47 597 125 664 vim
137 597 275 687 ingeris
287 598 360 664 iem
383 595 418 664 in
429 597 561 666 Samnio
576 622 640 665 non
657 581 874 686 patiebantur·
890 593 1015 682 Papirio
1031 594 1071 658 ad
1087 593 1162 658 Sne-

48 701 171 789 pinum
194 702 295 769 maior
317 703 366 770 vis
389 702 536 778 *hostiurn
564 702 691 770 restitit:
729 720 825 789 saepe
854 699 885 764 in
914 697 981 765 acie
1010 719 1105 786 saepe
1124 696 1159 762 in

46 795 185 894 agmine
213 820 309 896 saepe
324 807 423 874 *circo
448 808 552 899 ipsam
581 807 695 873 urbem
723 805 873 871 adversus
896 800 1079 892 eruptiones
1102 799 1157 867 bo·

47 911 154 976 stium
183 921 375 1002 pugnatum:
413 935 474 980 nee
505 911 629 980 obsidio
658 911 715 976 sed
743 909 865 976 betium
893 927 1061 996 exaequo
1085 903 1189 984 erato

48 1038 123 1081 non
154 1017 241 1082 enim
268 1015 367 1082 muris
396 1017 496 1108 magis
525 1006 569 1083 se¹
582 1013 742 1082 Samnites
772 1035 870 1104 quom
898 1011 993 1078 armis
1023 1032 1060 1075 ac
1088 1008 1162 1074 vin's

49 1119 187 1186 moenia
209 1120 407 1187 tutabantur:
431 1121 560 1187 tandem
582 1119 753 1211 pugnando
776 1119 811 1186 in
826 1117 1025 1185 obsidionem
1047 1113 1162 1180 iustam

50 1223 165 1312 coegit
186 1223 297 1291 hostes
319 1225 561 1315 obsidendoque
584 1223 615 1292 'vi
638 1235 735 1313 atque
756 1221 906 1311 operibus
928 1220 1043 1286 urbem
1066 1241 1162 1307 expu-

48 1327 175 1417 gnavit.
213 1328 322 1418 itaque
339 1329 384 1394 ab
404 1329 451 1396 ira
473 1330 547 1419 pius
576 1328 681 1395 caedis
710 1327 832 1394 editum
859 1336 952 1416 capta
981 1322 1078 1390 urbe:
1116 1344 1162 1388 se·

127 1459 165 1530 Et
183 1458 272 1551 saepe
290 1478 321 1532 in
339 1458 577 1556 aciae'pugnatum

130 1581 198 1619 ease
220 1563 359 1638 exprimit,
387 1565 511 1639 quemvis
531 1565 577 1620 vix

129 1658 219 1704 tantae
249 1651 343 1725 copiae
373 1652 454 1706 nnius
482 1650 577 1726 oppidi
639 1693 642 1708 .

130 1734 287 1791 viderentur
305 1755 379 1804 esse,
405 1741 493 1793 tamen
512 1737 577 1793 Sae-

128 1824 236 1898 pinates
249 1843 331 1880 ausos
348 1843 474 1884 essenon
496 1824 576 1881 modo

129 1901 255 1986 carptim*
266 1913 294 1966 in
320 1913 424 1986 agmine
444 1921 474 1976 et
491 1932 578 1968 erum·

134 1995 224 2072 pendo
248 2013 281 2052 ex
306 1992 448 2056 nrbe‘cnm
471 1995 578 2054 obside-

129 2091 222 2138 rentur
245 2081 381 2140 Romanos
399 2085 510 2161 aggredi¹
528 2085 577 2142 sed

128 2173 160 2241 in
186 2171 254 2225 inste
285 2171 504 2229 ncie'militibns
536 2166 575 2228 in·¹

131 2257 241 2312 structis
263 2245 417 2337 omatis'que
444 2259 577 2338 proelium

132 2346 314 2404 committerer
327 2345 369 2406 Gi.
388 2351 415 2414 bt
427 2349 485 2406 tt:
505 2347 578 2424 qnod

104 2459 107 2464 ·
131 2451 181 2486 nee
199 2433 229 2486 in
247 2433 311 2490 acie
328 2437 451 2508 ancipiti
465 2453 577 2513 nsquam

132 2527 300 2576 certaverant
314 2522 431 2596 proelio
442 2541 503 2582 nec
521 2531 578 2578 tum

131 2609 233 2681 impetu
251 2613 303 2662 'ant
321 2609 347 2662 vi
371 2609 513 2684 capiebant
534 2630 577 2666 ur·

135 2693 204 2749 bem.
224 2691 291 2750 vett.
310 2692 367 2751 Pat.
390 2697 432 2774 2,
446 2699 503 2752 i7.:
531 2716 579 2772 pu·

133 2787 240 2853 gnatam
266 2798 347 2856 saepe
370 2778 404 2836 de
426 2789 498 2842 recta
521 2783 579 2838 acie

134 2885 215 2940 saepe
227 2868 254 2921 in
266 2866 416 2940 agminibus
426 2885 506 2944 saepe
519 2887 577 2925 ern·

134 2953 271 3028 pitonibus
285 2963 379 3011 cete—
392 2952 460 3012 Lov.
476 2957 516 3016 i.:
531 2975 577 3031 pu·

118 3049 240 3116 ignarum
260 3049 309 3098 est.

85 3135 109 3187 5.
134 3147 187 3184 nec
205 3127 320 3184 obsidio
340 3129 397 3185 aed
414 3130 523 3187 beilum
535 3147 578 3189 'erc

133 3233 229 3289 nequo
254 3224 334 3272 erat:
356 3213 398 3288 tl]
422 3216 508 3296 neque
532 3219 578 3274 ob·
639 3245 643 3252 ·

137 3300 207 3357 sidio
226 3301 275 3356 sed
293 3301 391 3360 belinm
409 3313 462 3364 cet.
480 3305 517 3375 (i.
534 3304 579 3364 Fr.

135 3387 244 3457 Gran).
263 3421 296 3432 -
323 3389 434 3451 Preti:
461 3412 515 3448 nec
532 3394 579 3449 ob·

134 3476 204 3532 sidio
232 3495 286 3532 nec
308 3475 406 3534 bellurn
434 3495 467 3535 ex
494 3498 580 3557 aequo

136 3571 199 3621 erat.
212 3593 246 3606 ·-
260 3561 384 3622 Forsitan
401 3564 500 3622 mendo
514 3587 580 3643 quo-

137 3651 197 3707 dam
216 3669 266 3707 neo
284 3651 318 3707 ds
336 3651 468 3708 industria
487 3655 516 3710 in
534 3673 579 3709 an·

134 3737 430 3816 'tiquiorealiqnolibro
449 3761 502 3798 nec
514 3744 580 3798 scri·

140 3835 213 3903 ptum
245 3825 330 3882 attero
361 3825 421 3884 loeo
449 3829 498 3884 ait:
540 3831 580 3884 sic

139 3914 207 3970 enim
231 3915 311 3970 etiam
336 3915 366 3970 in
383 3911 410 3970 ΙΙ
428 3919 459 3982 9,
477 3919 503 3974 5.
527 3917 579 3972 nob

137 4002 193 4058 aed
221 4003 351 4076 seriptum
381 4000 498 4059 vidimus
531 4003 580 4059 sed

139 4131 153 4154 .,
162 4107 212 4145 aee
224 4099 275 4165 per
285 4088 489 4166 sponsionem“‚
508 4090 579 4166 quod

138 4173 262 4232 facillime
281 4195 331 4251 pro
350 4195 403 4234 nec
421 4175 513 4232 baberi
532 4197 579 4254 po·

711 1457 783 1541 tuit,
811 1473 967 1548 praesertim
995 1491 1055 1528 cnm
1073 1469 1164 1548 priore

676 1569 679 1582 ¹
718 1561 779 1617 loco
803 1581 856 1618 nec
878 1560 1016 1635 legeretur.
1047 1567 1107 1614 utut
1134 1555 1163 1613 id

720 1657 770 1715 est,
788 1649 816 1704 in
836 1667 897 1704 uno·
907 1647 974 1704 bled.
996 1648 1065 1702 iusta
1085 1644 1164 1701 buius

719 1735 774 1792 loci
808 1737 941 1811 scriptura
977 1742 1083 1812 reperta
1114 1741 1164 1791 est.

718 1832 810 1901 aperte
822 1824 893 1878 enirn
906 1821 1017 1878 iiiviana
1031 1820 1109 1876 verbe
1122 1839 1163 1875 se·

720 1911 828 1994 quentia
864 1909 976 1975 docent,
1012 1915 1086 1994 tanto
1117 1927 1165 1985 pu·

719 1997 818 2071 gnandi
855 1996 952 2052 ardore
980 1993 1165 2074 Saepinatinm

719 2087 823 2141 animos
835 2103 964 2141 accensor
976 2083 1062 2140 inisse
1077 2091 1107 2137 nt
1119 2080 1164 2136 ob·
1243 2100 1247 2113 ι

682 2173 684 2182 ’
719 2175 787 2229 sessi
806 2169 962 2228 aliomanis
980 2190 1011 2227 se
1027 2170 1113 2226 muris
1124 2177 1165 2224 tn·
1250 2219 1252 2234 ‚

722 2259 771 2312 tari
799 2246 962 2326 nnlnisscnt,
990 2255 1039 2314 sed
1067 2257 1165 2313 totiens

708 2366 754 2406 cx
775 2346 842 2402 urbe
865 2366 912 2404 eos
935 2347 1111 2421 erupissent
1133 2363 1167 2400 ax

721 2453 805 2512 aequo
825 2433 923 2490 bellum
946 2436 1002 2510 geri
1018 2429 1166 2489 rideretur.

719 2521 756 2562 '-
775 2519 853 2579 Voss
869 2541 895 2576 u
914 2520 947 2580 ai.
965 2522 1069 2588 „armis
1087 2521 1167 2576 eini-

722 2609 789 2666 ris“.
827 2605 870 2666 Ci.
892 2627 973 2685 supra
998 2610 1047 2664 uri
1063 2628 1099 2663 ac
1115 2627 1166 2662 va·

722 2696 806 2752 stari.
819 2725 852 2734 -
865 2694 947 2750 Penio
959 2703 1023 2772 post
1035 2695 1166 2768 “aptum
1181 2765 1184 2774 ’

721 2782 914 2837 εεινειὶιοιιιιιι
926 2780 1068 2838 metathesi
1076 2783 1113 2836 *in
1126 2779 1166 2838 bl:

676 2879 680 2890 '
722 2909 739 2936 ,‚
751 2867 954 2946 obsidendoque
972 2871 1000 2926 ui
1013 2877 1091 2946 atque
1104 2889 1166 2944 ope·

721 2955 796 3012 ribus
819 2955 887 3012 urbe
910 2957 985 3031 itaq)
1005 2957 1167 3032 expugnauit
1187 2963 1192 2984 ‘

640 3057 644 3062 '
720 3043 753 3098 ab
772 3043 880 3128 iraneet.
907 3042 942 3099 1³:
962 3042 1167 3122 „obsidendum
1210 3075 1215 3081 ·

692 3155 696 3161 ··
720 3131 848 3208 operibns
877 3131 970 3187 urbem
997 3134 1168 3210 'expugnauit
1230 3145 1234 3161 ’

721 3220 811 3296 itaque
839 3218 871 3274 ab
894 3220 1032 3277 ira‘aeee
1061 3218 1167 3276 dnobus

721 3306 811 3360 verbis
828 3308 1034 3388 praetermissis.
1148 3337 1150 3345 v

641 3419 644 3426 ’
670 3431 694 3450 ι.
727 3407 782 3449 711
801 3407 886 3452 cccc
904 3395 986 3469 caepi
1007 3401 1095 3468 capto
1118 3393 1168 3448 mi-

669 3556 671 3562 .
714 3499 780 3536 *nus
797 3475 851 3536 111
857 3481 913 3536 'md
927 3480 1092 3537 dominnm:
1103 3479 1167 3544 PM.

722 3597 754 3608 ·-
776 3564 853 3625 Voss.
871 3587 889 3626 1.
908 3567 956 3626 ai:
979 3587 1016 3624 vn
1032 3586 1068 3624 ιιι
1087 3567 1166 3626 baasi.

722 3683 756 3697 -
785 3653 862 3714 Voss.
881 3674 924 3711 ιιι
953 3675 1037 3715 caesa.
1067 3687 1100 3697 -
1136 3655 1166 3711 in

723 3741 800 3798 Laid:
822 3761 838 3801 1.
866 3740 932 3801 Lov.
952 3745 978 3802 d.
1005 3743 1038 3803 al.
1068 3743 1167 3800 excidit

682 3857 699 3900 '.
721 3831 810 3887 caesi.
829 3859 862 3869 -
881 3827 951 3888 Lon·
961 3835 1001 3890 t:
1022 3840 1098 3908 capte
1118 3832 1167 3888 mi·

723 3935 773 3972 nus
791 3914 878 3972 tribus
897 3916 1023 3975 millibus.
1059 3917 1104 3978 Cf.
1125 3922 1167 3986 10,

722 4007 781 4062 37³
800 4013 877 4081 capta
895 4003 1009 4080 amplius
1023 4006 1077 4062 dno
1095 4004 1166 4062 milia

724 4093 874 4160 bominum,
903 4095 991 4150 minna
1015 4092 1069 4150 dno
1094 4093 1167 4150 milia

723 4180 792 4248 circu
812 4199 902 4236 mnros
922 4196 1006 4239 caesa.
1031 4211 1062 4243 ,-
1088 4180 1166 4246 mm.
