2618 4590
161 249 206 319 88
355 292 358 299 ·
633 256 743 320 tinnit
760 256 806 323 ll.

161 425 226 495 lata
248 431 309 493 est.
344 421 438 513 igitur
458 445 534 493 cum
547 420 706 513 Sulpicius
728 420 908 493 abdicasset
921 444 958 491 se
978 421 1174 512 magistratu,
1196 444 1269 491 cen-

162 551 252 599 sores
279 527 332 595 elii
364 514 446 597 virid
469 526 567 597 creati
594 551 662 595 non
693 539 860 617 gesserunt
890 527 1118 619 magistratum.
1156 527 1269 595 tertios

163 633 263 703 creari
283 631 374 703 'velut
395 633 454 701 diis
476 656 544 701 non
564 631 790 722 accipientibus
813 631 846 699 in
867 656 944 700 eum
965 654 1084 699 annum
1099 653 1269 699 censuram

162 738 345 829 religiosum
367 737 436 805 fuit.
473 762 545 808 eam
570 760 649 804 vero
677 736 927 805 ludificationem
953 736 1057 828 plebis
1083 735 1203 803 tribuni
1224 735 1268 805 fe-

23 888 32 901 :
77 914 81 925 ,
133 844 295 921 brendam
318 841 492 932 negabant:
531 841 642 931 fugere
668 852 817 911 senatum
843 851 942 909 testes
971 839 1096 908 tubulos
1122 839 1268 930 publicas

144 971 278 1017 ,census
301 947 456 1036 cuiusque
478 944 554 1037 quia
574 943 677 1012 nolint
698 945 841 1037 conspici
867 970 1029 1014 summam
1057 944 1137 1011 aeris
1165 944 1269 1030 alieni,

162 1078 246 1145 quae
268 1051 442 1121 indicatura
463 1050 505 1118 sit
527 1050 706 1117 demersam
727 1062 854 1141 partem
874 1076 892 1119 a
914 1062 1004 1144 parte
1027 1048 1170 1133 civitatis,
1192 1073 1269 1117 cum

161 1157 290 1229 interim
311 1155 496 1223 obaeratam
516 1153 648 1246 plebem
676 1155 828 1224 obiectari
854 1156 922 1224 aliis
950 1169 1047 1248 atque
1076 1152 1144 1222 aliis
1171 1153 1269 1221 hosti·

162 1262 234 1336 bus.
272 1259 392 1353 passim
411 1260 477 1331 iam
498 1259 566 1329 sine
587 1259 654 1327 ullo
678 1259 856 1330 discrimine
878 1260 964 1329 bella
986 1260 1111 1351 quaeri:
1142 1259 1192 1324 ab·
1205 1259 1269 1325 An-

8 1370 10 1375 '
55 1432 58 1441 ,
117 1378 153 1435 1o
162 1365 209 1438 tio
232 1365 406 1447 Satricum,
434 1363 474 1430 ab
497 1362 620 1435 Satrico
642 1364 794 1448 Velitras,
821 1365 895 1436 inde
920 1364 1099 1436 Tusculum
1126 1363 1269 1454 legiones

163 1470 290 1538 ductast
316 1468 436 1537 Latinis
457 1467 602 1536 Hernicis
623 1469 835 1537 Praenestinis
861 1469 926 1537 iem
950 1469 1098 1539 intentari
1118 1492 1206 1537 arma
1228 1468 1269 1535 ci·

161 1574 251 1645 vium
271 1574 371 1665 magis
395 1570 493 1664 quam
515 1573 657 1641 hostiurn
680 1574 764 1658 odio,
785 1574 875 1642 utin
897 1574 992 1642 annis
1014 1584 1118 1641 terant
1138 1572 1269 1663 plebem

54 1734 56 1739 -
163 1702 226 1750 nec
248 1680 403 1777 respirare
424 1679 458 1747 in
479 1678 559 1749 urbe
581 1688 637 1744 aut
657 1701 716 1771 per
736 1678 839 1747 otium
860 1677 1011 1749 libertatis
1026 1677 1210 1745 meminisse
1230 1676 1269 1742 si-

232 1827 474 1902 ficieosorireligio
487 1824 682 1888 erat.llerl.1.:
823 1827 885 1886 Pll:
903 1829 958 1885 nisi
976 1824 1050 1904 qnod
1067 1823 1135 1882 inll
1151 1823 1240 1882 littera
1255 1834 1270 1881 t

235 1935 297 1991 quo
314 1913 444 1991 collegam
462 1925 513 1975 cet.
530 1914 562 1971 ln
573 1913 651 1977 beid.
662 1932 682 1975 1.
824 1917 924 1974 omissa
954 1924 1042 1973 estes.
1077 1910 1158 1981 „Der
1186 1911 1271 1969 Sonat

232 2001 309 2062 Harl.
327 2022 345 2062 1.
367 2001 401 2061 al.
426 2001 527 2062 excidit
547 2011 621 2060 erat.
644 2029 683 2046 -
820 2003 906 2061 suche
923 1999 1271 2078 einevonllrgistretsper-

235 2086 280 2149 Gi.
298 2092 324 2159 5,
343 2093 403 2150 &1.:
422 2088 477 2159 ,‚C.
490 2089 572 2147 lolius
585 2107 683 2145 censor
822 2111 909 2149 sonen
926 2090 1146 2164 anigenommeoe
1159 2088 1271 2162 Angabs

233 2177 360 2234 decessit:
391 2178 421 2236 in
447 2180 506 2234 eius
532 2176 621 2234 locum
645 2173 682 2234 Μ.
823 2175 1270 2252 derVermdgensnmstindeeines

232 2260 376 2320 Cornelius
394 2264 533 2330 suffectus,
551 2280 681 2340 quaeres
821 2263 918 2333 deden,
936 2265 981 2322 die
998 2264 1127 2340 Zeagniss
1147 2284 1203 2323 von
1221 2264 1271 2320 der

234 2358 330 2426 postea
349 2347 473 2424 religioni
494 2350 545 2405 fuis
566 2351 629 2426 quin
647 2367 681 2404 eo
822 2349 953 2427 Sacblage
974 2351 1093 2427 :bgeben
1113 2350 1218 2418 unde,
1236 2369 1270 2407 zu

233 2433 320 2493 lustro
339 2435 486 2492 Romaest
508 2446 601 2512 capta:
631 2455 681 2491 nec
823 2439 963 2515 umgeben,
972 2437 1036 2499 weil
1045 2459 1107 2498 man
1116 2438 1271 2498 dieGrdsss

200 2521 333 2583 :deinde
350 2544 477 2601 umquam
499 2525 527 2580 in
549 2524 681 2586 demortui
749 2530 753 2553 ⁵
820 2526 872 2584 der
901 2524 1090 2584 Sebuldcnlast
1116 2525 1190 2585 nicbt
1219 2545 1271 2582 vor

231 2607 323 2681 losum
340 2631 437 2668 censor
454 2610 618 2670 sufficitur“.
820 2614 915 2689 Augen
933 2613 1021 2670 baben
1038 2611 1153 2672 wolle“.
1171 2643 1207 2656 -
1227 2611 1270 2670 ll:

182 2697 208 2756 2.
234 2717 295 2755 non
327 2708 489 2777 gesserunt
522 2700 681 2777 magistro·
821 2703 944 2779 conspici
971 2703 1136 2763 summaeris
1156 2703 1162 2772 Ι
1180 2698 1270 2761 alieni.

78 2774 136 2867 π’,
232 2793 310 2844 tumr
328 2784 360 2850 P.
379 2815 420 2837 ιη-
446 2785 489 2849 iil:
513 2806 569 2848 non
592 2805 680 2843 cesse·
822 2819 858 2837 «-
878 2790 952 2848 Cum
970 2790 1101 2848 interim:
1128 2787 1270 2857 ct.6,11.

231 2881 296 2929 runt
314 2881 365 2937 oet.
476 2922 480 2931 .
507 2891 510 2897 ·
823 2907 860 2925 ψ-
886 2875 914 2932 n
938 2895 975 2934 m.
997 2878 1023 2935 2.
1045 2875 1080 2933 P:
1107 2873 1168 2934 :aliis
1189 2884 1271 2953 etque

178 2962 337 3021 uttertioc
358 2962 472 3021 creari:
489 2960 521 3018 P.
545 2990 580 3009 -v
601 2959 633 3016 In
653 2959 682 3017 ll
824 2962 886 3021 aliis
901 2962 1039 3023 hostibus.
1055 2961 1083 3023 ll
1100 2981 1136 3021 m.
1154 2966 1191 3019 1.:
1210 2962 1270 3019 aliie

232 3047 363 3122 scriptum
390 3056 432 3103 est
458 3047 532 3110 band
557 3049 615 3105 scio
645 3066 680 3103 an
822 3059 910 3124 atque
945 3069 998 3126 que
1036 3048 1096 3105 :liis
1136 3048 1271 3113 hostibus,

218 3150 290 3192 snon
304 3134 394 3189 minus
410 3143 484 3192 recte
500 3135 597 3196 tertio.
823 3133 899 3194 Harl.
928 3154 960 3194 1.:
996 3135 1057 3197 aliis
1092 3144 1172 3214 atque
1201 3136 1270 3217 qua'e

181 3218 208 3278 4.
234 3238 300 3275 eom
336 3240 408 3277 uero
446 3220 680 3297 ludificationem
822 3221 883 3282 eliis
902 3232 953 3287 cet.

231 3306 328 3383 plebis
341 3309 453 3367 tribuni
456 3308 622 3381 ferendam
630 3328 679 3366 ne·
767 3314 795 3375 9.
822 3310 964 3373 abAntio
977 3311 1142 3373 Satricum:
1159 3309 1270 3369 ΡΜ.

229 3395 360 3472 gabant:
378 3393 435 3455 Pili.
469 3394 593 3459 insece,
620 3396 678 3473 qui·
821 3398 856 3459 lil.
879 3428 914 3441 -
936 3397 1013 3458 Pm.
1032 3402 1073 3458 1.:
1092 3399 1270 3474 abantiquo.

234 3480 349 3544 busdam
376 3481 455 3545 codd.
483 3484 613 3558 scriptum
637 3491 680 3541 est
821 3483 1269 3549 -Pm.1.=udiuam.-]t1:

233 3588 317 3634 „eam
330 3589 398 3637 ,uero
411 3570 621 3655 ludificetignem
632 3573 680 3627 tri·
822 3573 1040 3650 quambostium
1058 3573 1153 3635 bodio.
1171 3603 1206 3615 -
1231 3570 1271 3629 P:

234 3653 301 3715 buni
318 3654 428 3733 plenus
446 3667 506 3725 cst,
524 3658 602 3733 quasi
617 3658 679 3732 ple·
821 3670 873 3718 uto
890 3663 919 3719 in
937 3663 1032 3725 armis.

232 3742 279 3798 bic
302 3763 357 3801 non
383 3743 419 3801 ad
443 3745 680 3819 ludpflcationem
751 3749 796 3811 13.
821 3759 876 3811 aut
885 3769 941 3824 per
952 3751 1043 3810 otium
1053 3749 1200 3809 libertatis
1213 3765 1271 3804 me-

232 3828 282 3884 sed
299 3831 334 3886 ad
351 3833 462 3887 tribuni
478 3833 634 3907 pertineret,
772 3834 776 3841 ¹
822 3838 945 3895 ministra
970 3838 1073 3896 sinant
1097 3845 1151 3893 out
1176 3835 1271 3891 consi-

177 3915 204 3980 t.
224 3914 339 3995 fugere
361 3927 611 3983 :snammtsstes
635 3929 679 3975 to·
820 3932 900 3983 sure
922 3924 954 3979 in
974 3924 1124 3980 contione:
1147 3920 1207 3982 Pit
1235 3954 1271 3965 -

231 4003 680 4079 bolmposlicascsmmeuius-
821 4008 885 4067 Pll:
917 4028 1011 4065 uocem
1038 4010 1209 4066 tribuniciam
1237 4008 1274 4064 ds

233 4111 292 4173 que
315 4093 389 4173 quia
414 4092 512 4173 nolint
536 4095 680 4169 conspici:
821 4094 938 4159 leuando
950 4095 1060 4158 foenore
1071 4104 1099 4152 et
1110 4095 1195 4157 linem
1206 4092 1271 4153 alia·
