2618 4590
523 218 742 329 renen.
1071 246 1170 319 aer
1235 322 1246 337 ,

71 448 182 513 agrion
203 444 271 493 non
293 437 394 493 castra
416 426 608 495 Samnitium
622 447 696 493 'non
716 424 858 516 legiones
885 450 1021 517 usquam
1043 426 1170 517 opposi-
1196 424 1198 429 ’

72 540 138 595 tae:
161 530 245 599 lerro
268 531 397 622 ignique
419 541 599 599 vastantem
620 554 713 620 agros
735 531 830 621 legati
844 531 1033 599 Samnitium
1053 555 1169 623 pacem

72 646 199 702 orantes
223 637 350 720 adeunt,
373 662 392 703 a
415 661 480 726 quo
502 634 612 703 reiecti
632 637 674 701 ad
688 647 835 703 senatum
852 647 1011 726 potestate
1027 637 1110 703 lacta
1125 636 1169 703 di·

69 740 162 805 cendi
184 740 296 828 positis
319 742 478 809 ferocibus
502 739 613 807 arrimis
640 763 755 830 pacem
782 741 842 809 sibi
867 742 906 808 ab
929 741 1081 809 Romanis
1102 740 1168 807 bel·

66 843 155 932 liquc
176 845 226 911 ius
249 847 400 914 adversus
422 845 578 929 Sidicinos
607 846 780 936 petierunt,
809 870 891 937 quae
922 868 958 913 se
986 870 1028 912 eo
1055 844 1203 913 iustiust

68 960 195 1037 petere,
223 953 310 1039 quod
333 951 421 1017 etin
444 950 612 1019 amicitiam
639 951 752 1040 populi
772 951 910 1019 Romani
931 949 1079 1018 secundis
1101 949 1168 1017 suis
1227 996 1230 1001 -

67 1055 163 1120 rebus
190 1078 256 1121 non
283 1055 424 1123 adversis
451 1067 488 1122 ut
509 1054 664 1146 Campani
686 1055 860 1140 venissent,
888 1068 922 1123 et
946 1056 1097 1123 adversus
1119 1054 1167 1121 Si·

65 1159 187 1226 dicinos
210 1171 373 1227 sumerent
395 1185 483 1227 arma
505 1182 582 1228 suos
605 1183 732 1249 semper
758 1158 869 1227 hostes
896 1161 1010 1252 populi
1030 1159 1168 1228 Romani

63 1288 240 1354 numquam
262 1265 398 1348 arnicos,
424 1265 481 1355 qui
501 1289 562 1332 nec
584 1276 621 1331 ut
642 1264 802 1332 Samnites
829 1265 863 1333 in
887 1289 968 1355 pace
994 1265 1167 1333 amicitiam

63 1392 125 1435 nec
144 1381 182 1436 ut
196 1369 352 1459 Campani
373 1370 527 1437 auxilium
547 1370 580 1435 in
601 1369 688 1437 bello
710 1369 875 1459 petissent,
896 1395 958 1437 nec
978 1371 1012 1437 in
1027 1370 1090 1437 fide
1102 1393 1166 1460 po
1178 1375 1224 1432 tt<

63 1474 132 1562 puli
152 1475 289 1542 Romani
310 1499 372 1542 nec
393 1475 427 1543 in
449 1475 573 1542 dicione
597 1458 714 1542 esseni.

151 1579 189 1645 Π.
239 1578 322 1646 Cum
351 1581 392 1646 de
419 1580 587 1669 postrdatis
613 1579 804 1647 Samnitium
831 1579 870 1645 Τ.
896 1577 1049 1647 Aemilius
1075 1566 1188 1668 prae'

63 1693 130 1750 tor.
147 1694 294 1749 senatum
321 1685 535 1752 consuluisset
560 1685 824 1775 reddendumque
850 1683 888 1749 iis
917 1684 1030 1750 foedus
1058 1695 1166 1772 patres

62 1787 275 1870 censuissent,
303 1799 432 1877 praetor
452 1789 647 1856 Samnitibus
672 1787 849 1879 respondit,
880 1811 942 1854 nec
971 1812 1037 1878 quo
1059 1786 1165 1853 minus

60 1903 219 1982 perpetua
248 1916 322 1959 cum
351 1892 397 1959 eis
425 1893 562 1960 amicitia
596 1905 681 1961 essct
708 1917 766 1983 per
797 1893 955 1983 populum
982 1894 1165 1960 Romanum
1178 1900 1213 1959 lt

60 1996 198 2078 stetisse,
219 2020 281 2064 nec
304 1998 476 2065 contradici
498 1997 583 2087 quin,
607 1999 759 2088 quoniam
780 1997 868 2088 ipsos
891 1996 967 2064 belli
989 1998 1083 2088 culpa
1105 2020 1165 2063 sue
1265 2080 1271 2091 .

61 2102 217 2167 contracti
239 2103 380 2168 taedium
403 2103 537 2193 ceperit,
566 2104 702 2170 anicitia
724 2104 764 2170 de
786 2104 909 2193 integro
932 2102 1173 2169 reconcilietur?

61 2206 150 2296 quod
174 2207 213 2271 ad
236 2206 393 2274 Sidicinos
409 2207 548 2290 attineat,
569 2208 648 2275 nihil
662 2209 813 2288 intercedi
830 2192 1015 2299 quo-minus
1030 2205 1165 2285 Sammti

57 2310 182 2402 poprdo
208 2312 296 2401 pacis
326 2312 465 2404 bellique
491 2312 628 2381 liberum
654 2312 817 2380 arbitrium
851 2313 902 2381 sit.
939 2312 1070 2380 foedere
1097 2309 1162 2377 icto

57 2439 136 2482 cum
157 2415 290 2483 dommn
311 2417 524 2502 revertissent,
546 2417 708 2509 extemplo
730 2417 804 2486 inde
821 2418 979 2487 exercitus
994 2417 1208 2497 Romanuslo

74 2615 103 2674 5.
132 2633 261 2688 quaese
284 2634 318 2671 eo
338 2615 444 2672 iustius
459 2624 576 2691 petere:
647 2617 691 2677 12.
717 2637 782 2674 cum
806 2617 844 2673 de
863 2617 1025 2692 postulatis
1046 2616 1162 2675 Somni·

129 2700 162 2760 P.
180 2731 214 2742 -
235 2699 277 2758 bl:
295 2722 348 2776 que
366 2722 398 2757 eo
416 2705 512 2759 iustius
529 2723 576 2780 pe·
716 2708 789 2763 tium
811 2707 842 2761 T.
861 2704 1013 2761 Aemilius.
1028 2710 1090 2778 pii..-
1111 2700 1162 2757 PM

109 2797 197 2873 'tere
225 2807 263 2846 ru.
289 2789 330 2845 Ἅι
356 2808 416 2861 que.
447 2819 482 2830 -
512 2787 576 2846 ΡΜ.
719 2789 776 2847 rell.
796 2820 829 2831 -
858 2787 890 2846 C.
908 2789 1036 2863 Sigonius
1053 2790 1162 2863 scripsit

131 2872 205 2950 quod
233 2882 260 2928 et
288 2874 318 2929 in
350 2874 494 2930 amicitiem
523 2877 578 2950 pii.
721 2876 855 2932 Tiberius
864 2875 1020 2931 Aemilius.
1038 2873 1072 2931 cf.
1081 2878 1108 2941 7,
1117 2872 1161 2932 21.

130 2961 182 3030 (Pr
201 2964 261 3040 pi.)
279 2959 405 3016 secandis
419 2963 476 3017 suis
494 2962 576 3018 rebus
718 2992 751 3002 -
765 2960 805 3018 lli:
824 2968 946 3015 senatum
964 2958 1101 3016 consuluis
1112 2959 1163 3015 sed

130 3069 186 3105 non
205 3049 325 3104 aduersis
347 3047 385 3118 (P
409 3069 445 3107 m.
468 3052 505 3107 1.:
528 3048 575 3106 od·
715 3047 961 3124 reddeoldumque
976 3049 1014 3103 iis
1024 3045 1102 3103 sedus
1114 3066 1161 3122 pa·
1181 3056 1188 3071 “
1268 3046 1271 3051 ’

129 3141 240 3206 uersus)
253 3145 282 3192 ut
295 3137 416 3213 campani
429 3137 574 3197 uenissent.
714 3143 771 3191 tres
789 3135 963 3193 censuissent.
993 3133 1027 3190 P:
1045 3132 1162 3191 redden·

716 3221 833 3298 dumque
855 3221 903 3277 bis
928 3220 1024 3276 foedus
1047 3230 1098 3279 cet.
1126 3250 1161 3261 -
1279 3229 1281 3233 ’

715 3312 788 3367 Dein
805 3308 866 3365 Pll:
884 3295 938 3386 pir.
950 3307 1109 3363 samnitibus
1122 3325 1162 3362 re·

714 3396 834 3474 spondit.

645 3485 689 3541 15.
708 3506 744 3560 p.
758 3488 789 3559 p.
808 3497 963 3537 romanum
976 3480 1095 3535 stetisse
1110 3498 1163 3535 nec

715 3567 883 3626 corttradici
909 3568 980 3642 quin
1008 3572 1058 3641 qrii
1080 3566 1181 3641 ipsos⁴

716 3657 788 3712 belli
814 3655 904 3728 culpa
935 3673 993 3708 sua
1018 3653 1164 3707 contracti

57 3749 104 3806 10.
130 3767 184 3804 nec
206 3749 237 3803 in
253 3746 324 3822 fide
344 3746 455 3821 populi.
478 3749 502 3801 i.
520 3765 574 3802 nec
716 3753 780 3800 cet:
796 3739 852 3799 ΡΜ.
866 3738 1162 3814 -Patediumcoepo-

131 3837 162 3891 in
185 3835 299 3890 dicione
321 3841 436 3891 essent:
453 3830 510 3891 ΡΜ.
538 3862 573 3874 -
715 3832 760 3887 rit.
781 3828 808 3884 lll
821 3847 856 3885 m.
875 3829 916 3884 1.=
934 3825 1041 3881 aedium
1053 3827 1162 3900 ceperit.

129 3920 291 3989 Petissent,
318 3941 379 3976 cum
400 3922 431 3975 in
455 3921 575 3974 oratione
716 3937 752 3973 m.
770 3917 811 3972 Ἅι
829 3913 959 3971 taedium.
974 3943 1007 3953 ·-
1024 3911 1053 3968 bl
1070 3932 1106 3969 m.
1125 3914 1164 3969 1.:

130 4011 233 4082 integra
251 4010 280 4063 in
297 4006 318 4062 P
337 4008 455 4076 deesset,
473 4007 574 4063 adscri-
716 4002 867 4056 amicitiam
891 3999 927 4055 de
949 4002 1052 4072 integro
1070 4016 1164 4053 rocon·

130 4105 207 4174 ptum
225 4104 267 4150 ert
283 4095 403 4170 margini.
717 4087 833 4146 cilietur.

73 3270 103 3327 8.
130 3288 203 3324 suos
232 3287 349 3342 semper
382 3268 484 3326 hostes
516 3270 574 3344 pii.

129 3374 290 3430 numquam
320 3357 446 3412 anricos:
472 3353 509 3413 Μ.
538 3384 574 3397 ·-

130 3442 166 3500 P:
185 3463 226 3520 pr.
245 3452 389 3517 numquam
407 3442 515 3501 amicos.
538 3469 572 3482 -—

130 3527 174 3586 Cl.
193 3531 220 3596 5,
237 3531 276 3586 3.:
299 3527 401 3583 tribuni
424 3527 462 3604 pl.
480 3557 514 3569 --
532 3548 573 3584 se·

131 3615 264 3672 ditionum
276 3634 382 3690 semper
396 3623 527 3673 auctores.
539 3612 574 3674 al.
