2618 4590
511 247 618 307 LIBER
635 248 704 312 vltt.

54 411 230 501 ¹imperium
253 423 389 502 estque
412 411 598 480 obedientes
627 409 774 515 gaudent
806 412 863 481 sed
893 426 1050 483 maturato
1079 440 1161 507 opus

54 505 113 583 ‘est
136 516 343 606 quidquidi
313 526 451 582 statuere
480 515 602 604 placet:
640 525 689 582 tot
716 514 853 604 populos
881 517 963 585 inter
983 543 1075 609 spem
1095 544 1161 589 me·

59 630 195 709 trunque
218 642 392 741 suspensos
416 619 513 721 anirnr
504 617 673 700 habetis,
701 631 734 686 et
754 630 893 687 vestram
922 621 1030 710 itaque
1052 624 1142 690 de
1114 646 1160 692 ers

59 746 171 789 curam
193 747 291 812 quarn
312 726 451 815 primurn
473 722 596 790 absolvi
619 734 652 790 et
679 723 807 790 illorum
837 724 975 809 animos,
1004 727 1080 792 dum
1108 752 1160 796 ex·
1224 760 1227 767 ¹

58 827 240 917 peet‘atioue
267 839 410 918 stupent,
443 852 501 896 seu
529 851 634 918 poena
659 851 720 895 seu
749 829 906 897 beneficio
933 832 1189 921 praeoccuparis

60 943 198 1021 oportet
239 944 385 1000 nostrum
407 934 467 1001 fuit
488 933 614 1002 efficere
643 944 680 1000 ut
706 933 849 1001 omniurn
876 957 983 1001 rerum
1007 934 1099 1003 vobis
1121 935 1163 1003 ad

62 1035 295 1103 consulendum
322 1048 464 1128 potestas
493 1049 592 1121 essct,
623 1047 766 1104 vestrum
796 1049 847 1105 est
874 1039 1045 1106 decernere
1074 1039 1162 1131 quod

58 1139 217 1228 optimum
239 1141 331 1208 vobis
353 1142 464 1231 reique
485 1141 632 1231 publicae
655 1139 729 1208 sit“.

31 1325 34 1329 ,
148 1244 235 1314 XIV.
279 1245 442 1337 Principes
464 1257 592 1314 senatus
604 1241 796 1313 relatrouem
811 1246 951 1314 consulis
972 1247 1013 1315 de
1035 1270 1161 1316 summa

56 1372 163 1415 rerum
183 1326 313 1418 laudare
336 1352 404 1434 sed,
428 1375 503 1418 curn
526 1351 660 1419 aliorum
682 1373 778 1418 causa
801 1351 861 1417 alia
878 1362 972 1435 esset,
994 1353 1037 1420 ita
1064 1368 1208 1444 expe-1⁰

58 1452 116 1520 diri
136 1478 233 1543 posse
257 1455 425 1523 eonsilium
447 1456 561 1540 dicere,
583 1468 620 1524 ut
640 1479 699 1545 pro
728 1455 843 1523 merito
866 1457 1020 1547 cuiusque
1046 1469 1162 1526 statue·

56 1568 152 1638 retur,
174 1559 201 1625 si
223 1559 263 1624 de
286 1559 615 1648 singulisnorninatim
631 1559 785 1626 referrent
799 1559 936 1649 populis.
957 1561 1093 1627 relatum
1107 1561 1160 1652 igi-
1256 1550 1261 1574 ’

57 1672 109 1727 tur
132 1661 172 1728 de
195 1661 325 1752 singulis
346 1663 587 1754 decretumque.
624 1663 797 1732 Lanuvinis
825 1663 933 1729 civitas
965 1665 1037 1730 data
1059 1688 1159 1732 saera·

57 1788 122 1854 que
146 1789 202 1831 sua
224 1766 346 1833 reddita
370 1788 444 1834 uum
466 1792 506 1835 eo
528 1779 565 1835 ut
590 1769 686 1836 aedes
715 1767 872 1857 lucusque
895 1765 1042 1857 Sospitae
1067 1768 1159 1839 luno-

76 1905 102 1962 2.
132 1905 283 1982 quidquid
306 1882 437 1964 statuere
461 1909 574 1982 placet.-

81 2032 84 2039 -
129 1992 160 2051 P.
184 2022 219 2034 -
244 1991 284 2049 M:
309 1992 440 2071 quidquid
457 2003 575 2050 statuero
622 2056 625 2063 p

128 2078 241 2157 placeat.
272 2111 306 2122 —
333 2079 397 2135 Plll:
428 2100 574 2157 suspensos

127 2168 211 2221 animi
235 2165 347 2226 bebetis.
375 2165 443 2231 Lov.
467 2171 505 2228 la:
529 2188 573 2227 su-

127 2273 240 2329 spensos
263 2244 366 2310 animos
385 2254 499 2315 bebetis.
529 2255 573 2314 Cf.

127 2344 153 2408 7,
171 2342 230 2397 st:
250 2343 344 2397 territo
364 2336 454 2402 animi.

73 2431 100 2487 3.
129 2437 159 2486 et
181 2437 312 2485 uestrum
339 2431 440 2505 itaque
462 2431 501 2488 de
529 2431 574 2487 eis

127 2536 230 2572 curam
255 2535 344 2592 quum
367 2519 497 2590 primum
522 2518 573 2574 ab

128 2604 210 2659 solui
225 2612 291 2660 eet:
309 2601 371 2660 Plll:
391 2606 481 2680 itaque
493 2624 573 2678 opor·

128 2698 167 2744 tet
184 2697 211 2743 ct
229 2698 345 2744 uestram
363 2689 397 2745 de
421 2693 460 2746 eis
483 2710 573 2746 curam

129 2772 232 2830 absolvi
265 2784 292 2857 et
326 2773 434 2831 illorum
469 2777 574 2831 animos

127 2862 328 2938 praeoccupari.
360 2858 429 2919 Cod.
447 2861 505 2935 sig.
523 2860 572 2919 aL:

128 2958 154 3003 et
172 2958 289 3006 uestram
307 2950 407 3024 utique,
418 2946 452 3005 de
470 2951 509 3004 eis
528 2968 573 3005 cu·
631 3024 637 3032 .

127 3056 184 3092 ram
202 3046 254 3095 cet.
272 3068 306 3078 -
324 3035 363 3092 ll:
382 3055 431 3092 seu
448 3056 526 3114 pena.

74 3127 100 3180 7.
129 3125 212 3200 quod
236 3126 375 3199 optimum
393 3125 477 3181 uobis
499 3123 572 3198 rsiq.

125 3213 193 3285 pub.
212 3210 381 3269 sitm-tl
411 3210 448 3267 Ρ·
476 3209 573 3286 „quod
632 3255 636 3261 ,

129 3300 259 3374 optimum
287 3297 364 3353 uobis
391 3299 459 3385 reip.
485 3299 572 3375 pubus

128 3386 195 3442 sit“.
214 3383 262 3440 sed
277 3386 390 3458 margini
408 3385 574 3464 adscriptum

129 3480 170 3526 cst
185 3472 309 3545 publice.

60 3561 104 3617 10.
132 3558 189 3615 sed
199 3578 264 3614 cum
273 3556 574 3616 aliorumcausaalia

128 3654 209 3702 essct
242 3646 284 3724 itq
319 3643 454 3719 expediri
484 3662 591 3718 posse,

13 3800 17 3806 ,
130 3733 286 3791 consilium
299 3731 397 3789 dicere
409 3739 440 3788 ut
450 3749 506 3805 pro
516 3750 573 3788 me·

130 3822 186 3875 rito
217 3821 360 3894 cuiusque
395 3827 574 3891 statueretur·

128 3907 158 3968 si
166 3906 203 3962 de
212 3906 340 3985 singulis
349 3907 520 3965 nominatim
529 3910 573 3964 r's-

123 3990 245 4064 ferrent
268 3995 402 4068 populis:
429 3991 468 4050 ll:
495 3993 523 4051 b.
549 4013 573 4051 e.

129 4080 265 4156 principes
287 4089 395 4137 senatus
417 4079 573 4139 relationem
586 4158 599 4168 .

715 1905 834 1963 consulis
855 1904 964 1962 laudare
985 1905 1035 1963 sed
1052 1906 1159 1976 'dicere

715 2015 776 2051 cum
794 1992 906 2050 aliorum
920 1992 969 2049 slis
984 2014 1062 2051 causa
1081 2004 1160 2063 esset,

714 2083 751 2136 ita
769 2078 891 2156 expediri
908 2100 990 2158 posse
1008 2080 1159 2148 eonsilium,

713 2170 737 2223 si
756 2167 790 2223 de
808 2167 920 2242 siugulis
942 2167 1051 2246 populis
1075 2170 1159 2225 nomi·
1243 2190 1251 2201 ·

714 2259 797 2310 natim
809 2248 949 2323 referrentss
968 2266 997 2311 ut
1008 2275 1058 2330 pro
1071 2257 1159 2312 cuius·

715 2361 768 2418 que
785 2343 881 2398 merito
890 2351 1059 2401 statueretur.
1077 2375 1110 2385 -
1128 2341 1160 2398 ln
1248 2396 1253 2409 ,

1096 240 1175 309 331“

714 2428 787 2486 llarl.
803 2448 820 2489 1.
844 2428 944 2485 excidit
963 2432 1018 2496 itu,
1049 2431 1078 2487 iu
1099 2428 1160 2490 cod.
1236 2460 1239 2465 ·
1285 2440 1288 2445 '

714 2516 810 2576 Kloel.
829 2518 936 2583 dicere,
953 2517 983 2572 in
1001 2514 1023 2572 P
1039 2514 1073 2574 al.
1092 2519 1126 2575 si.

645 2605 688 2662 tl.
715 2624 780 2661 cum
799 2625 832 2661 so
852 2613 885 2662 ut
906 2604 997 2660 aedes
1016 2605 1160 2680 lucusque

716 2693 846 2764 sospitas
861 2691 979 2747 iuuenis
996 2692 1160 2746 communis
1215 2740 1218 2745 .

715 2777 867 2831 lanuuinis
883 2776 1075 2847 municipibus
1093 2795 1160 2833 cum

713 2882 781 2934 pop.
813 2881 836 2917 r.
865 2869 958 2919 esset:
932 2859 1050 2919 ttPM
1080 2861 1159 2928 „und

714 2944 1004 3018 awarmitderBeding
990 2965 1058 3021 egon
1044 2946 1159 3009 vdent

715 3032 758 3092 Cl.
780 3032 855 3111 quod
877 3032 957 3110 paulo
981 3042 1044 3110 post
1063 3033 1160 3111 legitur

714 3141 799 3190 „cum
821 3141 853 3177 co
878 3129 909 3178 ut
925 3121 1079 3179 Antiatibus
1098 3144 1160 3202 per-

714 3212 894 3268 mitteretur“.
941 3212 995 3275 30,
1026 3214 1081 3269 to:
1103 3231 1159 3273 ¹sex

713 3295 797 3353 ferme
815 3296 953 3353 onerariae
964 3299 1099 3373 puppibus
1112 3299 1159 3353 ab*-

714 3393 829 3441 stractae
859 3383 1049 3458 Karthaginem
1084 3394 1159 3441 sunt:

715 3473 802 3529 maior
827 3491 906 3545 quum
928 3490 979 3546 pro
1005 3491 1034 3526 re
1059 3464 1159 3529 laetitia

717 3558 767 3615 sed
785 3578 817 3614 eo
830 3559 938 3631 gravior
949 3556 1022 3632 quod
1033 3560 1103 3615 inter
1114 3558 1160 3616 sd·

715 3643 902 3705 siduasclades
910 3643 1067 3702 aelaoriiuus
1076 3622 1160 3704 urium
1244 3630 1284 3639 '⁵

675 3754 681 3769 f
715 3741 958 3810 quantumcumque
976 3753 1009 3789 ex
1023 3737 1175 3811 insperato*
1225 3796 1232 3805 ,

675 3826 677 3833 '
716 3820 842 3896 gaudium
864 3818 1022 3887 adfulserat,
1045 3841 1105 3877 eum
1127 3842 1159 3876 eo

715 3919 745 3965 ut
763 3916 902 3986 appareret
914 3906 985 3962 haud
997 3907 1092 3983 procul
1105 3910 1159 3964 exi·

714 3997 752 4053 tio
777 3996 860 4052 fuisso
882 4014 1018 4052 romanam
1046 3994 1159 4053 classem

714 4084 743 4139 ni
777 4093 909 4140 cessatum
932 4112 968 4129 -·
991 4082 1060 4140 iuret
1094 4092 1158 4143 eet:

1203 3692 1221 3735 X
