2818 4728
229 280 296 352 660
697 289 805 352 nunu
823 290 857 350 X.
884 295 886 308 ·
904 389 911 398 ἱ

230 458 469 528 contentionem
490 455 669 524 animorum
691 453 824 536 exarsit,
851 475 925 520 cum
947 475 983 520 sc
1005 450 1154 543 Verginia
1182 460 1218 517 et
1245 451 1354 539 patri-

230 565 314 632 cium
335 555 539 653 es'pudicam
559 560 593 626 in
614 559 764 650 patriciae
786 553 958 626 Pudicitiae
978 555 1137 646 templum
1157 554 1354 645 ingressam

229 680 267 736 ut
288 668 344 736 uni
363 678 499 757 nuptam
520 665 562 734 ad
583 681 682 754 quem
704 662 792 753 virgo
814 663 950 731 deducta
972 659 1027 744 sit,
1052 683 1114 728 ncc
1135 683 1171 727 se
1198 659 1273 726 viri·
1289 658 1352 725 ho-

231 795 387 842 norumve
410 771 478 839 eins
497 793 538 838 ac
559 793 667 838 rerum
688 779 850 859 gestarum
874 764 1054 857 paenitere,
1080 787 1159 832 vein
1186 765 1351 854 gloriare·

201 881 291 944 atus.
325 876 411 944 iacto
433 874 548 942 deinde
570 873 695 964 egregio
717 870 885 963 magnifica
906 868 1006 938 verba
1030 868 1174 936 adauxit:
1208 869 1244 936 in
1269 872 1349 939 vico

98 1011 103 1022 ·
229 978 353 1070 Longo,
374 978 429 1046 ubi
450 977 622 1059 habitabat,
643 1001 685 1044 cx
707 987 797 1068 parte
820 975 947 1043 aedium
969 973 1057 1064 quud
1079 974 1155 1041 satis
1171 986 1263 1042 essct
1279 975 1347 1044 loci

229 1083 358 1152 modico
381 1081 500 1152 sacello
527 1079 665 1148 exclusit
692 1093 845 1171 aramque
872 1079 916 1146 ibi
938 1078 1061 1168 posuit,
1088 1089 1122 1146 ct
1149 1080 1345 1148 convocatis

229 1187 353 1277 plebeis
381 1184 590 1254 matrimoniis
618 1197 795 1274 conquesta
823 1183 969 1250 iniuriam
996 1183 1199 1273 patriciarum
1225 1184 1346 1270 „hanc

128 1295 130 1305 ’
231 1313 293 1381 ego
316 1294 427 1358 aram“
449 1288 551 1379 inquit
572 1288 938 1380 „Pudicitiacplebeiac
961 1287 1090 1372 dedico,
1117 1311 1242 1378 vosque
1269 1289 1345 1356 bor·

247 1509 274 1568 ³.
304 1517 337 1565 ut
362 1510 416 1566 uni
442 1511 565 1585 nuptam
589 1509 635 1568 nd
660 1529 748 1586 quem

302 1597 387 1676 uirgo
415 1597 546 1654 deductu
572 1599 626 1655 sit.-
653 1595 690 1670 P]
721 1607 749 1655 ct

301 1687 348 1738 uni
371 1692 482 1760 nuptam
505 1693 556 1742 cet.
580 1683 646 1754 (Μ).
677 1683 748 1752 „ste

300 1769 340 1824 sci
352 1767 391 1824 als
402 1769 683 1842 gebernePatricierin
691 1761 748 1828 und

301 1853 340 1912 ais
368 1855 504 1930 niicbtigcs
529 1855 611 1914 Wcib
638 1859 667 1913 in
695 1857 748 1914 den

245 1931 248 1942 ¹
300 1940 412 2021 Tampcl
430 1943 479 1999 der
493 1943 617 2000 adlicben
628 1943 749 2001 Kcuscb·

300 2028 358 2086 bcit
379 2039 499 2106 getneten
525 2031 582 2088 und
606 2052 681 2088 awar
708 2031 757 2090 als·

301 2114 395 2173 Gattin
413 2116 461 2174 des
473 2117 559 2174 Einen
578 2139 611 2177 zu
628 2119 690 2178 dem
707 2123 749 2177 sia

301 2203 748 2280 alsJungfraugetnhrtworden“.

301 2283 358 2346 illis
388 2294 458 2348 anim
481 2293 570 2349 verbis
594 2293 748 2370 diligentius

302 2379 474 2454 suprimitur,
500 2398 548 2436 cur
565 2398 599 2436 *se
619 2379 748 2455 Verginia

300 2463 427 2536 pudicam
454 2463 553 2520 babere
580 2476 681 2544 posset,
712 2469 748 2527 cf.

302 2546 389 2608 fest:
411 2549 560 2608 Pudicitiae
571 2553 696 2630 signnm.
712 2584 746 2596 ·-

300 2625 328 2690 tl
335 2656 340 2690 :
354 2638 488 2710 penitere.

221 2785 226 2806 ι
248 2721 276 2779 6.
303 2739 346 2778 ’σε
361 2733 448 2798 pam
464 2725 587 2783 sedium
601 2729 685 2804 quod
700 2745 748 2786 aa·

297 2808 342 2865 tis
353 2815 433 2868 esaei
445 2805 504 2870 loci
510 2815 625 2872 modico
635 2817 748 2874 sacello

302 2897 448 2956 exclusti.-
469 2899 504 2956 P:
531 2904 583 2970 „in
607 2901 656 2958 der
677 2901 748 2960 Lan·

301 2983 353 3055 gen
371 2981 490 3054 snam,
506 3007 552 3043 wo
571 2991 612 3044 sie
629 2990 749 3059 subbato,
771 2979 782 2996 x

267 3103 269 3110 .
301 3065 395 3123 tbeilte
416 3071 457 3126 sic
478 3087 532 3128 vnn
554 3074 641 3130 ihrsm
658 3074 750 3134 Haase

302 3173 335 3210 au
353 3154 406 3211 viel
417 3155 503 3214 Raum
522 3159 555 3214 ab
574 3161 613 3216 als
628 3163 749 3220 zu'cincr

240 3268 242 3277 =
302 3242 437 3316 mttssigen
454 3242 566 3321 Kapclla
583 3245 748 3324 hini'anglicb

301 3326 427 3388 schian“.
458 3360 488 3374 -
517 3329 598 3392 Min.
617 3337 656 3394 t:
677 3356 748 3414 quus

301 3415 369 3470 satis
391 3425 462 3471 essct
482 3416 545 3478 luci.
575 3439 611 3482 tn.
628 3425 671 3482 ΞΑ
693 3445 748 3500 quo

304 3503 371 3558 satis
389 3511 439 3562 cet.

249 3585 276 3644 8.
300 3588 412 3662 plebeis
430 3588 641 3652 matrimoniis:
663 3597 690 3654 tt]
711 3618 747 3659 m.

302 3675 327 3734 1.
346 3673 368 3730 Ρ
385 3695 420 3735 m.
446 3679 489 3751 2.]
512 3677 626 3758 plebeiis
649 3694 748 3743 matru-

301 3761 353 3820 nis.
376 3793 410 3803 —
431 3759 508 3826 Laid.
526 3787 544 3827 1.
568 3769 627 3829 cod.
651 3769 746 3831 Klnck.

302 3847 433 3925 multique
447 3850 493 3909 alii
505 3855 747 3918 cottoniana:

301 3933 538 4004 ‚,matrimnniis“.
555 3943 645 4002 Simili
663 3945 746 4004 modo

300 4022 373 4100 apud
381 4021 502 4081 Tacitum
520 4026 572 4086 buc
589 4051 687 4088 nomen
699 4034 745 4090 ab·

299 4115 428 4166 structum
449 4131 502 4186 pta
525 4125 652 4178 concretu
677 4121 744 4177 scri-

893 1521 970 1588 ptum
991 1508 1115 1586 legimust
1137 1507 1208 1566 Anu.
1230 1509 1264 1576 2,
1289 1511 1343 1565 ¹3.t

888 1606 1057 1674 sumpturum
1086 1595 1199 1652 militem
1226 1593 1345 1650 Germa·

890 1705 985 1740 norum
1002 1703 1090 1764 agros,
1107 1692 1255 1739 tracturum
1276 1702 1345 1738 con·

889 1763 978 1848 iuges,
1001 1772 1122 1847 accipere
1140 1790 1220 1826 nmcn
1238 1777 1267 1852 ct
1287 1791 1345 1827 ma·

890 1857 1015 1916 irimunia
1034 1879 1066 1915 ac
1077 1858 1205 1936 pecunias
1217 1855 1345 1913 bostium

890 1945 1007 2024 praedae
1034 1945 1177 2002 distinam.
1208 1945 1258 2012 12,
1282 1948 1343 2003 6⁵st

890 2034 1043 2108 coniugium
1069 2033 1210 2111 principis.
1238 2031 1272 2088 ai.
1306 2033 1341 2090 cf.

889 2117 951 2178 Nic.
975 2119 1093 2178 Baebius
1120 2119 1155 2176 ad
1178 2118 1243 2178 Tac.
1266 2120 1340 2178 Ann.

892 2207 1001 2275 13,11.
1028 2207 1103 2266 Suet.
1121 2205 1201 2264 Caes.
1219 2208 1279 2264 51,;
1306 2226 1340 2260 ne
1385 2273 1386 2276 Ἴ

889 2293 1101 2372 provincialibus
1120 2293 1228 2370 quidem
1247 2296 1337 2350 matri·

889 2383 988 2438 muniis
1013 2383 1182 2440 abstinuisse.
1211 2379 1271 2439 Liv.
1294 2385 1338 2449 11,

890 2469 947 2527 at:
966 2461 1089 2525 servitia
1107 2470 1221 2525 maxime
1239 2470 1336 2524 monie-

889 2551 994 2614 bantur.
1012 2557 1097 2623 210.
1116 2554 1149 2616 al.
1163 2553 1231 2609 -P
1248 2573 1284 2614 m.
1299 2559 1335 2613 t:

889 2642 1085 2702 matrimonins.
1116 2674 1150 2686 -
1178 2633 1205 2698 bl
1231 2663 1267 2702 tn.
1297 2644 1334 2700 2:

888 2731 1085 2788 matrimnnuiu
1105 2760 1137 2772 -
1157 2728 1233 2788 beid.
1251 2748 1270 2788 1.
1289 2729 1335 2788 ai:

891 2827 1036 2894 conquesta
1054 2817 1160 2874 iniuria.
1181 2805 1247 2874 Pali.
1266 2819 1290 2874 1.
1309 2819 1334 2875 3.

889 2899 958 2962 Lon.
977 2906 1017 2962 1.;
1041 2911 1185 2980 conquesta
1209 2903 1244 2959 dc
1266 2899 1334 2960 inin·

890 2991 938 3048 ria.
957 3021 990 3032 —
1008 2987 1049 3046 th
1067 2987 1244 3064 patritiardm.

836 3075 864 3134 Β.
891 3073 969 3132 banc
986 3095 1042 3155 ego
1064 3097 1151 3134 aram
1172 3079 1268 3154 inquit
1281 3097 1334 3151 pu·
1386 3103 1387 3110 ¹

889 3161 1010 3219 diuidiae
1042 3161 1176 3238 plebeiis
1211 3156 1334 3220 dedico:

889 3247 947 3308 ΡΜ.
969 3280 1004 3291 -
1032 3247 1336 3311 Letd.1.:hancaram

890 3355 939 3414 ega
958 3339 1053 3414 inquit.
1081 3336 1161 3398 Voss.
1178 3358 1204 3398 u.
1223 3337 1269 3398 al.:
1286 3359 1336 3416 pu·

890 3413 999 3482 diuitiae
1022 3413 1119 3481 dedisti
1145 3424 1273 3503 plebeiae.
1298 3455 1335 3467 -·

889 3495 974 3568 Pania
997 3522 1060 3589 post
1078 3511 1119 3569 tta
1148 3522 1179 3568 nt
1201 3511 1268 3569 baec
1288 3531 1334 3566 ara

890 3619 970 3676 quam
1006 3599 1052 3656 illa
1088 3601 1113 3658 si
1144 3597 1210 3676 qnid
1244 3607 1335 3676 potest

890 3690 1007 3757 („wsnn
1039 3707 1069 3742 es
1098 3688 1188 3744 warin
1217 3684 1332 3760 miglicb

888 3777 1003 3844 witra&
1019 3775 1136 3830 sanctius
1154 3779 1181 3828 et
1204 3793 1219 3828 a
1238 3774 1331 3828 castin-
1386 3773 1387 3784 ¹

887 3853 964 3916 ribus
983 3855 1036 3916 coli
1058 3860 1172 3918 dicatur.
1202 3858 1223 3914 P
1241 3878 1276 3918 na.
1295 3862 1330 3917 t:

887 3947 913 4004 si
931 3946 996 4023 quid
1014 3957 1105 4022 potest
1127 3968 1147 4004 a
1165 3947 1283 4004 sanctius
1303 3956 1330 4002 ct

888 4034 1048 4092 castioribus
1067 4043 1117 4092 cet.
1135 4033 1199 4090 dein
1217 4055 1252 4090 m.
1265 4035 1290 4092 2.
1302 4033 1329 4089 is

885 4122 1017 4204 scriptum
1035 4131 1077 4178 cat
1093 4129 1175 4196 supra
1192 4139 1238 4177 aa.
