<?xml version="1.0" encoding="UTF-8"?>
<!DOCTYPE html PUBLIC "-//W3C//DTD XHTML 1.0 Transitional//EN"
    "http://www.w3.org/TR/xhtml1/DTD/xhtml1-transitional.dtd">
<html xmlns="http://www.w3.org/1999/xhtml" xml:lang="en" lang="en">
 <head>
  <title>
</title>
<meta http-equiv="Content-Type" content="text/html;charset=utf-8" />
  <meta name='ocr-system' content='tesseract 3.04.00' />
  <meta name='ocr-capabilities' content='ocr_page ocr_carea ocr_par ocr_line ocrx_word'/>
</head>
<body>
  <div class='ocr_page' id='page_1' title='image "./titilivirerumro01alscgoog_0573.png"; bbox 0 0 2618 4590; ppageno 0'>
   <div class='ocr_carea' id='block_1_1' title="bbox 410 258 1155 369">
    <p class='ocr_par' dir='ltr' id='par_1_1' title="bbox 410 258 1155 369">
     <span class='ocr_line' id='line_1_1' title="bbox 410 258 1155 369; baseline -0.004 -31"><span class='ocrx_word' id='word_1_1' title='bbox 410 354 414 369; x_wconf 91' lang='lat'><strong>.</strong></span> <span class='ocrx_word' id='word_1_2' title='bbox 524 272 698 363; x_wconf 70' lang='lat' dir='ltr'><strong>usuum</strong></span> <span class='ocrx_word' id='word_1_3' title='bbox 972 303 974 307; x_wconf 25' lang='grc' dir='ltr'>ι</span> <span class='ocrx_word' id='word_1_4' title='bbox 1090 258 1155 335; x_wconf 75' lang='lat'><strong>557</strong></span> 
     </span>
    </p>
   </div>
   <div class='ocr_carea' id='block_1_2' title="bbox 48 424 1289 1889">
    <p class='ocr_par' dir='ltr' id='par_1_2' title="bbox 48 424 1289 1889">
     <span class='ocr_line' id='line_1_2' title="bbox 57 424 1156 528; baseline -0.007 -17"><span class='ocrx_word' id='word_1_5' title='bbox 57 451 106 511; x_wconf 79' lang='lat' dir='ltr'><strong>ste</strong></span> <span class='ocrx_word' id='word_1_6' title='bbox 121 463 226 510; x_wconf 86' lang='lat' dir='ltr'><strong>omen</strong></span> <span class='ocrx_word' id='word_1_7' title='bbox 248 438 333 508; x_wconf 84' lang='lat' dir='ltr'><strong>diem</strong></span> <span class='ocrx_word' id='word_1_8' title='bbox 360 437 486 519; x_wconf 87' lang='lat' dir='ltr'><strong>diffidit,</strong></span> <span class='ocrx_word' id='word_1_9' title='bbox 515 439 604 528; x_wconf 87' lang='lat' dir='ltr'><strong>quod</strong></span> <span class='ocrx_word' id='word_1_10' title='bbox 623 435 742 506; x_wconf 77' lang='lat' dir='ltr'><strong>Faucia</strong></span> <span class='ocrx_word' id='word_1_11' title='bbox 769 437 853 506; x_wconf 87' lang='lat' dir='ltr'><strong>curia</strong></span> <span class='ocrx_word' id='word_1_12' title='bbox 883 435 942 505; x_wconf 87' lang='lat' dir='ltr'><strong>luit</strong></span> <span class='ocrx_word' id='word_1_13' title='bbox 967 424 1156 528; x_wconf 81' lang='lat' dir='ltr'><strong>principium</strong></span> 
     </span>
     <span class='ocr_line' id='line_1_3' title="bbox 56 538 1156 636; baseline -0.003 -24"><span class='ocrx_word' id='word_1_14' title='bbox 56 545 181 613; x_wconf 87' lang='lat' dir='ltr'><strong>duabus</strong></span> <span class='ocrx_word' id='word_1_15' title='bbox 216 545 344 636; x_wconf 82' lang='lat' dir='ltr'><strong>insignis</strong></span> <span class='ocrx_word' id='word_1_16' title='bbox 375 543 518 611; x_wconf 85' lang='lat' dir='ltr'><strong>cladibus</strong></span> <span class='ocrx_word' id='word_1_17' title='bbox 551 553 663 633; x_wconf 86' lang='lat' dir='ltr'><strong>captae</strong></span> <span class='ocrx_word' id='word_1_18' title='bbox 694 541 788 623; x_wconf 48' lang='lat' dir='ltr'><strong>urbis¹</strong></span> <span class='ocrx_word' id='word_1_19' title='bbox 810 553 843 611; x_wconf 89' lang='lat' dir='ltr'><strong>et</strong></span> <span class='ocrx_word' id='word_1_20' title='bbox 869 541 1029 609; x_wconf 77' lang='lat' dir='ltr'><strong>Caudinae</strong></span> <span class='ocrx_word' id='word_1_21' title='bbox 1056 538 1156 632; x_wconf 82' lang='lat' dir='ltr'><strong>pacis,</strong></span> 
     </span>
     <span class='ocr_line' id='line_1_4' title="bbox 56 644 1156 742; baseline -0.005 -24"><span class='ocrx_word' id='word_1_22' title='bbox 56 652 145 742; x_wconf 90' lang='lat' dir='ltr'><strong>quod</strong></span> <span class='ocrx_word' id='word_1_23' title='bbox 165 663 303 742; x_wconf 90' lang='lat' dir='ltr'><strong>utroque</strong></span> <span class='ocrx_word' id='word_1_24' title='bbox 326 672 409 716; x_wconf 86' lang='lat' dir='ltr'><strong>anno</strong></span> <span class='ocrx_word' id='word_1_25' title='bbox 432 648 575 716; x_wconf 89' lang='lat' dir='ltr'><strong>eiusdem</strong></span> <span class='ocrx_word' id='word_1_26' title='bbox 597 647 702 715; x_wconf 88' lang='lat' dir='ltr'><strong>curiae</strong></span> <span class='ocrx_word' id='word_1_27' title='bbox 724 647 828 715; x_wconf 85' lang='lat' dir='ltr'><strong>luerat</strong></span> <span class='ocrx_word' id='word_1_28' title='bbox 847 646 1046 738; x_wconf 89' lang='lat' dir='ltr'><strong>principium.</strong></span> <span class='ocrx_word' id='word_1_29' title='bbox 1087 644 1156 713; x_wconf 81' lang='lat' dir='ltr'><strong>Ma·</strong></span> 
     </span>
     <span class='ocr_line' id='line_1_5' title="bbox 57 738 1155 842; baseline -0.005 -20"><span class='ocrx_word' id='word_1_30' title='bbox 57 778 110 822; x_wconf 86' lang='lat' dir='ltr'><strong>cer</strong></span> <span class='ocrx_word' id='word_1_31' title='bbox 131 755 269 824; x_wconf 88' lang='lat' dir='ltr'><strong>Licinius</strong></span> <span class='ocrx_word' id='word_1_32' title='bbox 290 754 382 822; x_wconf 82' lang='lat' dir='ltr'><strong>tertia</strong></span> <span class='ocrx_word' id='word_1_33' title='bbox 404 753 502 821; x_wconf 85' lang='lat' dir='ltr'><strong>etiam</strong></span> <span class='ocrx_word' id='word_1_34' title='bbox 523 751 623 833; x_wconf 83' lang='lat' dir='ltr'><strong>clade,</strong></span> <span class='ocrx_word' id='word_1_35' title='bbox 649 776 733 842; x_wconf 87' lang='lat' dir='ltr'><strong>quae</strong></span> <span class='ocrx_word' id='word_1_36' title='bbox 755 753 796 819; x_wconf 89' lang='lat' dir='ltr'><strong>ad</strong></span> <span class='ocrx_word' id='word_1_37' title='bbox 818 738 1002 820; x_wconf 79' lang='lat' dir='ltr'><strong>Cremeram</strong></span> <span class='ocrx_word' id='word_1_38' title='bbox 1024 760 1155 840; x_wconf 81' lang='lat' dir='ltr'><strong>accepta</strong></span> 
     </span>
     <span class='ocr_line' id='line_1_6' title="bbox 56 856 1190 943; baseline -0.009 -16"><span class='ocrx_word' id='word_1_39' title='bbox 56 871 114 943; x_wconf 80' lang='lat' dir='ltr'><strong>est,</strong></span> <span class='ocrx_word' id='word_1_40' title='bbox 137 860 381 927; x_wconf 88' lang='lat' dir='ltr'><strong>abominandam</strong></span> <span class='ocrx_word' id='word_1_41' title='bbox 404 882 476 927; x_wconf 84' lang='lat' dir='ltr'><strong>eam</strong></span> <span class='ocrx_word' id='word_1_42' title='bbox 498 857 617 925; x_wconf 89' lang='lat' dir='ltr'><strong>curiam</strong></span> <span class='ocrx_word' id='word_1_43' title='bbox 640 856 724 925; x_wconf 84' lang='lat' dir='ltr'><strong>facit.</strong></span> <span class='ocrx_word' id='word_1_44' title='bbox 821 861 824 865; x_wconf 76' lang='grc'><strong>’</strong></span> <span class='ocrx_word' id='word_1_45' title='bbox 1171 863 1190 917; x_wconf 77' lang='lat'><strong>5</strong></span> 
     </span>
     <span class='ocr_line' id='line_1_7' title="bbox 144 958 1265 1053; baseline -0.005 -21"><span class='ocrx_word' id='word_1_46' title='bbox 144 963 295 1032; x_wconf 89' lang='lat' dir='ltr'>XXXIX.</span> <span class='ocrx_word' id='word_1_47' title='bbox 338 963 484 1030; x_wconf 72' lang='lat' dir='ltr'><strong>Dictator</strong></span> <span class='ocrx_word' id='word_1_48' title='bbox 505 973 636 1053; x_wconf 90' lang='lat' dir='ltr'><strong>postero</strong></span> <span class='ocrx_word' id='word_1_49' title='bbox 659 961 709 1029; x_wconf 94' lang='lat' dir='ltr'><strong>die</strong></span> <span class='ocrx_word' id='word_1_50' title='bbox 727 960 873 1052; x_wconf 87' lang='lat' dir='ltr'><strong>auspiciis</strong></span> <span class='ocrx_word' id='word_1_51' title='bbox 895 959 1036 1052; x_wconf 90' lang='lat' dir='ltr'><strong>repetitis</strong></span> <span class='ocrx_word' id='word_1_52' title='bbox 1050 968 1157 1049; x_wconf 74' lang='lat' dir='ltr'><strong>pertu-¹</strong></span> <span class='ocrx_word' id='word_1_53' title='bbox 1262 958 1265 963; x_wconf 82' lang='grc'><strong>’</strong></span> 
     </span>
     <span class='ocr_line' id='line_1_8' title="bbox 54 1060 1289 1160; baseline -0.006 -24"><span class='ocrx_word' id='word_1_54' title='bbox 54 1068 91 1137; x_wconf 92' lang='lat' dir='ltr'><strong>lit</strong></span> <span class='ocrx_word' id='word_1_55' title='bbox 112 1069 226 1160; x_wconf 83' lang='lat' dir='ltr'><strong>legem,</strong></span> <span class='ocrx_word' id='word_1_56' title='bbox 248 1080 281 1136; x_wconf 90' lang='lat' dir='ltr'><strong>et</strong></span> <span class='ocrx_word' id='word_1_57' title='bbox 301 1068 463 1159; x_wconf 85' lang='lat' dir='ltr'><strong>profectus</strong></span> <span class='ocrx_word' id='word_1_58' title='bbox 486 1090 560 1134; x_wconf 89' lang='lat' dir='ltr'><strong>cum</strong></span> <span class='ocrx_word' id='word_1_59' title='bbox 581 1066 758 1157; x_wconf 82' lang='lat' dir='ltr'><strong>legionibus</strong></span> <span class='ocrx_word' id='word_1_60' title='bbox 782 1066 823 1133; x_wconf 90' lang='lat' dir='ltr'><strong>ad</strong></span> <span class='ocrx_word' id='word_1_61' title='bbox 843 1077 999 1134; x_wconf 91' lang='lat' dir='ltr'><strong>terrorem</strong></span> <span class='ocrx_word' id='word_1_62' title='bbox 1019 1060 1156 1159; x_wconf 86' lang='lat' dir='ltr'><strong>traducti</strong></span> <span class='ocrx_word' id='word_1_63' title='bbox 1271 1060 1289 1093; x_wconf 47' lang='lat' dir='ltr'><strong>&#39;t</strong></span> 
     </span>
     <span class='ocr_line' id='line_1_9' title="bbox 55 1168 1158 1262; baseline -0.005 -23"><span class='ocrx_word' id='word_1_64' title='bbox 55 1173 168 1240; x_wconf 85' lang='lat' dir='ltr'><strong>silvam</strong></span> <span class='ocrx_word' id='word_1_65' title='bbox 191 1172 360 1239; x_wconf 81' lang='lat' dir='ltr'><strong>Cindniam</strong></span> <span class='ocrx_word' id='word_1_66' title='bbox 382 1170 540 1242; x_wconf 86' lang='lat' dir='ltr'><strong>exercitus</strong></span> <span class='ocrx_word' id='word_1_67' title='bbox 561 1194 664 1262; x_wconf 82' lang='lat' dir='ltr'><strong>nuper</strong></span> <span class='ocrx_word' id='word_1_68' title='bbox 683 1170 809 1262; x_wconf 87' lang='lat' dir='ltr'><strong>scriptis</strong></span> <span class='ocrx_word' id='word_1_69' title='bbox 831 1171 871 1237; x_wconf 91' lang='lat' dir='ltr'><strong>ad</strong></span> <span class='ocrx_word' id='word_1_70' title='bbox 885 1168 1158 1261; x_wconf 76' lang='lat' dir='ltr'><strong>longulam&#39;per·</strong></span> 
     </span>
     <span class='ocr_line' id='line_1_10' title="bbox 56 1270 1156 1366; baseline -0.005 -22"><span class='ocrx_word' id='word_1_71' title='bbox 56 1277 144 1346; x_wconf 87' lang='lat' dir='ltr'><strong>venit</strong></span> <span class='ocrx_word' id='word_1_72' title='bbox 173 1276 376 1366; x_wconf 73' lang='lat' dir='ltr'><strong>acceptisque</strong></span> <span class='ocrx_word' id='word_1_73' title='bbox 405 1276 567 1345; x_wconf 88' lang='lat' dir='ltr'><strong>aMarcio</strong></span> <span class='ocrx_word' id='word_1_74' title='bbox 596 1275 727 1343; x_wconf 89' lang='lat' dir='ltr'><strong>consule</strong></span> <span class='ocrx_word' id='word_1_75' title='bbox 755 1276 915 1343; x_wconf 90' lang='lat' dir='ltr'><strong>veteribus</strong></span> <span class='ocrx_word' id='word_1_76' title='bbox 942 1273 1095 1341; x_wconf 81' lang='lat' dir='ltr'><strong>militibus</strong></span> <span class='ocrx_word' id='word_1_77' title='bbox 1121 1270 1156 1339; x_wconf 88' lang='lat' dir='ltr'><strong>in</strong></span> 
     </span>
     <span class='ocr_line' id='line_1_11' title="bbox 55 1378 1204 1472; baseline -0.007 -23"><span class='ocrx_word' id='word_1_78' title='bbox 55 1381 157 1449; x_wconf 79' lang='lat' dir='ltr'><strong>aciem</strong></span> <span class='ocrx_word' id='word_1_79' title='bbox 185 1381 295 1472; x_wconf 84' lang='lat' dir='ltr'><strong>copias</strong></span> <span class='ocrx_word' id='word_1_80' title='bbox 321 1380 441 1451; x_wconf 84' lang='lat' dir='ltr'><strong>eduxit.</strong></span> <span class='ocrx_word' id='word_1_81' title='bbox 485 1405 547 1449; x_wconf 88' lang='lat' dir='ltr'><strong>uec</strong></span> <span class='ocrx_word' id='word_1_82' title='bbox 573 1379 684 1449; x_wconf 91' lang='lat' dir='ltr'><strong>hostes</strong></span> <span class='ocrx_word' id='word_1_83' title='bbox 711 1381 886 1447; x_wconf 87' lang='lat' dir='ltr'><strong>detractare</strong></span> <span class='ocrx_word' id='word_1_84' title='bbox 913 1378 973 1447; x_wconf 85' lang='lat' dir='ltr'><strong>visi</strong></span> <span class='ocrx_word' id='word_1_85' title='bbox 999 1378 1204 1469; x_wconf 78' lang='lat' dir='ltr'><strong>pugnam:10</strong></span> 
     </span>
     <span class='ocr_line' id='line_1_12' title="bbox 53 1480 1162 1576; baseline -0.005 -24"><span class='ocrx_word' id='word_1_86' title='bbox 53 1485 224 1554; x_wconf 88' lang='lat' dir='ltr'><strong>instructos</strong></span> <span class='ocrx_word' id='word_1_87' title='bbox 247 1485 361 1553; x_wconf 88' lang='lat' dir='ltr'><strong>deinde</strong></span> <span class='ocrx_word' id='word_1_88' title='bbox 385 1496 604 1576; x_wconf 86' lang='lat' dir='ltr'><strong>armatosque,</strong></span> <span class='ocrx_word' id='word_1_89' title='bbox 632 1507 707 1552; x_wconf 90' lang='lat' dir='ltr'><strong>cum</strong></span> <span class='ocrx_word' id='word_1_90' title='bbox 729 1483 769 1550; x_wconf 90' lang='lat' dir='ltr'><strong>ab</strong></span> <span class='ocrx_word' id='word_1_91' title='bbox 791 1484 910 1551; x_wconf 86' lang='lat' dir='ltr'><strong>neutris</strong></span> <span class='ocrx_word' id='word_1_92' title='bbox 931 1483 1091 1573; x_wconf 91' lang='lat' dir='ltr'><strong>proelium</strong></span> <span class='ocrx_word' id='word_1_93' title='bbox 1111 1480 1162 1549; x_wconf 72' lang='lat' dir='ltr'><strong>irs·</strong></span> 
     </span>
     <span class='ocr_line' id='line_1_13' title="bbox 48 1586 1274 1680; baseline -0.005 -22"><span class='ocrx_word' id='word_1_94' title='bbox 48 1589 185 1679; x_wconf 76' lang='lat' dir='ltr'><strong>ciperet,</strong></span> <span class='ocrx_word' id='word_1_95' title='bbox 207 1614 273 1657; x_wconf 85' lang='lat' dir='ltr'><strong>nox</strong></span> <span class='ocrx_word' id='word_1_96' title='bbox 295 1589 468 1680; x_wconf 83' lang='lat' dir='ltr'><strong>oppressit:</strong></span> <span class='ocrx_word' id='word_1_97' title='bbox 502 1589 602 1680; x_wconf 87' lang='lat' dir='ltr'><strong>quieti</strong></span> <span class='ocrx_word' id='word_1_98' title='bbox 623 1588 817 1679; x_wconf 90' lang='lat' dir='ltr'><strong>aliquamdiu</strong></span> <span class='ocrx_word' id='word_1_99' title='bbox 839 1612 899 1657; x_wconf 91' lang='lat' dir='ltr'><strong>uec</strong></span> <span class='ocrx_word' id='word_1_100' title='bbox 922 1588 987 1655; x_wconf 92' lang='lat' dir='ltr'><strong>suis</strong></span> <span class='ocrx_word' id='word_1_101' title='bbox 1014 1586 1155 1654; x_wconf 87' lang='lat' dir='ltr'><strong>diffiden·</strong></span> <span class='ocrx_word' id='word_1_102' title='bbox 1265 1652 1274 1661; x_wconf 80' lang='grc'><em>,</em></span> 
     </span>
     <span class='ocr_line' id='line_1_14' title="bbox 53 1690 1156 1785; baseline 0 -26"><span class='ocrx_word' id='word_1_103' title='bbox 53 1704 104 1760; x_wconf 89' lang='lat' dir='ltr'><strong>tes</strong></span> <span class='ocrx_word' id='word_1_104' title='bbox 125 1693 243 1760; x_wconf 90' lang='lat' dir='ltr'><strong>viribus</strong></span> <span class='ocrx_word' id='word_1_105' title='bbox 266 1717 326 1760; x_wconf 89' lang='lat' dir='ltr'><strong>nec</strong></span> <span class='ocrx_word' id='word_1_106' title='bbox 347 1693 476 1761; x_wconf 85' lang='lat' dir='ltr'><strong>hostem</strong></span> <span class='ocrx_word' id='word_1_107' title='bbox 498 1706 685 1785; x_wconf 86' lang='lat' dir='ltr'><strong>spernentes</strong></span> <span class='ocrx_word' id='word_1_108' title='bbox 706 1693 820 1760; x_wconf 85' lang='lat' dir='ltr'><strong>stativa</strong></span> <span class='ocrx_word' id='word_1_109' title='bbox 841 1692 875 1758; x_wconf 92' lang='lat' dir='ltr'><strong>in</strong></span> <span class='ocrx_word' id='word_1_110' title='bbox 900 1690 1080 1784; x_wconf 90' lang='lat' dir='ltr'><strong>propinquo</strong></span> <span class='ocrx_word' id='word_1_111' title='bbox 1102 1690 1156 1759; x_wconf 73' lang='lat' dir='ltr'><strong>ha³</strong></span> 
     </span>
     <span class='ocr_line' id='line_1_15' title="bbox 54 1784 1155 1889; baseline -0.003 -27"><span class='ocrx_word' id='word_1_112' title='bbox 54 1784 163 1864; x_wconf 62' lang='lat' dir='ltr'><strong>bueress</strong></span> <span class='ocrx_word' id='word_1_113' title='bbox 185 1835 229 1846; x_wconf 92' lang='lat'>-</span> <span class='ocrx_word' id='word_1_114' title='bbox 251 1799 389 1865; x_wconf 88' lang='lat' dir='ltr'><strong>Interea</strong></span> <span class='ocrx_word' id='word_1_115' title='bbox 411 1821 462 1865; x_wconf 87' lang='lat' dir='ltr'><strong>res</strong></span> <span class='ocrx_word' id='word_1_116' title='bbox 484 1798 517 1865; x_wconf 91' lang='lat' dir='ltr'><strong>in</strong></span> <span class='ocrx_word' id='word_1_117' title='bbox 538 1797 664 1866; x_wconf 85' lang='lat' dir='ltr'><strong>Etruria</strong></span> <span class='ocrx_word' id='word_1_118' title='bbox 686 1809 808 1889; x_wconf 82' lang='lat' dir='ltr'><strong>gestae:</strong></span> <span class='ocrx_word' id='word_1_119' title='bbox 830 1820 906 1864; x_wconf 90' lang='lat' dir='ltr'><strong>nam</strong></span> <span class='ocrx_word' id='word_1_120' title='bbox 928 1808 962 1863; x_wconf 87' lang='lat' dir='ltr'><strong>et</strong></span> <span class='ocrx_word' id='word_1_121' title='bbox 983 1818 1058 1862; x_wconf 91' lang='lat' dir='ltr'><strong>cum</strong></span> <span class='ocrx_word' id='word_1_122' title='bbox 1079 1793 1155 1860; x_wconf 89' lang='lat' dir='ltr'><strong>Um-</strong></span> 
     </span>
    </p>
   </div>
   <div class='ocr_carea' id='block_1_3' title="bbox 33 1932 1280 4237">
    <p class='ocr_par' dir='ltr' id='par_1_3' title="bbox 71 1932 1241 2286">
     <span class='ocr_line' id='line_1_16' title="bbox 71 1932 1157 2022; baseline -0.004 -21"><span class='ocrx_word' id='word_1_123' title='bbox 71 1946 98 2003; x_wconf 84' lang='lat'><strong>3.</strong></span> <span class='ocrx_word' id='word_1_124' title='bbox 128 1946 212 2022; x_wconf 79' lang='lat' dir='ltr'><strong>qaod</strong></span> <span class='ocrx_word' id='word_1_125' title='bbox 237 1955 363 2022; x_wconf 81' lang='lat' dir='ltr'><strong>utroque</strong></span> <span class='ocrx_word' id='word_1_126' title='bbox 388 1932 467 2005; x_wconf 73' lang='lat' dir='ltr'><strong>anno</strong></span> <span class='ocrx_word' id='word_1_127' title='bbox 494 1949 571 2005; x_wconf 76' lang='lat' dir='ltr'><strong>cissa·</strong></span> <span class='ocrx_word' id='word_1_128' title='bbox 711 1943 779 2006; x_wconf 90' lang='lat' dir='ltr'><strong>Pall.</strong></span> <span class='ocrx_word' id='word_1_129' title='bbox 798 1949 822 2005; x_wconf 80' lang='lat'><strong>1.</strong></span> <span class='ocrx_word' id='word_1_130' title='bbox 839 1947 866 2004; x_wconf 86' lang='grc'><strong>3.</strong></span> <span class='ocrx_word' id='word_1_131' title='bbox 894 1941 1157 2016; x_wconf 70' lang='lat' dir='ltr'><strong>Voss.1r.&#39;LQv.d.</strong></span> 
     </span>
     <span class='ocr_line' id='line_1_17' title="bbox 126 2030 1092 2110; baseline 0 -22"><span class='ocrx_word' id='word_1_132' title='bbox 126 2033 194 2088; x_wconf 83' lang='lat' dir='ltr'><strong>dem</strong></span> <span class='ocrx_word' id='word_1_133' title='bbox 215 2037 316 2091; x_wconf 80' lang='lat' dir='ltr'><strong>curiae</strong></span> <span class='ocrx_word' id='word_1_134' title='bbox 332 2034 442 2107; x_wconf 81' lang='lat' dir='ltr'><strong>fuerat</strong></span> <span class='ocrx_word' id='word_1_135' title='bbox 463 2036 571 2110; x_wconf 79' lang='lat' dir='ltr'><strong>princi·</strong></span> <span class='ocrx_word' id='word_1_136' title='bbox 712 2033 760 2093; x_wconf 80' lang='lat' dir='ltr'><strong>ab:</strong></span> <span class='ocrx_word' id='word_1_137' title='bbox 779 2035 873 2090; x_wconf 86' lang='lat' dir='ltr'><strong>tertiae</strong></span> <span class='ocrx_word' id='word_1_138' title='bbox 891 2035 971 2088; x_wconf 89' lang='lat' dir='ltr'><strong>ctiam</strong></span> <span class='ocrx_word' id='word_1_139' title='bbox 992 2030 1092 2090; x_wconf 85' lang='lat' dir='ltr'><strong>cladis..</strong></span> 
     </span>
     <span class='ocr_line' id='line_1_18' title="bbox 121 2119 1241 2200; baseline -0.004 -25"><span class='ocrx_word' id='word_1_140' title='bbox 121 2122 219 2194; x_wconf 81' lang='lat' dir='ltr'><strong>pium:</strong></span> <span class='ocrx_word' id='word_1_141' title='bbox 253 2120 317 2190; x_wconf 83' lang='grc' dir='ltr'><strong>ΡΜ]</strong></span> <span class='ocrx_word' id='word_1_142' title='bbox 350 2121 424 2198; x_wconf 89' lang='lat' dir='ltr'><strong>quod</strong></span> <span class='ocrx_word' id='word_1_143' title='bbox 456 2130 571 2199; x_wconf 87' lang='lat' dir='ltr'><strong>utroque</strong></span> <span class='ocrx_word' id='word_1_144' title='bbox 659 2121 686 2180; x_wconf 84' lang='lat'><strong>7.</strong></span> <span class='ocrx_word' id='word_1_145' title='bbox 713 2141 779 2178; x_wconf 84' lang='lat' dir='ltr'><strong>cum</strong></span> <span class='ocrx_word' id='word_1_146' title='bbox 806 2122 971 2200; x_wconf 81' lang='lat' dir='ltr'><strong>legionibus</strong></span> <span class='ocrx_word' id='word_1_147' title='bbox 996 2119 1039 2176; x_wconf 82' lang='lat' dir='ltr'><strong>&#39;od</strong></span> <span class='ocrx_word' id='word_1_148' title='bbox 1064 2126 1156 2175; x_wconf 78' lang='lat' dir='ltr'><strong>tarro·</strong></span> <span class='ocrx_word' id='word_1_149' title='bbox 1238 2166 1241 2171; x_wconf 90' lang='lat'><strong>.</strong></span> 
     </span>
     <span class='ocr_line' id='line_1_19' title="bbox 125 2205 1156 2286; baseline -0.001 -23"><span class='ocrx_word' id='word_1_150' title='bbox 125 2220 194 2263; x_wconf 77' lang='lat' dir='ltr'><strong>anno</strong></span> <span class='ocrx_word' id='word_1_151' title='bbox 206 2206 298 2264; x_wconf 87' lang='lat' dir='ltr'><strong>eadem</strong></span> <span class='ocrx_word' id='word_1_152' title='bbox 311 2208 485 2265; x_wconf 77' lang='lat' dir='ltr'><strong>cdria&#39;luerat</strong></span> <span class='ocrx_word' id='word_1_153' title='bbox 495 2211 569 2286; x_wconf 87' lang='lat' dir='ltr'><strong>priu-</strong></span> <span class='ocrx_word' id='word_1_154' title='bbox 713 2228 775 2265; x_wconf 82' lang='lat' dir='ltr'><strong>rem</strong></span> <span class='ocrx_word' id='word_1_155' title='bbox 792 2207 925 2265; x_wconf 76' lang='lat' dir='ltr'><strong>traducti</strong></span> <span class='ocrx_word' id='word_1_156' title='bbox 941 2208 1052 2264; x_wconf 78' lang='lat' dir='ltr'><strong>siluam</strong></span> <span class='ocrx_word' id='word_1_157' title='bbox 1070 2205 1156 2263; x_wconf 79' lang='lat' dir='ltr'><strong>cimt·</strong></span> 
     </span>
    </p>

    <p class='ocr_par' dir='ltr' id='par_1_4' title="bbox 62 2293 1280 3505">
     <span class='ocr_line' id='line_1_20' title="bbox 62 2293 1157 2372; baseline -0.001 -22"><span class='ocrx_word' id='word_1_158' title='bbox 62 2315 66 2321; x_wconf 90' lang='lat'>·</span> <span class='ocrx_word' id='word_1_159' title='bbox 124 2296 232 2372; x_wconf 82' lang='lat' dir='ltr'><strong>ciplum.</strong></span> <span class='ocrx_word' id='word_1_160' title='bbox 269 2294 316 2352; x_wconf 86' lang='lat' dir='ltr'><strong>Sic</strong></span> <span class='ocrx_word' id='word_1_161' title='bbox 334 2293 570 2353; x_wconf 73' lang='lat' dir='ltr'><strong>Drakenborchius</strong></span> <span class='ocrx_word' id='word_1_162' title='bbox 713 2298 794 2352; x_wconf 76' lang='lat' dir='ltr'><strong>niam</strong></span> <span class='ocrx_word' id='word_1_163' title='bbox 812 2296 962 2352; x_wconf 77' lang='lat' dir='ltr'><strong>exercitus</strong></span> <span class='ocrx_word' id='word_1_164' title='bbox 979 2312 1074 2368; x_wconf 81' lang='lat' dir='ltr'><strong>nuper</strong></span> <span class='ocrx_word' id='word_1_165' title='bbox 1085 2294 1157 2350; x_wconf 77' lang='lat' dir='ltr'><strong>scri·</strong></span> 
     </span>
     <span class='ocr_line' id='line_1_21' title="bbox 126 2380 1158 2459; baseline -0.002 -21"><span class='ocrx_word' id='word_1_166' title='bbox 126 2382 209 2438; x_wconf 89' lang='lat' dir='ltr'><strong>scribi</strong></span> <span class='ocrx_word' id='word_1_167' title='bbox 221 2381 301 2439; x_wconf 83' lang='lat' dir='ltr'><strong>iussit</strong></span> <span class='ocrx_word' id='word_1_168' title='bbox 314 2382 335 2442; x_wconf 89' lang='lat' dir='ltr'><strong>l.</strong></span> <span class='ocrx_word' id='word_1_169' title='bbox 346 2381 392 2442; x_wconf 79' lang='lat' dir='ltr'><strong>l&#39;r.</strong></span> <span class='ocrx_word' id='word_1_170' title='bbox 402 2381 571 2442; x_wconf 75' lang='lat' dir='ltr'><strong>Gronovium</strong></span> <span class='ocrx_word' id='word_1_171' title='bbox 709 2385 785 2459; x_wconf 76' lang='lat' dir='ltr'><strong>ptis:</strong></span> <span class='ocrx_word' id='word_1_172' title='bbox 823 2382 887 2440; x_wconf 82' lang='lat' dir='ltr'><strong>Pll:</strong></span> <span class='ocrx_word' id='word_1_173' title='bbox 922 2381 994 2451; x_wconf 78' lang='lat' dir='ltr'><strong>„die</strong></span> <span class='ocrx_word' id='word_1_174' title='bbox 1029 2381 1074 2438; x_wconf 87' lang='lat' dir='ltr'><strong>bei</strong></span> <span class='ocrx_word' id='word_1_175' title='bbox 1109 2380 1158 2436; x_wconf 87' lang='lat' dir='ltr'><strong>der</strong></span> 
     </span>
     <span class='ocr_line' id='line_1_22' title="bbox 125 2467 1158 2549; baseline -0.001 -25"><span class='ocrx_word' id='word_1_176' title='bbox 125 2477 242 2537; x_wconf 82' lang='lat' dir='ltr'><strong>secutus,</strong></span> <span class='ocrx_word' id='word_1_177' title='bbox 260 2471 307 2549; x_wconf 89' lang='lat' dir='ltr'><strong>qui</strong></span> <span class='ocrx_word' id='word_1_178' title='bbox 319 2469 491 2527; x_wconf 81' lang='lat' dir='ltr'><strong>scribendum</strong></span> <span class='ocrx_word' id='word_1_179' title='bbox 506 2490 570 2528; x_wconf 87' lang='lat' dir='ltr'><strong>con·</strong></span> <span class='ocrx_word' id='word_1_180' title='bbox 712 2469 1029 2536; x_wconf 83' lang='lat' dir='ltr'><strong>Schreclensnachricbt‚</strong></span> <span class='ocrx_word' id='word_1_181' title='bbox 1039 2468 1100 2525; x_wconf 82' lang='lat' dir='ltr'><strong>dass</strong></span> <span class='ocrx_word' id='word_1_182' title='bbox 1108 2467 1158 2525; x_wconf 83' lang='lat' dir='ltr'><strong>das</strong></span> 
     </span>
     <span class='ocr_line' id='line_1_23' title="bbox 124 2555 1157 2636; baseline -0.001 -25"><span class='ocrx_word' id='word_1_183' title='bbox 124 2558 224 2612; x_wconf 86' lang='lat' dir='ltr'><strong>iecerat</strong></span> <span class='ocrx_word' id='word_1_184' title='bbox 251 2577 328 2633; x_wconf 88' lang='lat' dir='ltr'><strong>„quo</strong></span> <span class='ocrx_word' id='word_1_185' title='bbox 355 2566 469 2636; x_wconf 83' lang='lat' dir='ltr'><strong>utroque</strong></span> <span class='ocrx_word' id='word_1_186' title='bbox 499 2577 570 2615; x_wconf 88' lang='lat' dir='ltr'><strong>anno</strong></span> <span class='ocrx_word' id='word_1_187' title='bbox 712 2556 785 2614; x_wconf 83' lang='lat' dir='ltr'><strong>fleer</strong></span> <span class='ocrx_word' id='word_1_188' title='bbox 802 2556 887 2614; x_wconf 85' lang='lat' dir='ltr'><strong>durch</strong></span> <span class='ocrx_word' id='word_1_189' title='bbox 906 2556 958 2613; x_wconf 86' lang='lat' dir='ltr'><strong>den</strong></span> <span class='ocrx_word' id='word_1_190' title='bbox 972 2555 1157 2613; x_wconf 84' lang='lat' dir='ltr'><strong>Ciminiscbeu</strong></span> 
     </span>
     <span class='ocr_line' id='line_1_24' title="bbox 126 2642 1157 2721; baseline -0.001 -23"><span class='ocrx_word' id='word_1_191' title='bbox 126 2643 219 2698; x_wconf 87' lang='lat' dir='ltr'><strong>eadem</strong></span> <span class='ocrx_word' id='word_1_192' title='bbox 252 2645 325 2699; x_wconf 88' lang='lat' dir='ltr'><strong>curia</strong></span> <span class='ocrx_word' id='word_1_193' title='bbox 354 2644 442 2702; x_wconf 85' lang='lat' dir='ltr'><strong>luerat</strong></span> <span class='ocrx_word' id='word_1_194' title='bbox 470 2648 571 2721; x_wconf 84' lang='lat' dir='ltr'><strong>princi·</strong></span> <span class='ocrx_word' id='word_1_195' title='bbox 712 2643 798 2702; x_wconf 88' lang='lat' dir='ltr'><strong>Wald</strong></span> <span class='ocrx_word' id='word_1_196' title='bbox 820 2643 926 2720; x_wconf 84' lang='lat' dir='ltr'><strong>geliihrt</strong></span> <span class='ocrx_word' id='word_1_197' title='bbox 943 2642 1070 2709; x_wconf 81' lang='lat' dir='ltr'><strong>worden,</strong></span> <span class='ocrx_word' id='word_1_198' title='bbox 1097 2662 1157 2697; x_wconf 86' lang='lat' dir='ltr'><strong>aua·</strong></span> 
     </span>
     <span class='ocr_line' id='line_1_25' title="bbox 124 2726 1157 2808; baseline 0.001 -23"><span class='ocrx_word' id='word_1_199' title='bbox 124 2732 231 2808; x_wconf 90' lang='lat' dir='ltr'><strong>pium“.</strong></span> <span class='ocrx_word' id='word_1_200' title='bbox 256 2729 304 2783; x_wconf 89' lang='lat' dir='ltr'><strong>sed</strong></span> <span class='ocrx_word' id='word_1_201' title='bbox 323 2748 383 2784; x_wconf 91' lang='lat' dir='ltr'><strong>cum</strong></span> <span class='ocrx_word' id='word_1_202' title='bbox 401 2730 495 2787; x_wconf 85' lang='lat' dir='ltr'><strong>Livius</strong></span> <span class='ocrx_word' id='word_1_203' title='bbox 513 2752 571 2787; x_wconf 87' lang='lat' dir='ltr'><strong>ora·</strong></span> <span class='ocrx_word' id='word_1_204' title='bbox 714 2729 835 2806; x_wconf 74' lang='lat' dir='ltr'><strong>gehoben</strong></span> <span class='ocrx_word' id='word_1_205' title='bbox 852 2730 945 2784; x_wconf 82' lang='lat' dir='ltr'><strong>waren</strong></span> <span class='ocrx_word' id='word_1_206' title='bbox 952 2734 978 2787; x_wconf 89' lang='lat'><strong>“.</strong></span> <span class='ocrx_word' id='word_1_207' title='bbox 997 2762 1030 2771; x_wconf 93' lang='lat'>—</span> <span class='ocrx_word' id='word_1_208' title='bbox 1048 2726 1125 2787; x_wconf 83' lang='lat' dir='ltr'><strong>Leid.</strong></span> <span class='ocrx_word' id='word_1_209' title='bbox 1139 2748 1157 2786; x_wconf 90' lang='lat'><strong>1.</strong></span> 
     </span>
     <span class='ocr_line' id='line_1_26' title="bbox 127 2814 1159 2890; baseline 0.001 -20"><span class='ocrx_word' id='word_1_210' title='bbox 127 2818 229 2872; x_wconf 88' lang='lat' dir='ltr'><strong>tionem</strong></span> <span class='ocrx_word' id='word_1_211' title='bbox 251 2814 379 2885; x_wconf 78' lang='lat' dir='ltr'><strong>mutando</strong></span> <span class='ocrx_word' id='word_1_212' title='bbox 404 2817 509 2871; x_wconf 81' lang='lat' dir='ltr'><strong>variare</strong></span> <span class='ocrx_word' id='word_1_213' title='bbox 535 2826 574 2871; x_wconf 90' lang='lat' dir='ltr'><strong>at·</strong></span> <span class='ocrx_word' id='word_1_214' title='bbox 714 2814 793 2874; x_wconf 88' lang='lat' dir='ltr'><strong>Voss.</strong></span> <span class='ocrx_word' id='word_1_215' title='bbox 809 2835 837 2874; x_wconf 90' lang='lat'><strong>11.</strong></span> <span class='ocrx_word' id='word_1_216' title='bbox 857 2814 924 2873; x_wconf 84' lang='lat' dir='ltr'><strong>Lov.</strong></span> <span class='ocrx_word' id='word_1_217' title='bbox 943 2818 969 2870; x_wconf 73' lang='lat' dir='ltr'><strong>l.</strong></span> <span class='ocrx_word' id='word_1_218' title='bbox 993 2815 1041 2873; x_wconf 77' lang='lat' dir='ltr'><strong>ab:</strong></span> <span class='ocrx_word' id='word_1_219' title='bbox 1071 2831 1159 2890; x_wconf 81' lang='lat' dir='ltr'><strong>nuper</strong></span> 
     </span>
     <span class='ocr_line' id='line_1_27' title="bbox 109 2900 1158 2982; baseline -0.002 -22"><span class='ocrx_word' id='word_1_220' title='bbox 109 2923 181 2982; x_wconf 71' lang='lat' dir='ltr'><strong>,que</strong></span> <span class='ocrx_word' id='word_1_221' title='bbox 200 2922 296 2958; x_wconf 90' lang='lat' dir='ltr'><strong>ornare</strong></span> <span class='ocrx_word' id='word_1_222' title='bbox 313 2900 426 2970; x_wconf 85' lang='lat' dir='ltr'><strong>soleret,</strong></span> <span class='ocrx_word' id='word_1_223' title='bbox 452 2921 503 2958; x_wconf 89' lang='lat' dir='ltr'><strong>uec</strong></span> <span class='ocrx_word' id='word_1_224' title='bbox 524 2903 573 2959; x_wconf 86' lang='lat' dir='ltr'><strong>rui·</strong></span> <span class='ocrx_word' id='word_1_225' title='bbox 713 2905 839 2981; x_wconf 86' lang='lat' dir='ltr'><strong>scriptus.</strong></span> <span class='ocrx_word' id='word_1_226' title='bbox 857 2900 937 2959; x_wconf 85' lang='lat' dir='ltr'><strong>Voss.</strong></span> <span class='ocrx_word' id='word_1_227' title='bbox 948 2918 978 2959; x_wconf 90' lang='lat'><strong>1.:</strong></span> <span class='ocrx_word' id='word_1_228' title='bbox 997 2921 1083 2977; x_wconf 91' lang='lat' dir='ltr'><strong>nuper</strong></span> <span class='ocrx_word' id='word_1_229' title='bbox 1091 2905 1158 2958; x_wconf 86' lang='lat' dir='ltr'><strong>scri·</strong></span> 
     </span>
     <span class='ocr_line' id='line_1_28' title="bbox 130 2987 1280 3069; baseline -0.003 -22"><span class='ocrx_word' id='word_1_230' title='bbox 130 3011 182 3048; x_wconf 86' lang='lat' dir='ltr'><strong>nus</strong></span> <span class='ocrx_word' id='word_1_231' title='bbox 199 2989 281 3047; x_wconf 84' lang='lat' dir='ltr'><strong>latlne</strong></span> <span class='ocrx_word' id='word_1_232' title='bbox 300 2989 355 3046; x_wconf 85' lang='lat' dir='ltr'><strong>dici</strong></span> <span class='ocrx_word' id='word_1_233' title='bbox 372 2998 464 3069; x_wconf 79' lang='lat' dir='ltr'><strong>posset</strong></span> <span class='ocrx_word' id='word_1_234' title='bbox 481 2990 574 3068; x_wconf 84' lang='lat' dir='ltr'><strong>„prin-</strong></span> <span class='ocrx_word' id='word_1_235' title='bbox 714 2991 764 3060; x_wconf 75' lang='lat' dir='ltr'><strong>pti</strong></span> <span class='ocrx_word' id='word_1_236' title='bbox 776 3020 810 3032; x_wconf 92' lang='lat'>-</span> <span class='ocrx_word' id='word_1_237' title='bbox 828 2988 870 3046; x_wconf 87' lang='lat' dir='ltr'><strong>ll:</strong></span> <span class='ocrx_word' id='word_1_238' title='bbox 888 2987 1075 3064; x_wconf 83' lang='lat' dir='ltr'><strong>adlongulam</strong></span> <span class='ocrx_word' id='word_1_239' title='bbox 1090 3009 1156 3067; x_wconf 76' lang='lat' dir='ltr'><strong>pue·</strong></span> <span class='ocrx_word' id='word_1_240' title='bbox 1278 3024 1280 3029; x_wconf 91' lang='lat'><em>-</em></span> 
     </span>
     <span class='ocr_line' id='line_1_29' title="bbox 128 3065 1157 3157; baseline -0.003 -22"><span class='ocrx_word' id='word_1_241' title='bbox 128 3081 228 3157; x_wconf 88' lang='lat' dir='ltr'><strong>cipium</strong></span> <span class='ocrx_word' id='word_1_242' title='bbox 255 3078 368 3134; x_wconf 84' lang='lat' dir='ltr'><strong>alicuius</strong></span> <span class='ocrx_word' id='word_1_243' title='bbox 397 3078 487 3134; x_wconf 85' lang='lat' dir='ltr'><strong>curiae</strong></span> <span class='ocrx_word' id='word_1_244' title='bbox 510 3081 574 3134; x_wconf 87' lang='lat' dir='ltr'><strong>est“</strong></span> <span class='ocrx_word' id='word_1_245' title='bbox 713 3079 762 3137; x_wconf 88' lang='lat' dir='ltr'><strong>nit.</strong></span> <span class='ocrx_word' id='word_1_246' title='bbox 791 3097 827 3137; x_wconf 90' lang='lat' dir='ltr'><strong>m.</strong></span> <span class='ocrx_word' id='word_1_247' title='bbox 844 3079 886 3137; x_wconf 80' lang='lat'><strong>3.:</strong></span> <span class='ocrx_word' id='word_1_248' title='bbox 903 3065 1010 3156; x_wconf 60' lang='lat' dir='ltr'><strong>&#39;puerit</strong></span> <span class='ocrx_word' id='word_1_249' title='bbox 1033 3106 1068 3118; x_wconf 87' lang='lat'><strong>··—</strong></span> <span class='ocrx_word' id='word_1_250' title='bbox 1093 3074 1157 3134; x_wconf 86' lang='lat' dir='ltr'><strong>Plll:</strong></span> 
     </span>
     <span class='ocr_line' id='line_1_30' title="bbox 127 3163 1157 3245; baseline 0.001 -25"><span class='ocrx_word' id='word_1_251' title='bbox 127 3183 205 3241; x_wconf 87' lang='lat' dir='ltr'><strong>quam</strong></span> <span class='ocrx_word' id='word_1_252' title='bbox 233 3163 342 3242; x_wconf 78' lang='lat' dir='ltr'><strong>„aliqua</strong></span> <span class='ocrx_word' id='word_1_253' title='bbox 373 3169 446 3222; x_wconf 85' lang='lat' dir='ltr'><strong>curia</strong></span> <span class='ocrx_word' id='word_1_254' title='bbox 471 3166 571 3241; x_wconf 89' lang='lat' dir='ltr'><strong>princi·</strong></span> <span class='ocrx_word' id='word_1_255' title='bbox 714 3167 885 3245; x_wconf 71' lang='lat' dir='ltr'><strong>acceptisque</strong></span> <span class='ocrx_word' id='word_1_256' title='bbox 903 3164 1030 3221; x_wconf 82' lang='lat' dir='ltr'><strong>ablarcio</strong></span> <span class='ocrx_word' id='word_1_257' title='bbox 1042 3166 1101 3223; x_wconf 84' lang='lat' dir='ltr'><strong>cos&#39;.</strong></span> <span class='ocrx_word' id='word_1_258' title='bbox 1112 3184 1157 3221; x_wconf 87' lang='lat' dir='ltr'><strong>ue·</strong></span> 
     </span>
     <span class='ocr_line' id='line_1_31' title="bbox 128 3251 973 3328; baseline 0.005 -22"><span class='ocrx_word' id='word_1_259' title='bbox 128 3253 201 3328; x_wconf 90' lang='lat' dir='ltr'><strong>pium</strong></span> <span class='ocrx_word' id='word_1_260' title='bbox 212 3254 285 3307; x_wconf 83' lang='lat' dir='ltr'><strong>estin</strong></span> <span class='ocrx_word' id='word_1_261' title='bbox 295 3252 423 3325; x_wconf 80' lang='lat' dir='ltr'><strong>suffragio</strong></span> <span class='ocrx_word' id='word_1_262' title='bbox 432 3251 572 3322; x_wconf 87' lang='lat' dir='ltr'><strong>lerendo“,</strong></span> <span class='ocrx_word' id='word_1_263' title='bbox 714 3254 816 3308; x_wconf 81' lang='lat' dir='ltr'><strong>teribus</strong></span> <span class='ocrx_word' id='word_1_264' title='bbox 833 3251 973 3327; x_wconf 83' lang='lat' dir='ltr'><strong>militibus.</strong></span> 
     </span>
     <span class='ocr_line' id='line_1_32' title="bbox 128 3338 1161 3417; baseline 0 -24"><span class='ocrx_word' id='word_1_265' title='bbox 128 3339 300 3414; x_wconf 88' lang='lat' dir='ltr'><strong>antiquorum</strong></span> <span class='ocrx_word' id='word_1_266' title='bbox 321 3342 511 3417; x_wconf 79' lang='lat' dir='ltr'><strong>inscriptorum</strong></span> <span class='ocrx_word' id='word_1_267' title='bbox 527 3360 571 3396; x_wconf 82' lang='lat' dir='ltr'><strong>au·</strong></span> <span class='ocrx_word' id='word_1_268' title='bbox 645 3341 687 3400; x_wconf 88' lang='lat'><strong>10.</strong></span> <span class='ocrx_word' id='word_1_269' title='bbox 714 3358 768 3397; x_wconf 82' lang='lat' dir='ltr'><strong>nac</strong></span> <span class='ocrx_word' id='word_1_270' title='bbox 789 3339 890 3396; x_wconf 63' lang='lat' dir='ltr'><strong>homes</strong></span> <span class='ocrx_word' id='word_1_271' title='bbox 913 3339 1080 3396; x_wconf 78' lang='lat' dir='ltr'><strong>detractare</strong></span> <span class='ocrx_word' id='word_1_272' title='bbox 1101 3338 1161 3398; x_wconf 74' lang='lat' dir='ltr'><strong>aiat</strong></span> 
     </span>
     <span class='ocr_line' id='line_1_33' title="bbox 129 3422 1160 3505; baseline -0.001 -24"><span class='ocrx_word' id='word_1_273' title='bbox 129 3428 279 3482; x_wconf 89' lang='lat' dir='ltr'><strong>ctoritatem</strong></span> <span class='ocrx_word' id='word_1_274' title='bbox 309 3428 443 3501; x_wconf 86' lang='lat' dir='ltr'><strong>potiorem</strong></span> <span class='ocrx_word' id='word_1_275' title='bbox 472 3425 572 3483; x_wconf 87' lang='lat' dir='ltr'><strong>habeu-</strong></span> <span class='ocrx_word' id='word_1_276' title='bbox 711 3425 920 3505; x_wconf 79' lang='lat' dir='ltr'><strong>pugnamstl</strong></span> <span class='ocrx_word' id='word_1_277' title='bbox 928 3425 1005 3484; x_wconf 83' lang='lat' dir='ltr'><strong>Leld.</strong></span> <span class='ocrx_word' id='word_1_278' title='bbox 1015 3446 1032 3485; x_wconf 87' lang='lat'><strong>1.</strong></span> <span class='ocrx_word' id='word_1_279' title='bbox 1040 3422 1160 3484; x_wconf 72' lang='lat' dir='ltr'><strong>Vossn.</strong></span> 
     </span>
    </p>

    <p class='ocr_par' dir='ltr' id='par_1_5' title="bbox 33 3511 1162 3855">
     <span class='ocr_line' id='line_1_34' title="bbox 33 3511 1159 3574; baseline 0.001 -6"><span class='ocrx_word' id='word_1_280' title='bbox 33 3516 36 3531; x_wconf 91' lang='lat'>&#39;</span> <span class='ocrx_word' id='word_1_281' title='bbox 129 3511 191 3568; x_wconf 87' lang='lat' dir='ltr'><strong>dam</strong></span> <span class='ocrx_word' id='word_1_282' title='bbox 209 3533 270 3570; x_wconf 84' lang='lat' dir='ltr'><strong>esse</strong></span> <span class='ocrx_word' id='word_1_283' title='bbox 288 3516 388 3570; x_wconf 88' lang='lat' dir='ltr'><strong>censui.</strong></span> <span class='ocrx_word' id='word_1_284' title='bbox 411 3541 445 3556; x_wconf 87' lang='lat'><strong>·-</strong></span> <span class='ocrx_word' id='word_1_285' title='bbox 466 3511 544 3571; x_wconf 86' lang='lat' dir='ltr'><strong>Leid.</strong></span> <span class='ocrx_word' id='word_1_286' title='bbox 553 3531 574 3573; x_wconf 85' lang='lat'><strong>1.</strong></span> <span class='ocrx_word' id='word_1_287' title='bbox 714 3544 749 3556; x_wconf 93' lang='lat'>-</span> <span class='ocrx_word' id='word_1_288' title='bbox 767 3512 823 3570; x_wconf 81' lang='lat' dir='ltr'><strong>Alii</strong></span> <span class='ocrx_word' id='word_1_289' title='bbox 841 3515 933 3574; x_wconf 82' lang='lat' dir='ltr'><strong>codd:</strong></span> <span class='ocrx_word' id='word_1_290' title='bbox 952 3512 1108 3571; x_wconf 85' lang='lat' dir='ltr'><strong>detrectare.</strong></span> <span class='ocrx_word' id='word_1_291' title='bbox 1124 3542 1159 3555; x_wconf 89' lang='lat'><strong>·-</strong></span> 
     </span>
     <span class='ocr_line' id='line_1_35' title="bbox 129 3588 1161 3678; baseline -0.003 -21"><span class='ocrx_word' id='word_1_292' title='bbox 129 3598 208 3658; x_wconf 86' lang='lat' dir='ltr'><strong>Voss.</strong></span> <span class='ocrx_word' id='word_1_293' title='bbox 218 3619 260 3659; x_wconf 90' lang='lat' dir='ltr'><strong>n.:</strong></span> <span class='ocrx_word' id='word_1_294' title='bbox 280 3598 353 3677; x_wconf 89' lang='lat' dir='ltr'><strong>quod</strong></span> <span class='ocrx_word' id='word_1_295' title='bbox 371 3607 485 3675; x_wconf 62' lang='lat' dir='ltr'><strong>unoque</strong></span> <span class='ocrx_word' id='word_1_296' title='bbox 501 3588 573 3655; x_wconf 80' lang='lat' dir='ltr'><strong>anno</strong></span> <span class='ocrx_word' id='word_1_297' title='bbox 715 3599 824 3660; x_wconf 75' lang='lat' dir='ltr'><strong>Putat:</strong></span> <span class='ocrx_word' id='word_1_298' title='bbox 843 3620 903 3658; x_wconf 81' lang='lat' dir='ltr'><strong>cum</strong></span> <span class='ocrx_word' id='word_1_299' title='bbox 921 3602 953 3658; x_wconf 93' lang='lat' dir='ltr'><strong>ab</strong></span> <span class='ocrx_word' id='word_1_300' title='bbox 969 3602 1071 3657; x_wconf 83' lang='lat' dir='ltr'><strong>neutri:</strong></span> <span class='ocrx_word' id='word_1_301' title='bbox 1082 3617 1161 3678; x_wconf 87' lang='lat' dir='ltr'><strong>proe-</strong></span> 
     </span>
     <span class='ocr_line' id='line_1_36' title="bbox 129 3685 1161 3765; baseline -0.004 -21"><span class='ocrx_word' id='word_1_302' title='bbox 129 3686 256 3744; x_wconf 84' lang='lat' dir='ltr'><strong>eiusdcm&#39;</strong></span> <span class='ocrx_word' id='word_1_303' title='bbox 272 3689 346 3763; x_wconf 80' lang='lat' dir='ltr'><strong>curla</strong></span> <span class='ocrx_word' id='word_1_304' title='bbox 360 3686 455 3743; x_wconf 80' lang='lat' dir='ltr'><strong>&#39;lucrat</strong></span> <span class='ocrx_word' id='word_1_305' title='bbox 473 3686 573 3765; x_wconf 85' lang='lat' dir='ltr'><strong>princi·</strong></span> <span class='ocrx_word' id='word_1_306' title='bbox 658 3694 669 3705; x_wconf 83' lang='lat'><strong>&#39;&#39;</strong></span> <span class='ocrx_word' id='word_1_307' title='bbox 716 3686 782 3744; x_wconf 77' lang='lat' dir='ltr'><strong>bum</strong></span> <span class='ocrx_word' id='word_1_308' title='bbox 806 3691 946 3765; x_wconf 81' lang='lat' dir='ltr'><strong>inciperet.</strong></span> <span class='ocrx_word' id='word_1_309' title='bbox 982 3685 1051 3747; x_wconf 80' lang='lat' dir='ltr'><strong>cod.</strong></span> <span class='ocrx_word' id='word_1_310' title='bbox 1073 3686 1161 3744; x_wconf 77' lang='lat' dir='ltr'><strong>Harl:</strong></span> 
     </span>
     <span class='ocr_line' id='line_1_37' title="bbox 113 3772 1162 3855; baseline 0 -24"><span class='ocrx_word' id='word_1_311' title='bbox 113 3777 213 3851; x_wconf 83' lang='lat' dir='ltr'><strong>&#39;pium</strong></span> <span class='ocrx_word' id='word_1_312' title='bbox 310 3772 313 3777; x_wconf 76' lang='grc'><strong>’</strong></span> <span class='ocrx_word' id='word_1_313' title='bbox 716 3776 888 3855; x_wconf 79' lang='lat' dir='ltr'><strong>inciperetur.</strong></span> <span class='ocrx_word' id='word_1_314' title='bbox 902 3802 935 3818; x_wconf 88' lang='lat'><em>-</em></span> <span class='ocrx_word' id='word_1_315' title='bbox 953 3774 1017 3834; x_wconf 81' lang='lat' dir='ltr'><strong>Pbl:</strong></span> <span class='ocrx_word' id='word_1_316' title='bbox 1035 3773 1162 3851; x_wconf 85' lang='lat' dir='ltr'><strong>aliquam·</strong></span> 
     </span>
    </p>

    <p class='ocr_par' dir='ltr' id='par_1_6' title="bbox 78 3858 818 3931">
     <span class='ocr_line' id='line_1_38' title="bbox 78 3858 818 3931; baseline 0.001 -15"><span class='ocrx_word' id='word_1_317' title='bbox 78 3890 111 3901; x_wconf 84' lang='lat'><strong>-—</strong></span> <span class='ocrx_word' id='word_1_318' title='bbox 131 3858 475 3931; x_wconf 74' lang='lat' dir='ltr'><strong>MacerLicim‘tsstartiq</strong></span> <span class='ocrx_word' id='word_1_319' title='bbox 487 3861 576 3917; x_wconf 81' lang='lat' dir='ltr'><strong>etiam</strong></span> <span class='ocrx_word' id='word_1_320' title='bbox 717 3861 773 3921; x_wconf 85' lang='lat' dir='ltr'><strong>diu.</strong></span> <span class='ocrx_word' id='word_1_321' title='bbox 815 3881 818 3885; x_wconf 79' lang='grc'>’</span> 
     </span>
    </p>

    <p class='ocr_par' dir='ltr' id='par_1_7' title="bbox 72 3945 1163 4201">
     <span class='ocr_line' id='line_1_39' title="bbox 72 3945 1162 4029; baseline 0.003 -26"><span class='ocrx_word' id='word_1_322' title='bbox 72 3958 74 3963; x_wconf 88' lang='grc'><strong><em>·</em></strong></span> <span class='ocrx_word' id='word_1_323' title='bbox 129 3947 217 4004; x_wconf 77' lang='lat' dir='ltr'><strong>clade</strong></span> <span class='ocrx_word' id='word_1_324' title='bbox 235 3954 298 4006; x_wconf 78' lang='lat' dir='ltr'><strong>cet:</strong></span> <span class='ocrx_word' id='word_1_325' title='bbox 316 3945 352 4004; x_wconf 86' lang='lat' dir='ltr'><strong>ll.</strong></span> <span class='ocrx_word' id='word_1_326' title='bbox 376 3977 410 3988; x_wconf 91' lang='lat'><em>-</em></span> <span class='ocrx_word' id='word_1_327' title='bbox 434 3947 468 4003; x_wconf 88' lang='lat' dir='ltr'><strong>P:</strong></span> <span class='ocrx_word' id='word_1_328' title='bbox 487 3966 577 4003; x_wconf 82' lang='lat' dir='ltr'><strong>macer</strong></span> <span class='ocrx_word' id='word_1_329' title='bbox 648 3949 691 4023; x_wconf 73' lang='lat' dir='ltr'><strong>td.</strong></span> <span class='ocrx_word' id='word_1_330' title='bbox 717 3949 833 4029; x_wconf 56' lang='lat' dir='ltr'><strong>inemec:</strong></span> <span class='ocrx_word' id='word_1_331' title='bbox 854 3960 903 4008; x_wconf 78' lang='lat' dir='ltr'><strong>res</strong></span> <span class='ocrx_word' id='word_1_332' title='bbox 921 3948 954 4025; x_wconf 61' lang='lat' dir='ltr'><strong>:fn</strong></span> <span class='ocrx_word' id='word_1_333' title='bbox 969 3950 1096 4006; x_wconf 81' lang='lat' dir='ltr'><strong>Etruria</strong></span> <span class='ocrx_word' id='word_1_334' title='bbox 1109 3967 1162 4029; x_wconf 76' lang='lat' dir='ltr'><strong>ge·</strong></span> 
     </span>
     <span class='ocr_line' id='line_1_40' title="bbox 130 4032 1163 4111; baseline 0.003 -21"><span class='ocrx_word' id='word_1_335' title='bbox 130 4033 211 4090; x_wconf 85' lang='lat' dir='ltr'><strong>liuius</strong></span> <span class='ocrx_word' id='word_1_336' title='bbox 236 4034 331 4091; x_wconf 83' lang='lat' dir='ltr'><strong>&#39;tertia</strong></span> <span class='ocrx_word' id='word_1_337' title='bbox 371 4036 451 4093; x_wconf 85' lang='lat' dir='ltr'><strong>etiam</strong></span> <span class='ocrx_word' id='word_1_338' title='bbox 490 4033 575 4094; x_wconf 79' lang='lat' dir='ltr'><strong>clade.</strong></span> <span class='ocrx_word' id='word_1_339' title='bbox 678 4038 681 4045; x_wconf 82' lang='lat'>&#39;</span> <span class='ocrx_word' id='word_1_340' title='bbox 716 4038 799 4111; x_wconf 58' lang='lat' dir='ltr'><strong>ctist:</strong></span> <span class='ocrx_word' id='word_1_341' title='bbox 814 4034 885 4105; x_wconf 70' lang='lat' dir='ltr'><strong>baso</strong></span> <span class='ocrx_word' id='word_1_342' title='bbox 899 4034 982 4093; x_wconf 74' lang='lat' dir='ltr'><strong>rdrba</strong></span> <span class='ocrx_word' id='word_1_343' title='bbox 1000 4056 1049 4093; x_wconf 86' lang='lat' dir='ltr'><strong>nec</strong></span> <span class='ocrx_word' id='word_1_344' title='bbox 1067 4034 1096 4093; x_wconf 82' lang='lat' dir='ltr'><strong>id</strong></span> <span class='ocrx_word' id='word_1_345' title='bbox 1113 4032 1163 4093; x_wconf 82' lang='grc' dir='ltr'><strong>ΡΜ</strong></span> 
     </span>
     <span class='ocr_line' id='line_1_41' title="bbox 129 4112 1162 4201; baseline 0.003 -23"><span class='ocrx_word' id='word_1_346' title='bbox 129 4120 206 4180; x_wconf 87' lang='lat' dir='ltr'><strong>Leid.</strong></span> <span class='ocrx_word' id='word_1_347' title='bbox 225 4141 256 4180; x_wconf 72' lang='grc' dir='ltr'><strong>ιε</strong></span> <span class='ocrx_word' id='word_1_348' title='bbox 279 4122 374 4178; x_wconf 85' lang='lat' dir='ltr'><strong>tertiae</strong></span> <span class='ocrx_word' id='word_1_349' title='bbox 391 4123 471 4178; x_wconf 78' lang='lat' dir='ltr'><strong>etiam</strong></span> <span class='ocrx_word' id='word_1_350' title='bbox 490 4120 575 4180; x_wconf 84' lang='lat' dir='ltr'><strong>clade.</strong></span> <span class='ocrx_word' id='word_1_351' title='bbox 685 4130 688 4141; x_wconf 94' lang='lat'>&#39;</span> <span class='ocrx_word' id='word_1_352' title='bbox 716 4120 979 4199; x_wconf 60' lang='lat' dir='ltr'><strong>dit&#39;s&#39;litffllitt&#39;dbruj</strong></span> <span class='ocrx_word' id='word_1_353' title='bbox 987 4112 1162 4201; x_wconf 64' lang='lat' dir='ltr'><strong>Drekpodd.</strong></span> 
     </span>
    </p>

    <p class='ocr_par' dir='ltr' id='par_1_8' title="bbox 622 4202 963 4237">
     <span class='ocr_line' id='line_1_42' title="bbox 622 4202 963 4237; baseline 0 0"><span class='ocrx_word' id='word_1_354' title='bbox 622 4202 631 4211; x_wconf 73' lang='lat'>&#39;</span> <span class='ocrx_word' id='word_1_355' title='bbox 953 4208 963 4237; x_wconf 77' lang='lat' dir='ltr'><strong>&#39;l</strong></span> 
     </span>
    </p>
   </div>
   <div class='ocr_carea' id='block_1_4' title="bbox 681 4278 984 4335">
    <p class='ocr_par' dir='ltr' id='par_1_9' title="bbox 681 4278 984 4335">
     <span class='ocr_line' id='line_1_43' title="bbox 830 4278 890 4303; baseline 0 -6"><span class='ocrx_word' id='word_1_356' title='bbox 830 4278 890 4303; x_wconf 57' lang='lat' dir='ltr'><strong>qus</strong></span> 
     </span>
     <span class='ocr_line' id='line_1_44' title="bbox 681 4316 984 4335; baseline -0.003 -11"><span class='ocrx_word' id='word_1_357' title='bbox 681 4326 686 4333; x_wconf 57' lang='grc' dir='ltr'>Ι</span> <span class='ocrx_word' id='word_1_358' title='bbox 766 4318 787 4335; x_wconf 59' lang='lat'><strong>⁴.</strong></span> <span class='ocrx_word' id='word_1_359' title='bbox 978 4316 984 4323; x_wconf 79' lang='lat'><em>=</em></span> 
     </span>
    </p>
   </div>
   <div class='ocr_carea' id='block_1_5' title="bbox 0 0 1317 4590">
    <p class='ocr_par' dir='ltr' id='par_1_10' title="bbox 0 0 1317 4590">
     <span class='ocr_line' id='line_1_45' title="bbox 0 0 1317 4590; baseline 0 0"><span class='ocrx_word' id='word_1_360' title='bbox 0 0 1317 4590; x_wconf 95' lang='lat' dir='ltr'><strong> </strong></span> 
     </span>
    </p>
   </div>
  </div>
 </body>
</html>
