<?xml version="1.0" encoding="UTF-8"?>
<!DOCTYPE html PUBLIC "-//W3C//DTD XHTML 1.0 Transitional//EN"
    "http://www.w3.org/TR/xhtml1/DTD/xhtml1-transitional.dtd">
<html xmlns="http://www.w3.org/1999/xhtml" xml:lang="en" lang="en">
 <head>
  <title>
</title>
<meta http-equiv="Content-Type" content="text/html;charset=utf-8" />
  <meta name='ocr-system' content='tesseract 3.04.00' />
  <meta name='ocr-capabilities' content='ocr_page ocr_carea ocr_par ocr_line ocrx_word'/>
</head>
<body>
  <div class='ocr_page' id='page_1' title='image "./titilivirerumro01alscgoog_0579.png"; bbox 0 0 2618 4590; ppageno 0'>
   <div class='ocr_carea' id='block_1_1' title="bbox 222 141 228 173">
    <p class='ocr_par' dir='ltr' id='par_1_1' title="bbox 222 141 228 173">
     <span class='ocr_line' id='line_1_1' title="bbox 222 141 228 173; baseline 0 0"><span class='ocrx_word' id='word_1_1' title='bbox 222 141 228 173; x_wconf 85' lang='lat' dir='ltr'>l</span> 
     </span>
    </p>
   </div>
   <div class='ocr_carea' id='block_1_2' title="bbox 524 231 1169 301">
    <p class='ocr_par' dir='ltr' id='par_1_2' title="bbox 524 231 1169 301">
     <span class='ocr_line' id='line_1_2' title="bbox 524 231 1169 301; baseline 0.002 -3"><span class='ocrx_word' id='word_1_2' title='bbox 524 239 636 299; x_wconf 70' lang='lat' dir='ltr'>LIBER</span> <span class='ocrx_word' id='word_1_3' title='bbox 652 241 700 301; x_wconf 69' lang='lat' dir='ltr'>tx</span> <span class='ocrx_word' id='word_1_4' title='bbox 1104 231 1169 301; x_wconf 81' lang='grc'>663</span> 
     </span>
    </p>
   </div>
   <div class='ocr_carea' id='block_1_3' title="bbox 62 402 1308 1541">
    <p class='ocr_par' dir='ltr' id='par_1_3' title="bbox 62 402 1308 1541">
     <span class='ocr_line' id='line_1_3' title="bbox 65 402 1293 494; baseline 0.002 -22"><span class='ocrx_word' id='word_1_5' title='bbox 65 415 156 474; x_wconf 87' lang='lat' dir='ltr'>scuta</span> <span class='ocrx_word' id='word_1_6' title='bbox 178 404 314 472; x_wconf 85' lang='lat' dir='ltr'>dominis</span> <span class='ocrx_word' id='word_1_7' title='bbox 333 402 582 494; x_wconf 70' lang='lat' dir='ltr'>&#39;argentariarum</span> <span class='ocrx_word' id='word_1_8' title='bbox 604 403 645 469; x_wconf 90' lang='lat' dir='ltr'>ad</span> <span class='ocrx_word' id='word_1_9' title='bbox 667 402 772 470; x_wconf 85' lang='lat' dir='ltr'>iorum</span> <span class='ocrx_word' id='word_1_10' title='bbox 795 403 973 472; x_wconf 87' lang='lat' dir='ltr'>ornandum</span> <span class='ocrx_word' id='word_1_11' title='bbox 994 405 1167 477; x_wconf 81' lang='lat' dir='ltr'>divideren·</span> <span class='ocrx_word' id='word_1_12' title='bbox 1290 488 1293 493; x_wconf 35' lang='grc'><strong>,</strong></span> 
     </span>
     <span class='ocr_line' id='line_1_4' title="bbox 65 507 1167 594; baseline 0.003 -19"><span class='ocrx_word' id='word_1_13' title='bbox 65 520 133 576; x_wconf 85' lang='lat' dir='ltr'>tur:</span> <span class='ocrx_word' id='word_1_14' title='bbox 170 510 243 576; x_wconf 90' lang='lat' dir='ltr'>inde</span> <span class='ocrx_word' id='word_1_15' title='bbox 271 520 383 576; x_wconf 89' lang='lat' dir='ltr'>natum</span> <span class='ocrx_word' id='word_1_16' title='bbox 410 507 535 575; x_wconf 86' lang='lat' dir='ltr'>initium</span> <span class='ocrx_word' id='word_1_17' title='bbox 556 507 669 575; x_wconf 82' lang='lat' dir='ltr'>dicitur</span> <span class='ocrx_word' id='word_1_18' title='bbox 688 507 751 575; x_wconf 82' lang='lat' dir='ltr'>tori</span> <span class='ocrx_word' id='word_1_19' title='bbox 781 508 913 576; x_wconf 82' lang='lat' dir='ltr'>ornandi</span> <span class='ocrx_word' id='word_1_20' title='bbox 941 510 982 578; x_wconf 93' lang='lat' dir='ltr'>ab</span> <span class='ocrx_word' id='word_1_21' title='bbox 1005 511 1167 594; x_wconf 81' lang='lat' dir='ltr'>aedilibus,</span> 
     </span>
     <span class='ocr_line' id='line_1_5' title="bbox 65 610 1308 703; baseline 0.006 -23"><span class='ocrx_word' id='word_1_22' title='bbox 65 638 141 680; x_wconf 85' lang='lat' dir='ltr'>oum</span> <span class='ocrx_word' id='word_1_23' title='bbox 169 625 279 682; x_wconf 82' lang='lat' dir='ltr'><strong>tensae</strong></span> <span class='ocrx_word' id='word_1_24' title='bbox 311 614 513 696; x_wconf 78' lang='lat' dir='ltr'>ducerentur.</span> <span class='ocrx_word' id='word_1_25' title='bbox 550 620 584 679; x_wconf 86' lang='lat' dir='ltr'>et</span> <span class='ocrx_word' id='word_1_26' title='bbox 610 610 745 678; x_wconf 82' lang='lat' dir='ltr'>Romani</span> <span class='ocrx_word' id='word_1_27' title='bbox 778 612 908 703; x_wconf 89' lang='lat' dir='ltr'>quidem</span> <span class='ocrx_word' id='word_1_28' title='bbox 937 615 979 682; x_wconf 90' lang='lat' dir='ltr'>ad</span> <span class='ocrx_word' id='word_1_29' title='bbox 1007 615 1166 687; x_wconf 74' lang='lat' dir='ltr'>honoram</span> <span class='ocrx_word' id='word_1_30' title='bbox 1241 676 1267 690; x_wconf 53' lang='grc'>..</span> <span class='ocrx_word' id='word_1_31' title='bbox 1306 644 1308 665; x_wconf 82' lang='lat'><strong>¹</strong></span> 
     </span>
     <span class='ocr_line' id='line_1_6' title="bbox 64 715 1165 810; baseline 0.003 -25"><span class='ocrx_word' id='word_1_32' title='bbox 64 719 164 786; x_wconf 88' lang='lat' dir='ltr'>deum</span> <span class='ocrx_word' id='word_1_33' title='bbox 184 718 358 810; x_wconf 81' lang='lat' dir='ltr'>insignibus</span> <span class='ocrx_word' id='word_1_34' title='bbox 380 716 475 784; x_wconf 88' lang='lat' dir='ltr'>annis</span> <span class='ocrx_word' id='word_1_35' title='bbox 488 715 632 785; x_wconf 86' lang='lat' dir='ltr'>bostium</span> <span class='ocrx_word' id='word_1_36' title='bbox 647 715 698 783; x_wconf 88' lang='lat' dir='ltr'>usi</span> <span class='ocrx_word' id='word_1_37' title='bbox 712 727 796 801; x_wconf 87' lang='lat' dir='ltr'>sunt,</span> <span class='ocrx_word' id='word_1_38' title='bbox 817 716 973 808; x_wconf 83' lang='lat' dir='ltr'>Campani</span> <span class='ocrx_word' id='word_1_39' title='bbox 995 719 1037 786; x_wconf 90' lang='lat' dir='ltr'>ad</span> <span class='ocrx_word' id='word_1_40' title='bbox 1058 743 1165 810; x_wconf 85' lang='lat' dir='ltr'>super·</span> 
     </span>
     <span class='ocr_line' id='line_1_7' title="bbox 64 819 1200 914; baseline 0.004 -27"><span class='ocrx_word' id='word_1_41' title='bbox 64 822 151 890; x_wconf 91' lang='lat' dir='ltr'>biam</span> <span class='ocrx_word' id='word_1_42' title='bbox 179 835 212 892; x_wconf 87' lang='lat' dir='ltr'>et</span> <span class='ocrx_word' id='word_1_43' title='bbox 240 823 315 893; x_wconf 84' lang='lat' dir='ltr'>odio</span> <span class='ocrx_word' id='word_1_44' title='bbox 337 821 527 890; x_wconf 71' lang='lat' dir='ltr'>Samnitium</span> <span class='ocrx_word' id='word_1_45' title='bbox 554 819 743 910; x_wconf 78' lang='lat' dir='ltr'>gladiatores</span> <span class='ocrx_word' id='word_1_46' title='bbox 764 852 810 871; x_wconf 70' lang='lat'>·-·»</span> <span class='ocrx_word' id='word_1_47' title='bbox 831 823 921 912; x_wconf 91' lang='lat' dir='ltr'>quod</span> <span class='ocrx_word' id='word_1_48' title='bbox 946 823 1200 914; x_wconf 77' lang='lat' dir='ltr'>spectaculuma</span> 
     </span>
     <span class='ocr_line' id='line_1_8' title="bbox 64 925 1165 1020; baseline 0.005 -28"><span class='ocrx_word' id='word_1_49' title='bbox 64 926 146 998; x_wconf 86' lang='lat' dir='ltr'>inter</span> <span class='ocrx_word' id='word_1_50' title='bbox 167 929 279 1020; x_wconf 87' lang='lat' dir='ltr'>epulas</span> <span class='ocrx_word' id='word_1_51' title='bbox 300 939 370 997; x_wconf 87' lang='lat' dir='ltr'>erat</span> <span class='ocrx_word' id='word_1_52' title='bbox 390 961 435 977; x_wconf 84' lang='lat'>-·-</span> <span class='ocrx_word' id='word_1_53' title='bbox 456 949 497 994; x_wconf 91' lang='lat' dir='ltr'>eo</span> <span class='ocrx_word' id='word_1_54' title='bbox 520 935 640 994; x_wconf 78' lang='lat' dir='ltr'>ornatu</span> <span class='ocrx_word' id='word_1_55' title='bbox 655 936 817 993; x_wconf 83' lang='lat' dir='ltr'>annanmt</span> <span class='ocrx_word' id='word_1_56' title='bbox 837 925 1093 1018; x_wconf 80' lang='lat' dir='ltr'>Samnitiumque</span> <span class='ocrx_word' id='word_1_57' title='bbox 1109 951 1165 997; x_wconf 82' lang='lat' dir='ltr'>no</span> 
     </span>
     <span class='ocr_line' id='line_1_9' title="bbox 64 1006 1225 1124; baseline 0.005 -28"><span class='ocrx_word' id='word_1_58' title='bbox 64 1006 150 1099; x_wconf 87' lang='lat' dir='ltr'>mine</span> <span class='ocrx_word' id='word_1_59' title='bbox 178 1032 408 1124; x_wconf 83' lang='lat' dir='ltr'>conpellarunt.</span> <span class='ocrx_word' id='word_1_60' title='bbox 430 1064 474 1080; x_wconf 85' lang='lat'>--</span> <span class='ocrx_word' id='word_1_61' title='bbox 495 1029 622 1098; x_wconf 85' lang='lat' dir='ltr'>Eodem</span> <span class='ocrx_word' id='word_1_62' title='bbox 652 1053 736 1097; x_wconf 90' lang='lat' dir='ltr'>anno</span> <span class='ocrx_word' id='word_1_63' title='bbox 764 1053 840 1097; x_wconf 87' lang='lat' dir='ltr'>cum</span> <span class='ocrx_word' id='word_1_64' title='bbox 867 1030 997 1122; x_wconf 82' lang='lat' dir='ltr'>reliquis</span> <span class='ocrx_word' id='word_1_65' title='bbox 1016 1032 1166 1102; x_wconf 78' lang='lat' dir='ltr'>Etrusco</span> <span class='ocrx_word' id='word_1_66' title='bbox 1220 1080 1225 1107; x_wconf 71' lang='grc'>,,</span> 
     </span>
     <span class='ocr_line' id='line_1_10' title="bbox 63 1133 1300 1228; baseline 0.003 -28"><span class='ocrx_word' id='word_1_67' title='bbox 63 1158 137 1201; x_wconf 85' lang='lat' dir='ltr'>rum</span> <span class='ocrx_word' id='word_1_68' title='bbox 159 1137 200 1203; x_wconf 91' lang='lat' dir='ltr'>ad</span> <span class='ocrx_word' id='word_1_69' title='bbox 221 1136 401 1222; x_wconf 83' lang='lat' dir='ltr'>Perusiam,</span> <span class='ocrx_word' id='word_1_70' title='bbox 429 1158 513 1226; x_wconf 74' lang='lat' dir='ltr'>quiae</span> <span class='ocrx_word' id='word_1_71' title='bbox 539 1144 574 1202; x_wconf 89' lang='lat' dir='ltr'>et</span> <span class='ocrx_word' id='word_1_72' title='bbox 588 1133 668 1224; x_wconf 86' lang='lat' dir='ltr'>ipsa</span> <span class='ocrx_word' id='word_1_73' title='bbox 696 1133 891 1202; x_wconf 79' lang='lat' dir='ltr'>indutiarum</span> <span class='ocrx_word' id='word_1_74' title='bbox 911 1136 1009 1204; x_wconf 87' lang='lat' dir='ltr'>fidem</span> <span class='ocrx_word' id='word_1_75' title='bbox 1029 1146 1167 1228; x_wconf 76' lang='lat' dir='ltr'>ruperat,</span> <span class='ocrx_word' id='word_1_76' title='bbox 1292 1177 1300 1193; x_wconf 60' lang='lat'>-1</span> 
     </span>
     <span class='ocr_line' id='line_1_11' title="bbox 63 1237 1167 1332; baseline 0.004 -28"><span class='ocrx_word' id='word_1_77' title='bbox 63 1238 180 1306; x_wconf 83' lang='lat' dir='ltr'>Fabius</span> <span class='ocrx_word' id='word_1_78' title='bbox 203 1237 317 1308; x_wconf 82' lang='lat' dir='ltr'>consul</span> <span class='ocrx_word' id='word_1_79' title='bbox 338 1263 399 1308; x_wconf 87' lang='lat' dir='ltr'>nee</span> <span class='ocrx_word' id='word_1_80' title='bbox 420 1238 518 1307; x_wconf 83' lang='lat' dir='ltr'>dubia</span> <span class='ocrx_word' id='word_1_81' title='bbox 538 1260 599 1306; x_wconf 86' lang='lat' dir='ltr'>nec</span> <span class='ocrx_word' id='word_1_82' title='bbox 616 1237 735 1305; x_wconf 81' lang='lat' dir='ltr'>dillroili</span> <span class='ocrx_word' id='word_1_83' title='bbox 749 1237 880 1307; x_wconf 82' lang='lat' dir='ltr'>viatoria</span> <span class='ocrx_word' id='word_1_84' title='bbox 895 1239 1039 1309; x_wconf 59' lang='lat' dir='ltr'>&amp;nisan</span> <span class='ocrx_word' id='word_1_85' title='bbox 1060 1238 1167 1332; x_wconf 86' lang='lat' dir='ltr'>ipsum</span> 
     </span>
     <span class='ocr_line' id='line_1_12' title="bbox 62 1342 1214 1437; baseline 0.005 -29"><span class='ocrx_word' id='word_1_86' title='bbox 62 1343 218 1434; x_wconf 89' lang='lat' dir='ltr'>oppidum</span> <span class='ocrx_word' id='word_1_87' title='bbox 239 1382 284 1396; x_wconf 92' lang='lat'>-·</span> <span class='ocrx_word' id='word_1_88' title='bbox 305 1369 384 1413; x_wconf 80' lang='lat' dir='ltr'>nam</span> <span class='ocrx_word' id='word_1_89' title='bbox 405 1345 447 1412; x_wconf 92' lang='lat' dir='ltr'>ad</span> <span class='ocrx_word' id='word_1_90' title='bbox 473 1344 603 1412; x_wconf 88' lang='lat' dir='ltr'>moenia</span> <span class='ocrx_word' id='word_1_91' title='bbox 624 1342 725 1412; x_wconf 85' lang='lat' dir='ltr'>victor</span> <span class='ocrx_word' id='word_1_92' title='bbox 753 1345 887 1434; x_wconf 70' lang='lat' dir='ltr'>aoeoesit</span> <span class='ocrx_word' id='word_1_93' title='bbox 907 1384 952 1397; x_wconf 91' lang='lat'>—-</span> <span class='ocrx_word' id='word_1_94' title='bbox 973 1344 1113 1437; x_wconf 84' lang='lat' dir='ltr'>cepisset</span> <span class='ocrx_word' id='word_1_95' title='bbox 1132 1346 1166 1414; x_wconf 87' lang='lat' dir='ltr'>ni</span> <span class='ocrx_word' id='word_1_96' title='bbox 1179 1357 1214 1413; x_wconf 83' lang='lat' dir='ltr'>to</span> 
     </span>
     <span class='ocr_line' id='line_1_13' title="bbox 62 1446 1166 1541; baseline 0.004 -28"><span class='ocrx_word' id='word_1_97' title='bbox 62 1446 158 1538; x_wconf 77' lang='lat' dir='ltr'>legati</span> <span class='ocrx_word' id='word_1_98' title='bbox 179 1449 333 1518; x_wconf 78' lang='lat' dir='ltr'>dedentes</span> <span class='ocrx_word' id='word_1_99' title='bbox 353 1449 469 1518; x_wconf 81' lang='lat' dir='ltr'>urbem</span> <span class='ocrx_word' id='word_1_100' title='bbox 487 1447 641 1517; x_wconf 76' lang='lat' dir='ltr'>exissent.</span> <span class='ocrx_word' id='word_1_101' title='bbox 677 1448 835 1539; x_wconf 85' lang='lat' dir='ltr'>praesidio</span> <span class='ocrx_word' id='word_1_102' title='bbox 853 1449 1006 1519; x_wconf 88' lang='lat' dir='ltr'>Perusiae</span> <span class='ocrx_word' id='word_1_103' title='bbox 1026 1448 1166 1541; x_wconf 73' lang='lat' dir='ltr'>iopodto</span> 
     </span>
    </p>
   </div>
   <div class='ocr_carea' id='block_1_4' title="bbox 80 1642 1167 1723">
    <p class='ocr_par' dir='ltr' id='par_1_4' title="bbox 80 1642 1167 1723">
     <span class='ocr_line' id='line_1_14' title="bbox 80 1642 1167 1723; baseline 0.003 -20"><span class='ocrx_word' id='word_1_104' title='bbox 80 1648 107 1705; x_wconf 76' lang='lat' dir='ltr'>l.</span> <span class='ocrx_word' id='word_1_105' title='bbox 135 1643 282 1723; x_wconf 68' lang='lat' dir='ltr'>Campani</span> <span class='ocrx_word' id='word_1_106' title='bbox 317 1648 361 1704; x_wconf 83' lang='lat' dir='ltr'>ool</span> <span class='ocrx_word' id='word_1_107' title='bbox 394 1647 528 1722; x_wconf 52' lang='lat' dir='ltr'>aufidium</span> <span class='ocrx_word' id='word_1_108' title='bbox 560 1657 582 1700; x_wconf 77' lang='lat' dir='ltr'>u</span> <span class='ocrx_word' id='word_1_109' title='bbox 721 1642 861 1706; x_wconf 62' lang='lat' dir='ltr'>Pilati:</span> <span class='ocrx_word' id='word_1_110' title='bbox 880 1645 1167 1723; x_wconf 61' lang='lat' dir='ltr'>conputationem.</span> 
     </span>
    </p>
   </div>
   <div class='ocr_carea' id='block_1_5' title="bbox 133 1732 580 1900">
    <p class='ocr_par' dir='ltr' id='par_1_5' title="bbox 133 1732 580 1900">
     <span class='ocr_line' id='line_1_15' title="bbox 134 1732 580 1811; baseline 0.004 -21"><span class='ocrx_word' id='word_1_111' title='bbox 134 1735 205 1791; x_wconf 81' lang='lat' dir='ltr'>odio</span> <span class='ocrx_word' id='word_1_112' title='bbox 236 1733 414 1811; x_wconf 70' lang='lat' dir='ltr'>Samnitium</span> <span class='ocrx_word' id='word_1_113' title='bbox 440 1742 506 1794; x_wconf 64' lang='lat' dir='ltr'>oeus</span> <span class='ocrx_word' id='word_1_114' title='bbox 534 1732 580 1808; x_wconf 85' lang='lat' dir='ltr'>ll]</span> 
     </span>
     <span class='ocr_line' id='line_1_16' title="bbox 133 1820 580 1900; baseline -0.004 -21"><span class='ocrx_word' id='word_1_115' title='bbox 133 1820 268 1900; x_wconf 84' lang='lat' dir='ltr'>Campani</span> <span class='ocrx_word' id='word_1_116' title='bbox 286 1822 320 1877; x_wconf 88' lang='lat' dir='ltr'>ab</span> <span class='ocrx_word' id='word_1_117' title='bbox 332 1820 457 1897; x_wconf 83' lang='lat' dir='ltr'>superbla</span> <span class='ocrx_word' id='word_1_118' title='bbox 476 1828 504 1876; x_wconf 80' lang='lat' dir='ltr'>at</span> <span class='ocrx_word' id='word_1_119' title='bbox 515 1820 580 1879; x_wconf 88' lang='lat' dir='ltr'>odio</span> 
     </span>
    </p>
   </div>
   <div class='ocr_carea' id='block_1_6' title="bbox 134 1906 587 1987">
    <p class='ocr_par' dir='ltr' id='par_1_6' title="bbox 134 1906 587 1987">
     <span class='ocr_line' id='line_1_17' title="bbox 134 1906 587 1987; baseline -0.009 -23"><span class='ocrx_word' id='word_1_120' title='bbox 134 1918 184 1969; x_wconf 84' lang='lat' dir='ltr'>cet.</span> <span class='ocrx_word' id='word_1_121' title='bbox 202 1909 266 1978; x_wconf 82' lang='grc' dir='ltr'><strong>(Ρ).</strong></span> <span class='ocrx_word' id='word_1_122' title='bbox 284 1938 319 1951; x_wconf 94' lang='grc'><strong>-</strong></span> <span class='ocrx_word' id='word_1_123' title='bbox 341 1906 442 1964; x_wconf 74' lang='lat' dir='ltr'>Facere</span> <span class='ocrx_word' id='word_1_124' title='bbox 459 1926 514 1965; x_wconf 86' lang='lat' dir='ltr'>nou</span> <span class='ocrx_word' id='word_1_125' title='bbox 531 1928 587 1987; x_wconf 54' lang='lat' dir='ltr'>po«</span> 
     </span>
    </p>
   </div>
   <div class='ocr_carea' id='block_1_7' title="bbox 132 1992 583 4150">
    <p class='ocr_par' dir='ltr' id='par_1_7' title="bbox 132 1992 583 4150">
     <span class='ocr_line' id='line_1_18' title="bbox 133 1992 581 2073; baseline -0.002 -21"><span class='ocrx_word' id='word_1_126' title='bbox 133 1998 175 2053; x_wconf 85' lang='lat' dir='ltr'>tui</span> <span class='ocrx_word' id='word_1_127' title='bbox 205 1998 272 2073; x_wconf 81' lang='lat' dir='ltr'>quin</span> <span class='ocrx_word' id='word_1_128' title='bbox 299 1995 327 2054; x_wconf 87' lang='lat' dir='ltr'>b.</span> <span class='ocrx_word' id='word_1_129' title='bbox 354 1992 373 2054; x_wconf 89' lang='lat' dir='ltr'>l.</span> <span class='ocrx_word' id='word_1_130' title='bbox 400 1994 581 2057; x_wconf 75' lang='lat' dir='ltr'>difficiliorem</span> 
     </span>
     <span class='ocr_line' id='line_1_19' title="bbox 136 2081 582 2159; baseline 0.004 -20"><span class='ocrx_word' id='word_1_131' title='bbox 136 2085 297 2159; x_wconf 79' lang='lat' dir='ltr'>scripturam</span> <span class='ocrx_word' id='word_1_132' title='bbox 306 2083 439 2141; x_wconf 81' lang='lat' dir='ltr'>rariorem</span> <span class='ocrx_word' id='word_1_133' title='bbox 447 2081 582 2141; x_wconf 78' lang='lat' dir='ltr'>haberem.</span> 
     </span>
     <span class='ocr_line' id='line_1_20' title="bbox 133 2169 582 2246; baseline -0.004 -19"><span class='ocrx_word' id='word_1_134' title='bbox 133 2170 202 2246; x_wconf 79' lang='lat' dir='ltr'>fugit</span> <span class='ocrx_word' id='word_1_135' title='bbox 224 2171 297 2227; x_wconf 87' lang='lat' dir='ltr'>euim</span> <span class='ocrx_word' id='word_1_136' title='bbox 320 2169 448 2226; x_wconf 80' lang='lat' dir='ltr'>librarios</span> <span class='ocrx_word' id='word_1_137' title='bbox 465 2169 511 2226; x_wconf 77' lang='lat' dir='ltr'>ad</span> <span class='ocrx_word' id='word_1_138' title='bbox 526 2189 582 2226; x_wconf 90' lang='lat' dir='ltr'>non</span> 
     </span>
     <span class='ocr_line' id='line_1_21' title="bbox 136 2254 582 2334; baseline 0 -21"><span class='ocrx_word' id='word_1_139' title='bbox 136 2276 282 2333; x_wconf 76' lang='lat' dir='ltr'>numquam</span> <span class='ocrx_word' id='word_1_140' title='bbox 299 2255 370 2334; x_wconf 85' lang='lat' dir='ltr'>apud</span> <span class='ocrx_word' id='word_1_141' title='bbox 385 2255 493 2314; x_wconf 78' lang='lat' dir='ltr'>Livium</span> <span class='ocrx_word' id='word_1_142' title='bbox 509 2254 582 2313; x_wconf 87' lang='lat' dir='ltr'>idom</span> 
     </span>
     <span class='ocr_line' id='line_1_22' title="bbox 133 2339 582 2420; baseline -0.002 -19"><span class='ocrx_word' id='word_1_143' title='bbox 133 2340 192 2401; x_wconf 81' lang='lat' dir='ltr'>fera</span> <span class='ocrx_word' id='word_1_144' title='bbox 209 2343 281 2420; x_wconf 87' lang='lat' dir='ltr'>quod</span> <span class='ocrx_word' id='word_1_145' title='bbox 300 2344 338 2400; x_wconf 88' lang='lat' dir='ltr'>ob</span> <span class='ocrx_word' id='word_1_146' title='bbox 352 2339 396 2402; x_wconf 80' lang='lat' dir='ltr'>vel</span> <span class='ocrx_word' id='word_1_147' title='bbox 407 2360 502 2400; x_wconf 74' lang='lat' dir='ltr'>sonsa</span> <span class='ocrx_word' id='word_1_148' title='bbox 520 2363 582 2400; x_wconf 85' lang='lat' dir='ltr'>cum</span> 
     </span>
     <span class='ocr_line' id='line_1_23' title="bbox 133 2429 582 2508; baseline -0.002 -20"><span class='ocrx_word' id='word_1_149' title='bbox 133 2433 215 2508; x_wconf 79' lang='lat' dir='ltr'>genit.</span> <span class='ocrx_word' id='word_1_150' title='bbox 233 2429 400 2507; x_wconf 76' lang='lat' dir='ltr'>significare,</span> <span class='ocrx_word' id='word_1_151' title='bbox 422 2433 582 2508; x_wconf 82' lang='lat' dir='ltr'>praesertim</span> 
     </span>
     <span class='ocr_line' id='line_1_24' title="bbox 137 2519 583 2594; baseline -0.004 -18"><span class='ocrx_word' id='word_1_152' title='bbox 137 2538 198 2578; x_wconf 83' lang='lat' dir='ltr'>oum</span> <span class='ocrx_word' id='word_1_153' title='bbox 217 2519 287 2576; x_wconf 79' lang='lat' dir='ltr'>odio</span> <span class='ocrx_word' id='word_1_154' title='bbox 305 2527 463 2593; x_wconf 83' lang='lat' dir='ltr'>sequeretur</span> <span class='ocrx_word' id='word_1_155' title='bbox 479 2527 507 2574; x_wconf 84' lang='lat' dir='ltr'>at</span> <span class='ocrx_word' id='word_1_156' title='bbox 523 2538 583 2594; x_wconf 87' lang='lat' dir='ltr'>par·</span> 
     </span>
     <span class='ocr_line' id='line_1_25' title="bbox 134 2602 583 2682; baseline -0.004 -19"><span class='ocrx_word' id='word_1_157' title='bbox 134 2605 234 2663; x_wconf 83' lang='lat' dir='ltr'>tionlaa</span> <span class='ocrx_word' id='word_1_158' title='bbox 251 2602 296 2661; x_wconf 78' lang='lat' dir='ltr'>od</span> <span class='ocrx_word' id='word_1_159' title='bbox 311 2605 350 2660; x_wconf 84' lang='lat' dir='ltr'>ab</span> <span class='ocrx_word' id='word_1_160' title='bbox 367 2605 525 2682; x_wconf 83' lang='lat' dir='ltr'>saepissima</span> <span class='ocrx_word' id='word_1_161' title='bbox 541 2606 583 2662; x_wconf 90' lang='lat' dir='ltr'>in·</span> 
     </span>
     <span class='ocr_line' id='line_1_26' title="bbox 134 2689 583 2749; baseline -0.007 0"><span class='ocrx_word' id='word_1_162' title='bbox 134 2703 176 2749; x_wconf 84' lang='lat' dir='ltr'>tar</span> <span class='ocrx_word' id='word_1_163' title='bbox 199 2711 229 2748; x_wconf 85' lang='lat' dir='ltr'>so</span> <span class='ocrx_word' id='word_1_164' title='bbox 252 2689 380 2747; x_wconf 78' lang='lat' dir='ltr'>contusae</span> <span class='ocrx_word' id='word_1_165' title='bbox 406 2699 504 2748; x_wconf 85' lang='lat' dir='ltr'>essent.</span> <span class='ocrx_word' id='word_1_166' title='bbox 533 2690 583 2746; x_wconf 87' lang='lat' dir='ltr'>sed</span> 
     </span>
     <span class='ocr_line' id='line_1_27' title="bbox 136 2774 583 2854; baseline -0.007 -18"><span class='ocrx_word' id='word_1_167' title='bbox 136 2776 403 2836; x_wconf 84' lang='lat' dir='ltr'>Liriamorationem</span> <span class='ocrx_word' id='word_1_168' title='bbox 413 2774 583 2854; x_wconf 84' lang='lat' dir='ltr'>mutarsplu·</span> 
     </span>
     <span class='ocr_line' id='line_1_28' title="bbox 134 2862 581 2940; baseline -0.009 -16"><span class='ocrx_word' id='word_1_169' title='bbox 134 2867 265 2940; x_wconf 81' lang='lat' dir='ltr'>ribuaque</span> <span class='ocrx_word' id='word_1_170' title='bbox 287 2862 421 2920; x_wconf 84' lang='lat' dir='ltr'>interdum</span> <span class='ocrx_word' id='word_1_171' title='bbox 443 2863 581 2940; x_wconf 88' lang='lat' dir='ltr'>praeposi·</span> 
     </span>
     <span class='ocr_line' id='line_1_29' title="bbox 135 2947 581 3021; baseline -0.013 -10"><span class='ocrx_word' id='word_1_172' title='bbox 135 2948 256 3011; x_wconf 77' lang='lat' dir='ltr'>tionibus</span> <span class='ocrx_word' id='word_1_173' title='bbox 274 2951 323 3021; x_wconf 92' lang='grc'>(6,</span> <span class='ocrx_word' id='word_1_174' title='bbox 340 2952 384 3010; x_wconf 79' lang='grc'>34.</span> <span class='ocrx_word' id='word_1_175' title='bbox 402 2951 451 3019; x_wconf 76' lang='lat' dir='ltr'>at,</span> <span class='ocrx_word' id='word_1_176' title='bbox 468 2950 513 3008; x_wconf 83' lang='grc'>60.</span> <span class='ocrx_word' id='word_1_177' title='bbox 531 2947 581 3020; x_wconf 80' lang='lat' dir='ltr'>al.)</span> 
     </span>
     <span class='ocr_line' id='line_1_30' title="bbox 134 3036 582 3116; baseline -0.004 -19"><span class='ocrx_word' id='word_1_178' title='bbox 134 3040 170 3097; x_wconf 83' lang='lat' dir='ltr'>ad</span> <span class='ocrx_word' id='word_1_179' title='bbox 187 3036 302 3095; x_wconf 87' lang='lat' dir='ltr'>eundem</span> <span class='ocrx_word' id='word_1_180' title='bbox 316 3056 403 3116; x_wconf 85' lang='lat' dir='ltr'>propo</span> <span class='ocrx_word' id='word_1_181' title='bbox 413 3052 523 3097; x_wconf 67' lang='lat' dir='ltr'>mnsam</span> <span class='ocrx_word' id='word_1_182' title='bbox 536 3057 582 3095; x_wconf 85' lang='lat' dir='ltr'>ax·</span> 
     </span>
     <span class='ocr_line' id='line_1_31' title="bbox 132 3125 581 3203; baseline 0.002 -21"><span class='ocrx_word' id='word_1_183' title='bbox 132 3125 304 3203; x_wconf 80' lang='lat' dir='ltr'>primsndum</span> <span class='ocrx_word' id='word_1_184' title='bbox 334 3128 374 3183; x_wconf 89' lang='lat' dir='ltr'>uti</span> <span class='ocrx_word' id='word_1_185' title='bbox 404 3134 498 3182; x_wconf 79' lang='lat' dir='ltr'>notum</span> <span class='ocrx_word' id='word_1_186' title='bbox 525 3133 581 3183; x_wconf 84' lang='lat' dir='ltr'>est:</span> 
     </span>
     <span class='ocr_line' id='line_1_32' title="bbox 134 3210 580 3288; baseline -0.002 -19"><span class='ocrx_word' id='word_1_187' title='bbox 134 3222 162 3269; x_wconf 85' lang='lat' dir='ltr'>et</span> <span class='ocrx_word' id='word_1_188' title='bbox 182 3212 210 3269; x_wconf 90' lang='lat' dir='ltr'>b.</span> <span class='ocrx_word' id='word_1_189' title='bbox 232 3210 251 3272; x_wconf 90' lang='lat' dir='ltr'>l.</span> <span class='ocrx_word' id='word_1_190' title='bbox 272 3213 318 3269; x_wconf 80' lang='lat' dir='ltr'>od</span> <span class='ocrx_word' id='word_1_191' title='bbox 344 3213 513 3288; x_wconf 75' lang='lat' dir='ltr'>snperbiam</span> <span class='ocrx_word' id='word_1_192' title='bbox 538 3230 580 3268; x_wconf 84' lang='lat' dir='ltr'>rs·</span> 
     </span>
     <span class='ocr_line' id='line_1_33' title="bbox 133 3297 583 3376; baseline 0.002 -20"><span class='ocrx_word' id='word_1_193' title='bbox 133 3297 254 3376; x_wconf 84' lang='lat' dir='ltr'>spondet</span> <span class='ocrx_word' id='word_1_194' title='bbox 269 3299 442 3376; x_wconf 82' lang='lat' dir='ltr'>praecedenti</span> <span class='ocrx_word' id='word_1_195' title='bbox 459 3301 521 3357; x_wconf 82' lang='lat' dir='ltr'>voci</span> <span class='ocrx_word' id='word_1_196' title='bbox 539 3300 583 3356; x_wconf 82' lang='lat' dir='ltr'>ad</span> 
     </span>
     <span class='ocr_line' id='line_1_34' title="bbox 135 3384 583 3463; baseline -0.007 -18"><span class='ocrx_word' id='word_1_197' title='bbox 135 3387 287 3445; x_wconf 78' lang='lat' dir='ltr'>bonorem.</span> <span class='ocrx_word' id='word_1_198' title='bbox 321 3386 400 3455; x_wconf 82' lang='lat' dir='ltr'>„Die</span> <span class='ocrx_word' id='word_1_199' title='bbox 430 3384 583 3463; x_wconf 80' lang='lat' dir='ltr'>Campaner</span> 
     </span>
     <span class='ocr_line' id='line_1_35' title="bbox 135 3471 582 3548; baseline -0.004 -18"><span class='ocrx_word' id='word_1_200' title='bbox 135 3471 582 3548; x_wconf 81' lang='lat' dir='ltr'>dagegenscbmtloltenaosllocb·</span> 
     </span>
     <span class='ocr_line' id='line_1_36' title="bbox 135 3557 583 3628; baseline -0.007 -10"><span class='ocrx_word' id='word_1_201' title='bbox 135 3559 211 3618; x_wconf 86' lang='lat' dir='ltr'>mutb</span> <span class='ocrx_word' id='word_1_202' title='bbox 230 3558 274 3628; x_wconf 87' lang='lat' dir='ltr'>(d.</span> <span class='ocrx_word' id='word_1_203' title='bbox 291 3560 312 3615; x_wconf 84' lang='lat' dir='ltr'>i.</span> <span class='ocrx_word' id='word_1_204' title='bbox 324 3578 373 3616; x_wconf 89' lang='lat' dir='ltr'>um</span> <span class='ocrx_word' id='word_1_205' title='bbox 390 3559 477 3616; x_wconf 75' lang='lat' dir='ltr'>ibrum</span> <span class='ocrx_word' id='word_1_206' title='bbox 491 3557 583 3616; x_wconf 85' lang='lat' dir='ltr'>Stolze</span> 
     </span>
     <span class='ocr_line' id='line_1_37' title="bbox 137 3645 583 3721; baseline -0.007 -15"><span class='ocrx_word' id='word_1_207' title='bbox 137 3668 171 3711; x_wconf 82' lang='lat' dir='ltr'>au</span> <span class='ocrx_word' id='word_1_208' title='bbox 197 3650 345 3721; x_wconf 64' lang='lat' dir='ltr'>geuugeut</span> <span class='ocrx_word' id='word_1_209' title='bbox 359 3645 417 3702; x_wconf 89' lang='lat' dir='ltr'>und</span> <span class='ocrx_word' id='word_1_210' title='bbox 443 3664 492 3703; x_wconf 81' lang='lat' dir='ltr'>aus</span> <span class='ocrx_word' id='word_1_211' title='bbox 513 3646 583 3703; x_wconf 88' lang='lat' dir='ltr'>liass</span> 
     </span>
     <span class='ocr_line' id='line_1_38' title="bbox 136 3733 583 3810; baseline -0.002 -19"><span class='ocrx_word' id='word_1_212' title='bbox 136 3753 220 3810; x_wconf 80' lang='lat' dir='ltr'>gagen</span> <span class='ocrx_word' id='word_1_213' title='bbox 239 3733 283 3789; x_wconf 84' lang='lat' dir='ltr'>die</span> <span class='ocrx_word' id='word_1_214' title='bbox 301 3733 441 3789; x_wconf 88' lang='lat' dir='ltr'>Samniten</span> <span class='ocrx_word' id='word_1_215' title='bbox 458 3735 509 3809; x_wconf 77' lang='lat' dir='ltr'>mit</span> <span class='ocrx_word' id='word_1_216' title='bbox 526 3734 583 3790; x_wconf 87' lang='lat' dir='ltr'>die·</span> 
     </span>
     <span class='ocr_line' id='line_1_39' title="bbox 136 3819 582 3878; baseline 0 0"><span class='ocrx_word' id='word_1_217' title='bbox 136 3841 196 3878; x_wconf 89' lang='lat' dir='ltr'>sem</span> <span class='ocrx_word' id='word_1_218' title='bbox 204 3819 582 3878; x_wconf 79' lang='lat' dir='ltr'>WailensobmuelribraGla·</span> 
     </span>
     <span class='ocr_line' id='line_1_40' title="bbox 137 3906 581 3978; baseline 0 -13"><span class='ocrx_word' id='word_1_219' title='bbox 137 3908 282 3965; x_wconf 86' lang='lat' dir='ltr'>diatoren“</span> <span class='ocrx_word' id='word_1_220' title='bbox 292 3927 319 3965; x_wconf 91' lang='lat' dir='ltr'>u.</span> <span class='ocrx_word' id='word_1_221' title='bbox 328 3927 352 3967; x_wconf 85' lang='lat' dir='ltr'>s.</span> <span class='ocrx_word' id='word_1_222' title='bbox 361 3927 397 3965; x_wconf 86' lang='lat' dir='ltr'>w.</span> <span class='ocrx_word' id='word_1_223' title='bbox 410 3906 455 3966; x_wconf 87' lang='lat' dir='ltr'>Cl.</span> <span class='ocrx_word' id='word_1_224' title='bbox 467 3909 513 3978; x_wconf 84' lang='grc'>36,</span> <span class='ocrx_word' id='word_1_225' title='bbox 525 3909 581 3967; x_wconf 72' lang='grc' dir='ltr'>14.τ</span> 
     </span>
     <span class='ocr_line' id='line_1_41' title="bbox 139 3993 582 4069; baseline 0 -18"><span class='ocrx_word' id='word_1_226' title='bbox 139 3994 175 4051; x_wconf 83' lang='lat' dir='ltr'>ad</span> <span class='ocrx_word' id='word_1_227' title='bbox 186 3993 332 4051; x_wconf 85' lang='lat' dir='ltr'>ludibrium</span> <span class='ocrx_word' id='word_1_228' title='bbox 345 4013 435 4069; x_wconf 80' lang='lat' dir='ltr'>regern</span> <span class='ocrx_word' id='word_1_229' title='bbox 447 4012 508 4052; x_wconf 87' lang='lat' dir='ltr'>aum</span> <span class='ocrx_word' id='word_1_230' title='bbox 520 4014 582 4052; x_wconf 83' lang='lat' dir='ltr'>con·</span> 
     </span>
     <span class='ocr_line' id='line_1_42' title="bbox 139 4079 583 4150; baseline -0.007 -11"><span class='ocrx_word' id='word_1_231' title='bbox 139 4081 250 4139; x_wconf 83' lang='lat' dir='ltr'>aalutari</span> <span class='ocrx_word' id='word_1_232' title='bbox 272 4082 360 4140; x_wconf 84' lang='lat' dir='ltr'>iussit.</span> <span class='ocrx_word' id='word_1_233' title='bbox 387 4083 418 4150; x_wconf 84' lang='grc'>1,</span> <span class='ocrx_word' id='word_1_234' title='bbox 435 4083 462 4139; x_wconf 83' lang='grc'>7.</span> <span class='ocrx_word' id='word_1_235' title='bbox 486 4079 520 4141; x_wconf 86' lang='lat' dir='ltr'>ul.</span> <span class='ocrx_word' id='word_1_236' title='bbox 547 4110 583 4125; x_wconf 91' lang='lat'><em>-</em></span> 
     </span>
    </p>
   </div>
   <div class='ocr_carea' id='block_1_8' title="bbox 719 1730 1023 1812">
    <p class='ocr_par' dir='ltr' id='par_1_8' title="bbox 719 1730 1023 1812">
     <span class='ocr_line' id='line_1_43' title="bbox 719 1730 1023 1812; baseline 0 -21"><span class='ocrx_word' id='word_1_237' title='bbox 719 1730 829 1793; x_wconf 64' lang='lat' dir='ltr'>(littus</span> <span class='ocrx_word' id='word_1_238' title='bbox 844 1731 1023 1812; x_wconf 78' lang='lat' dir='ltr'>appellarunt.</span> 
     </span>
    </p>
   </div>
   <div class='ocr_carea' id='block_1_9' title="bbox 668 1821 1167 1898">
    <p class='ocr_par' dir='ltr' id='par_1_9' title="bbox 668 1821 1167 1898">
     <span class='ocr_line' id='line_1_44' title="bbox 668 1821 1167 1898; baseline -0.002 -20"><span class='ocrx_word' id='word_1_239' title='bbox 668 1825 696 1880; x_wconf 77' lang='grc'>7.</span> <span class='ocrx_word' id='word_1_240' title='bbox 721 1836 788 1878; x_wconf 80' lang='lat' dir='ltr'>oum</span> <span class='ocrx_word' id='word_1_241' title='bbox 810 1821 936 1898; x_wconf 77' lang='lat' dir='ltr'>reliquis</span> <span class='ocrx_word' id='word_1_242' title='bbox 955 1822 1167 1878; x_wconf 75' lang='lat' dir='ltr'>Etruscorum.-</span> 
     </span>
    </p>
   </div>
   <div class='ocr_carea' id='block_1_10' title="bbox 722 1906 1168 2160">
    <p class='ocr_par' dir='ltr' id='par_1_10' title="bbox 722 1906 1168 2160">
     <span class='ocr_line' id='line_1_45' title="bbox 723 1906 1167 1985; baseline 0 -20"><span class='ocrx_word' id='word_1_243' title='bbox 723 1907 782 1967; x_wconf 77' lang='lat' dir='ltr'>an.</span> <span class='ocrx_word' id='word_1_244' title='bbox 816 1908 954 1985; x_wconf 75' lang='lat' dir='ltr'>Reliquis</span> <span class='ocrx_word' id='word_1_245' title='bbox 975 1906 1083 1966; x_wconf 77' lang='lat' dir='ltr'>videtur</span> <span class='ocrx_word' id='word_1_246' title='bbox 1104 1907 1130 1967; x_wconf 87' lang='lat' dir='ltr'>b.</span> <span class='ocrx_word' id='word_1_247' title='bbox 1147 1906 1167 1966; x_wconf 85' lang='lat' dir='ltr'>l.</span> 
     </span>
     <span class='ocr_line' id='line_1_46' title="bbox 722 1993 1168 2072; baseline -0.009 -18"><span class='ocrx_word' id='word_1_248' title='bbox 722 1995 797 2054; x_wconf 81' lang='lat' dir='ltr'>idern</span> <span class='ocrx_word' id='word_1_249' title='bbox 827 2012 886 2052; x_wconf 86' lang='lat' dir='ltr'>esse</span> <span class='ocrx_word' id='word_1_250' title='bbox 915 1993 990 2072; x_wconf 84' lang='lat' dir='ltr'>quod</span> <span class='ocrx_word' id='word_1_251' title='bbox 1021 1994 1168 2070; x_wconf 73' lang='lat' dir='ltr'>reliquiis,</span> 
     </span>
     <span class='ocr_line' id='line_1_47' title="bbox 723 2079 1168 2160; baseline -0.007 -21"><span class='ocrx_word' id='word_1_252' title='bbox 723 2083 797 2160; x_wconf 81' lang='lat' dir='ltr'>quod</span> <span class='ocrx_word' id='word_1_253' title='bbox 822 2083 851 2138; x_wconf 90' lang='lat' dir='ltr'>in</span> <span class='ocrx_word' id='word_1_254' title='bbox 875 2080 935 2141; x_wconf 82' lang='lat' dir='ltr'>eod.</span> <span class='ocrx_word' id='word_1_255' title='bbox 952 2079 1101 2140; x_wconf 77' lang='lat' dir='ltr'>Kloolriano</span> <span class='ocrx_word' id='word_1_256' title='bbox 1123 2099 1168 2137; x_wconf 80' lang='lat' dir='ltr'>re·</span> 
     </span>
    </p>
   </div>
   <div class='ocr_carea' id='block_1_11' title="bbox 721 2167 1295 2246">
    <p class='ocr_par' dir='ltr' id='par_1_11' title="bbox 721 2167 1295 2246">
     <span class='ocr_line' id='line_1_48' title="bbox 721 2167 1295 2246; baseline -0.003 -23"><span class='ocrx_word' id='word_1_257' title='bbox 721 2178 830 2246; x_wconf 75' lang='lat' dir='ltr'>partum</span> <span class='ocrx_word' id='word_1_258' title='bbox 852 2176 901 2228; x_wconf 85' lang='lat' dir='ltr'>est.</span> <span class='ocrx_word' id='word_1_259' title='bbox 931 2167 966 2227; x_wconf 84' lang='lat' dir='ltr'>cl.</span> <span class='ocrx_word' id='word_1_260' title='bbox 988 2170 1079 2236; x_wconf 78' lang='lat'><strong>8,1.=</strong></span> <span class='ocrx_word' id='word_1_261' title='bbox 1107 2187 1168 2224; x_wconf 84' lang='lat' dir='ltr'>oum</span> <span class='ocrx_word' id='word_1_262' title='bbox 1293 2216 1295 2221; x_wconf 91' lang='lat'><em>.</em></span> 
     </span>
    </p>
   </div>
   <div class='ocr_carea' id='block_1_12' title="bbox 723 2247 1169 2575">
    <p class='ocr_par' dir='ltr' id='par_1_12' title="bbox 723 2247 1169 2575">
     <span class='ocr_line' id='line_1_49' title="bbox 725 2247 1168 2334; baseline -0.002 -22"><span class='ocrx_word' id='word_1_263' title='bbox 725 2247 897 2334; x_wconf 81' lang='lat' dir='ltr'>querimonis.</span> <span class='ocrx_word' id='word_1_264' title='bbox 910 2284 944 2300; x_wconf 82' lang='lat'>·-</span> <span class='ocrx_word' id='word_1_265' title='bbox 957 2254 1007 2312; x_wconf 77' lang='lat' dir='ltr'>Pal</span> <span class='ocrx_word' id='word_1_266' title='bbox 1020 2253 1069 2314; x_wconf 78' lang='lat' dir='ltr'>ab:</span> <span class='ocrx_word' id='word_1_267' title='bbox 1080 2275 1168 2332; x_wconf 84' lang='lat' dir='ltr'>„quae</span> 
     </span>
     <span class='ocr_line' id='line_1_50' title="bbox 725 2342 1168 2420; baseline -0.005 -19"><span class='ocrx_word' id='word_1_268' title='bbox 725 2353 755 2401; x_wconf 76' lang='lat' dir='ltr'>at</span> <span class='ocrx_word' id='word_1_269' title='bbox 771 2345 830 2420; x_wconf 83' lang='lat' dir='ltr'>ipsa</span> <span class='ocrx_word' id='word_1_270' title='bbox 848 2342 1013 2399; x_wconf 78' lang='lat' dir='ltr'>indutiarum</span> <span class='ocrx_word' id='word_1_271' title='bbox 1023 2342 1106 2399; x_wconf 83' lang='lat' dir='ltr'>fidem</span> <span class='ocrx_word' id='word_1_272' title='bbox 1124 2363 1168 2399; x_wconf 87' lang='lat' dir='ltr'>ru·</span> 
     </span>
     <span class='ocr_line' id='line_1_51' title="bbox 723 2427 1168 2508; baseline -0.002 -22"><span class='ocrx_word' id='word_1_273' title='bbox 723 2434 831 2500; x_wconf 82' lang='lat' dir='ltr'>perat“.</span> <span class='ocrx_word' id='word_1_274' title='bbox 844 2427 974 2487; x_wconf 85' lang='lat' dir='ltr'>Gelenius</span> <span class='ocrx_word' id='word_1_275' title='bbox 983 2446 1075 2508; x_wconf 84' lang='lat' dir='ltr'>‚‚quas</span> <span class='ocrx_word' id='word_1_276' title='bbox 1085 2430 1168 2506; x_wconf 81' lang='lat' dir='ltr'>ipsr“</span> 
     </span>
     <span class='ocr_line' id='line_1_52' title="bbox 724 2516 1169 2575; baseline -0.009 0"><span class='ocrx_word' id='word_1_277' title='bbox 724 2519 826 2575; x_wconf 89' lang='lat' dir='ltr'>omisso</span> <span class='ocrx_word' id='word_1_278' title='bbox 845 2526 874 2574; x_wconf 79' lang='lat' dir='ltr'>rt</span> <span class='ocrx_word' id='word_1_279' title='bbox 890 2518 920 2574; x_wconf 89' lang='lat' dir='ltr'>in</span> <span class='ocrx_word' id='word_1_280' title='bbox 931 2518 988 2575; x_wconf 85' lang='lat' dir='ltr'>suis</span> <span class='ocrx_word' id='word_1_281' title='bbox 999 2516 1078 2575; x_wconf 84' lang='lat' dir='ltr'>libris</span> <span class='ocrx_word' id='word_1_282' title='bbox 1095 2519 1169 2575; x_wconf 84' lang='lat' dir='ltr'>inre·</span> 
     </span>
    </p>
   </div>
   <div class='ocr_carea' id='block_1_13' title="bbox 724 2601 1287 2683">
    <p class='ocr_par' dir='ltr' id='par_1_13' title="bbox 724 2601 1287 2683">
     <span class='ocr_line' id='line_1_53' title="bbox 724 2601 1287 2683; baseline -0.002 -21"><span class='ocrx_word' id='word_1_283' title='bbox 724 2605 800 2662; x_wconf 83' lang='lat' dir='ltr'>nisse</span> <span class='ocrx_word' id='word_1_284' title='bbox 822 2601 889 2662; x_wconf 81' lang='lat' dir='ltr'>vult.</span> <span class='ocrx_word' id='word_1_285' title='bbox 919 2614 947 2660; x_wconf 83' lang='lat' dir='ltr'>et</span> <span class='ocrx_word' id='word_1_286' title='bbox 972 2605 1013 2660; x_wconf 84' lang='lat' dir='ltr'>sie</span> <span class='ocrx_word' id='word_1_287' title='bbox 1039 2605 1170 2683; x_wconf 82' lang='lat' dir='ltr'>seriptum</span> <span class='ocrx_word' id='word_1_288' title='bbox 1285 2626 1287 2633; x_wconf 63' lang='lat'><strong><em>¹</em></strong></span> 
     </span>
    </p>
   </div>
   <div class='ocr_carea' id='block_1_14' title="bbox 722 2687 1170 2923">
    <p class='ocr_par' dir='ltr' id='par_1_14' title="bbox 722 2687 1170 2923">
     <span class='ocr_line' id='line_1_54' title="bbox 725 2687 1170 2768; baseline 0 -20"><span class='ocrx_word' id='word_1_289' title='bbox 725 2701 767 2748; x_wconf 84' lang='lat' dir='ltr'>est</span> <span class='ocrx_word' id='word_1_290' title='bbox 800 2692 830 2747; x_wconf 90' lang='lat' dir='ltr'>in</span> <span class='ocrx_word' id='word_1_291' title='bbox 860 2687 939 2748; x_wconf 87' lang='lat' dir='ltr'>Voss.</span> <span class='ocrx_word' id='word_1_292' title='bbox 958 2709 985 2748; x_wconf 91' lang='lat' dir='ltr'>n.</span> <span class='ocrx_word' id='word_1_293' title='bbox 1011 2689 1170 2768; x_wconf 83' lang='lat' dir='ltr'>duobusque</span> 
     </span>
     <span class='ocr_line' id='line_1_55' title="bbox 724 2773 1168 2837; baseline 0.009 -5"><span class='ocrx_word' id='word_1_294' title='bbox 724 2797 795 2835; x_wconf 82' lang='lat' dir='ltr'>recu.</span> <span class='ocrx_word' id='word_1_295' title='bbox 814 2773 893 2833; x_wconf 84' lang='lat' dir='ltr'>codd.</span> <span class='ocrx_word' id='word_1_296' title='bbox 906 2804 940 2818; x_wconf 92' lang='lat'>··</span> <span class='ocrx_word' id='word_1_297' title='bbox 958 2775 994 2831; x_wconf 73' lang='lat'>1³:</span> <span class='ocrx_word' id='word_1_298' title='bbox 1011 2774 1099 2833; x_wconf 77' lang='lat' dir='ltr'>fabius</span> <span class='ocrx_word' id='word_1_299' title='bbox 1113 2782 1168 2837; x_wconf 84' lang='lat' dir='ltr'>eoi.</span> 
     </span>
     <span class='ocr_line' id='line_1_56' title="bbox 722 2859 1168 2923; baseline 0.002 -4"><span class='ocrx_word' id='word_1_300' title='bbox 722 2860 763 2919; x_wconf 82' lang='lat' dir='ltr'>ill:</span> <span class='ocrx_word' id='word_1_301' title='bbox 782 2859 870 2918; x_wconf 82' lang='lat' dir='ltr'>fabius</span> <span class='ocrx_word' id='word_1_302' title='bbox 888 2866 963 2921; x_wconf 75' lang='lat' dir='ltr'>coni.</span> <span class='ocrx_word' id='word_1_303' title='bbox 986 2893 1020 2905; x_wconf 92' lang='lat'><em>-</em></span> <span class='ocrx_word' id='word_1_304' title='bbox 1043 2862 1112 2923; x_wconf 74' lang='lat' dir='ltr'>bor.</span> <span class='ocrx_word' id='word_1_305' title='bbox 1129 2864 1168 2919; x_wconf 65' lang='lat' dir='ltr'>lu</span> 
     </span>
    </p>
   </div>
   <div class='ocr_carea' id='block_1_15' title="bbox 722 2948 871 3011">
    <p class='ocr_par' dir='ltr' id='par_1_15' title="bbox 722 2948 871 3011">
     <span class='ocr_line' id='line_1_57' title="bbox 722 2948 871 3011; baseline -0.007 -5"><span class='ocrx_word' id='word_1_306' title='bbox 722 2948 871 3011; x_wconf 68' lang='lat' dir='ltr'>dimicarit.</span> 
     </span>
    </p>
   </div>
   <div class='ocr_carea' id='block_1_16' title="bbox 652 3035 1168 3115">
    <p class='ocr_par' dir='ltr' id='par_1_16' title="bbox 652 3035 1168 3115">
     <span class='ocr_line' id='line_1_58' title="bbox 652 3035 1168 3115; baseline -0.008 -19"><span class='ocrx_word' id='word_1_307' title='bbox 652 3040 697 3100; x_wconf 91' lang='lat'>11.</span> <span class='ocrx_word' id='word_1_308' title='bbox 720 3037 874 3115; x_wconf 77' lang='lat' dir='ltr'>praesidio</span> <span class='ocrx_word' id='word_1_309' title='bbox 884 3035 1030 3106; x_wconf 75' lang='lat' dir='ltr'>Perusina</span> <span class='ocrx_word' id='word_1_310' title='bbox 1041 3037 1168 3112; x_wconf 69' lang='lat' dir='ltr'>inposito</span> 
     </span>
    </p>
   </div>
   <div class='ocr_carea' id='block_1_17' title="bbox 720 3124 1246 4155">
    <p class='ocr_par' dir='ltr' id='par_1_17' title="bbox 720 3124 1246 4155">
     <span class='ocr_line' id='line_1_59' title="bbox 720 3124 1169 3206; baseline -0.011 -22"><span class='ocrx_word' id='word_1_311' title='bbox 720 3124 921 3206; x_wconf 71' lang='lat' dir='ltr'>hgotionibus</span> <span class='ocrx_word' id='word_1_312' title='bbox 938 3125 1081 3183; x_wconf 75' lang='lat' dir='ltr'>Etruriae</span> <span class='ocrx_word' id='word_1_313' title='bbox 1097 3125 1169 3191; x_wconf 78' lang='lat' dir='ltr'>omi·</span> 
     </span>
     <span class='ocr_line' id='line_1_60' title="bbox 722 3214 1169 3286; baseline -0.004 -16"><span class='ocrx_word' id='word_1_314' title='bbox 722 3214 822 3270; x_wconf 63' lang='lat' dir='ltr'>obiam</span> <span class='ocrx_word' id='word_1_315' title='bbox 845 3214 1010 3286; x_wconf 81' lang='lat' dir='ltr'>petentibus</span> <span class='ocrx_word' id='word_1_316' title='bbox 1034 3229 1110 3285; x_wconf 78' lang='lat' dir='ltr'>prae</span> <span class='ocrx_word' id='word_1_317' title='bbox 1124 3230 1169 3268; x_wconf 78' lang='lat' dir='ltr'>..re</span> 
     </span>
     <span class='ocr_line' id='line_1_61' title="bbox 722 3297 1169 3357; baseline -0.002 -1"><span class='ocrx_word' id='word_1_318' title='bbox 722 3299 850 3356; x_wconf 81' lang='lat' dir='ltr'>Romam</span> <span class='ocrx_word' id='word_1_319' title='bbox 866 3297 910 3354; x_wconf 83' lang='lat' dir='ltr'>od</span> <span class='ocrx_word' id='word_1_320' title='bbox 920 3307 1056 3354; x_wconf 82' lang='lat' dir='ltr'>senatum</span> <span class='ocrx_word' id='word_1_321' title='bbox 1066 3299 1169 3357; x_wconf 72' lang='lat' dir='ltr'>missis</span> 
     </span>
     <span class='ocr_line' id='line_1_62' title="bbox 723 3383 1167 3455; baseline 0.005 -14"><span class='ocrx_word' id='word_1_322' title='bbox 723 3389 777 3454; x_wconf 88' lang='lat' dir='ltr'>(m.</span> <span class='ocrx_word' id='word_1_323' title='bbox 796 3387 833 3445; x_wconf 80' lang='lat'>1.:</span> <span class='ocrx_word' id='word_1_324' title='bbox 851 3385 944 3455; x_wconf 84' lang='lat' dir='ltr'>misia)</span> <span class='ocrx_word' id='word_1_325' title='bbox 961 3388 1038 3444; x_wconf 67' lang='lat' dir='ltr'>coti.</span> <span class='ocrx_word' id='word_1_326' title='bbox 1056 3394 1120 3444; x_wconf 75' lang='lat' dir='ltr'>ceu:</span> <span class='ocrx_word' id='word_1_327' title='bbox 1136 3383 1167 3445; x_wconf 84' lang='lat' dir='ltr'>P.</span> 
     </span>
     <span class='ocr_line' id='line_1_63' title="bbox 723 3471 1168 3550; baseline 0 -21"><span class='ocrx_word' id='word_1_328' title='bbox 723 3501 758 3514; x_wconf 88' lang='lat'>·-</span> <span class='ocrx_word' id='word_1_329' title='bbox 770 3471 810 3529; x_wconf 76' lang='lat' dir='ltr'>tt:</span> <span class='ocrx_word' id='word_1_330' title='bbox 823 3471 1117 3550; x_wconf 75' lang='lat' dir='ltr'>„praesidioporosias</span> <span class='ocrx_word' id='word_1_331' title='bbox 1127 3473 1168 3529; x_wconf 87' lang='lat' dir='ltr'>in·-</span> 
     </span>
     <span class='ocr_line' id='line_1_64' title="bbox 724 3559 1246 3635; baseline 0.002 -21"><span class='ocrx_word' id='word_1_332' title='bbox 724 3561 815 3634; x_wconf 85' lang='lat' dir='ltr'>posito</span> <span class='ocrx_word' id='word_1_333' title='bbox 856 3559 1035 3635; x_wconf 76' lang='lat' dir='ltr'>legationibus</span> <span class='ocrx_word' id='word_1_334' title='bbox 1069 3561 1168 3630; x_wconf 70' lang='lat' dir='ltr'>etruria</span> <span class='ocrx_word' id='word_1_335' title='bbox 1243 3572 1246 3576; x_wconf 71' lang='grc'><strong>“</strong></span> 
     </span>
     <span class='ocr_line' id='line_1_65' title="bbox 725 3647 1169 3725; baseline -0.005 -22"><span class='ocrx_word' id='word_1_336' title='bbox 725 3649 805 3704; x_wconf 81' lang='lat' dir='ltr'>amici</span> <span class='ocrx_word' id='word_1_337' title='bbox 812 3647 918 3703; x_wconf 68' lang='lat' dir='ltr'>andus</span> <span class='ocrx_word' id='word_1_338' title='bbox 925 3648 1088 3724; x_wconf 78' lang='lat' dir='ltr'>periode“.·</span> <span class='ocrx_word' id='word_1_339' title='bbox 1099 3664 1169 3725; x_wconf 83' lang='lat' dir='ltr'>quae</span> 
     </span>
     <span class='ocr_line' id='line_1_66' title="bbox 723 3734 1170 3812; baseline 0.002 -24"><span class='ocrx_word' id='word_1_340' title='bbox 723 3734 953 3812; x_wconf 85' lang='lat' dir='ltr'>postrema-rerba</span> <span class='ocrx_word' id='word_1_341' title='bbox 967 3736 1062 3812; x_wconf 89' lang='lat' dir='ltr'>capitis</span> <span class='ocrx_word' id='word_1_342' title='bbox 1080 3734 1170 3809; x_wconf 82' lang='lat' dir='ltr'>quarti</span> 
     </span>
     <span class='ocr_line' id='line_1_67' title="bbox 726 3819 1169 3879; baseline -0.007 -2"><span class='ocrx_word' id='word_1_343' title='bbox 726 3820 825 3877; x_wconf 84' lang='lat' dir='ltr'>decimi</span> <span class='ocrx_word' id='word_1_344' title='bbox 851 3821 932 3877; x_wconf 87' lang='lat' dir='ltr'>buius</span> <span class='ocrx_word' id='word_1_345' title='bbox 953 3819 1016 3877; x_wconf 81' lang='lat' dir='ltr'>libri</span> <span class='ocrx_word' id='word_1_346' title='bbox 1038 3827 1110 3879; x_wconf 85' lang='lat' dir='ltr'>sunt.</span> <span class='ocrx_word' id='word_1_347' title='bbox 1138 3839 1169 3875; x_wconf 80' lang='lat' dir='ltr'>ea</span> 
     </span>
     <span class='ocr_line' id='line_1_68' title="bbox 724 3904 1171 3985; baseline 0.004 -23"><span class='ocrx_word' id='word_1_348' title='bbox 724 3926 794 3983; x_wconf 83' lang='lat' dir='ltr'>quse</span> <span class='ocrx_word' id='word_1_349' title='bbox 810 3917 874 3984; x_wconf 85' lang='lat' dir='ltr'>post</span> <span class='ocrx_word' id='word_1_350' title='bbox 884 3908 973 3964; x_wconf 72' lang='lat' dir='ltr'>amici</span> <span class='ocrx_word' id='word_1_351' title='bbox 982 3914 1131 3984; x_wconf 79' lang='lat' dir='ltr'>sequuntur</span> <span class='ocrx_word' id='word_1_352' title='bbox 1141 3904 1171 3985; x_wconf 83' lang='lat' dir='ltr'>in</span> 
     </span>
     <span class='ocr_line' id='line_1_69' title="bbox 724 3992 1171 4073; baseline 0.004 -25"><span class='ocrx_word' id='word_1_353' title='bbox 724 3993 779 4049; x_wconf 83' lang='lat' dir='ltr'>tine</span> <span class='ocrx_word' id='word_1_354' title='bbox 797 4014 855 4071; x_wconf 84' lang='lat' dir='ltr'>cap.</span> <span class='ocrx_word' id='word_1_355' title='bbox 866 4013 931 4052; x_wconf 81' lang='lat' dir='ltr'>xxn.</span> <span class='ocrx_word' id='word_1_356' title='bbox 949 3992 1077 4073; x_wconf 85' lang='lat' dir='ltr'>„plistioa</span> <span class='ocrx_word' id='word_1_357' title='bbox 1092 3994 1171 4072; x_wconf 60' lang='lat' dir='ltr'>,tto</span> 
     </span>
     <span class='ocr_line' id='line_1_70' title="bbox 723 4082 1173 4155; baseline 0.009 -18"><span class='ocrx_word' id='word_1_358' title='bbox 723 4082 861 4153; x_wconf 67' lang='lat' dir='ltr'>potentii.</span> <span class='ocrx_word' id='word_1_359' title='bbox 871 4100 946 4155; x_wconf 79' lang='lat' dir='ltr'>prae</span> <span class='ocrx_word' id='word_1_360' title='bbox 957 4102 992 4140; x_wconf 76' lang='lat' dir='ltr'>ss</span> <span class='ocrx_word' id='word_1_361' title='bbox 1004 4098 1117 4140; x_wconf 78' lang='lat' dir='ltr'>romum</span> <span class='ocrx_word' id='word_1_362' title='bbox 1128 4082 1173 4140; x_wconf 73' lang='lat' dir='ltr'>od</span> 
     </span>
    </p>
   </div>
   <div class='ocr_carea' id='block_1_18' title="bbox 905 4168 973 4234">
    <p class='ocr_par' dir='ltr' id='par_1_18' title="bbox 905 4168 973 4234">
     <span class='ocr_line' id='line_1_71' title="bbox 905 4168 973 4234; baseline 0 0"><span class='ocrx_word' id='word_1_363' title='bbox 905 4168 973 4234; x_wconf 78' lang='lat'>36*</span> 
     </span>
    </p>
   </div>
   <div class='ocr_carea' id='block_1_19' title="bbox 0 0 1319 4590">
    <p class='ocr_par' dir='ltr' id='par_1_19' title="bbox 0 0 1319 4590">
     <span class='ocr_line' id='line_1_72' title="bbox 0 0 1319 4590; baseline 0 0"><span class='ocrx_word' id='word_1_364' title='bbox 0 0 1319 4590; x_wconf 95' lang='lat' dir='ltr'> </span> 
     </span>
    </p>
   </div>
  </div>
 </body>
</html>
