2618 4590
516 234 629 295 ursus
642 235 690 300 ιιι.
1080 224 1153 316 ¹491

146 394 234 466 XIX.
278 395 389 465 Restat
409 407 447 465 ut
467 397 579 488 copiae
601 397 702 489 copiis
724 408 934 487 conparentur
947 399 1001 469 vel
1022 400 1156 473 numero

57 498 111 565 vel
132 501 269 571 militum
290 525 406 591 genere
422 503 474 571 vel
496 501 697 578 multitudine
720 503 925 570 auxiliorum:
946 507 1156 575 censebantur
1218 544 1225 566 ι

56 603 125 670 cius
148 605 259 674 aetatis
280 605 386 673 lustris
409 607 533 675 ducena
555 606 776 698 quinquagena
799 607 884 674 milia
908 609 1063 699 capitum:
1093 611 1155 679 ¹ita·

56 708 180 796 quein
213 710 302 777 omni
333 711 511 780 deiectione
539 711 700 779 sociorum
727 711 831 780 Latini
862 713 999 781 nominis
1031 713 1154 782 urbano
1213 741 1221 750 ·

55 836 168 903 prope
181 813 299 882 dilectu
322 817 436 910 decem
456 816 674 885 scribebantur
696 817 853 908 legionesa
887 817 1034 908 quaterni
1056 817 1184 911 quini-5

55 940 119 1003 que
147 922 304 987 exercitus
332 944 438 1011 saepsa
457 945 515 1011 per
542 945 599 989 eos
628 945 728 989 annos
757 921 790 988 in
813 921 937 990 Etruria
965 922 998 988 in
1023 922 1155 989 Umbria

55 1021 154 1088 Gallis
177 1023 323 1092 hostibus
339 1025 500 1096 ,adiunctis
521 1024 554 1092 in
568 1025 698 1093 Samnio
720 1026 754 1092 in
769 1025 905 1117 Lucanis
923 1027 1076 1117 gerebant
1090 1025 1155 1094 bel·

53 1124 136 1191 lom:
163 1125 290 1195 Latium
317 1129 439 1198 deinde*
460 1154 556 1198 omne
584 1154 658 1196 cum
680 1129 870 1201 Sabinisijet
891 1129 1019 1198 Volscis
1042 1141 1075 1197 et
1095 1129 1155 1198 Ae·

54 1229 125 1316 quis
154 1243 187 1299 et
215 1233 301 1300 orrmi
324 1232 498 1326 Campania
528 1245 560 1303 et
586 1245 677 1323 parte
704 1233 856 1302 Umbriae
884 1233 1094 1325 Etruriaeque
1123 1246 1156 1302 et
1251 1275 1256 1283 =

52 1331 234 1405 Picentibus
262 1349 295 1406 et
315 1336 429 1408 Marsis
452 1338 653 1430 Pelignisque
682 1363 719 1407 ac
743 1338 880 1408 Vestinis
909 1349 1005 1430 atque
1032 1340 1154 1431 Apulis,
1168 1354 1203 1410 10
1264 1391 1266 1398 -

54 1434 201 1512 adiuncta
224 1443 312 1511 omni
335 1468 391 1514 ora
414 1445 610 1514 Graecorum
631 1443 723 1513 inferi
744 1443 875 1511 marisa
897 1433 1014 1511 Thuris
1028 1442 1174 1536 Neapo·'

664 1652 669 1667 ¹
709 1631 836 1690 standum
853 1632 927 1691 civili
940 1634 1059 1690 exercita
1077 1641 1157 1702 esset,
1252 1668 1255 1679 ι
1282 1661 1291 1677 ⁴

709 1727 740 1774 nt
764 1718 857 1779 decem
880 1720 962 1795 igitur
982 1718 1102 1794 legiones
1124 1739 1158 1778 ex

710 1807 813 1863 urbana
842 1815 870 1861 et
895 1809 993 1881 agresti
1019 1808 1158 1863 iuuentute

710 1893 905 1949 scriberentur:
917 1897 943 1961 7,
956 1895 999 1952 25.
1010 1923 1042 1936 -
1053 1891 1094 1952 M:
1103 1893 1159 1970 gal·

711 1978 745 2036 lis
758 1980 880 2037 hostibus
898 1980 1049 2040 adiunctus.

658 2067 684 2122 8.
710 2068 817 2129 latium
843 2067 952 2124 deinde
978 2088 1064 2126 omne
1092 2087 1159 2126 cum

124 1628 192 1688 alius
216 1631 312 1692 suisset
336 1637 383 1713 qui
401 1635 426 1692 ei
442 1635 570 1693 succule-

123 1727 172 1779 ret.
190 1717 234 1778 Ci.
252 1722 279 1790 6,
299 1724 354 1787 sua
374 1723 402 1779 di
420 1732 540 1784 vatcsoe.

73 1804 98 1864 1.
127 1813 223 1863 restat
240 1817 273 1866 ut
285 1810 388 1885 copiae
398 1812 491 1884 copiis
502 1830 569 1872 con-

121 1901 266 1963 parentur
293 1897 344 1953 uel
368 1917 490 1956 nurnero
521 1899 571 1955 uel

125 1986 188 2038 cet:
207 1979 241 2036 Μ.
255 2013 289 2025 -
308 1983 345 2041 Ρι
364 1989 570 2069 epnparenturi

125 2071 270 2133 numero}
296 2070 411 2132 militum
438 2091 534 2147 genere
555 2075 571 2139 i

124 2152 295 2212 multitudine
330 2158 500 2220 auxiliorum.
535 2190 570 2202 -

124 2236 166 2298 bl:
179 2244 344 2310 censebatur.
360 2279 395 2295 -
408 2247 434 2304 P
445 2267 481 2308 ιιι.
490 2248 517 2306 2.
528 2244 573 2327 iiis

125 2325 228 2390 ducena
246 2334 431 2415 quinquagena
444 2333 517 2391 milia
528 2332 588 2390 ca?

124 2417 221 2494 pitum,
250 2419 325 2478 Pru.
344 2423 383 2478 1.=
405 2421 514 2488 decena.
538 2453 570 2469 -·

126 2501 157 2561 ln
184 2503 261 2574 Leid,
276 2527 294 2573 ι,
321 2507 400 2569 Voss.
414 2530 444 2570 11.
463 2509 532 2577 Lov,
545 2511 570 2570 4.

103 2591 270 2672 ‘multisque
292 2594 352 2654 aliis
374 2599 505 2674 scriptum
529 2606 571 2654 est

127 2679 267 2749 ducenta,
291 2681 341 2738 scd
358 2685 463 2741 numeri
482 2684 571 2740 distri-

126 2764 212 2824 butivi
229 2775 302 2822 recte
319 2788 349 2825 se
366 2768 480 2838 babent,
497 2769 573 2844 qnod
623 2779 635 2802 ²

31 2927 33 2932 Δ
127 2849 162 2910 de
171 2850 292 2927 pluribus
302 2852 394 2918 lustris
403 2855 573 2916 referendum

126 2947 192 2996 crat.
211 2938 336 2999 aliter'se
353 2942 435 2999 babet
446 2962 573 3008 numerus
605 2946 608 2952 '

128 3027 175 3100 qui
195 3029 238 3096 10,
256 3030 300 3088 47.
318 3026 423 3104 legitur.

71 3115 101 3178 3,
129 3114 230 3191 itaque
253 3117 283 3172 ira
307 3118 387 3173 omui
406 3116 574 3190 desectione

128 3200 277 3258 sociorum
294 3206 305 3271 (
311 3202 354 3260 Μι
366 3207 498 3263 sotiorum
504 3214 514 3274 t
531 3207 574 3263 lav
630 3276 632 3290 y

128 3288 187 3350 tini
202 3291 330 3347 nominis
352 3292 464 3356 urbano
480 3313 574 3369 prope

129 3374 240 3431 dilectu
258 3375 357 3434 decem
371 3380 575 3437 scribebantur

129 3462 278 3538 legiones:
304 3462 361 3523 ΡΜ.
392 3463 463 3527 Cum
484 3473 578 3537 tantus<

128 3547 276 3605 liberorum
303 3553 420 3632 capitum
433 3571 575 3612 „numerus

129 3655 158 3716 p.
182 3654 209 3702 ι.
230 3647 314 3704 esset,
344 3637 404 3694 fieri
426 3640 516 3713 potuit
536 3650 575 3709 ut,

132 3741 193 3778 cum
219 3723 252 3784 L.
273 3723 355 3780 Furio
380 3724 497 3785 Camillo
524 3727 576 3807 Ap.

132 3807 249 3869 Claudio
276 3811 377 3870 Crasso
404 3814 479 3872 cons>
505 3812 577 3873 Galli

129 3896 283 3979 'Graecique
319 3899 411 3957 hostes
446 3903 579 3963 instarent

133 4004 279 4062 omnesque
290 3987 366 4044 latini
381 3990 498 4050 nominis
508 3992 578 4047 socii

133 4093 149 4132 a
165 4071 268 4157 populo
286 4095 353 4140 rom.
374 4075 579 4140 deiecissent‘et
640 4085 654 4124 k

712 2155 826 2210 sabinis
848 2163 877 2211 et
899 2156 1010 2213 uolscis
1036 2163 1110 2214 ceta·
1127 2155 1159 2214 P.

712 2273 746 2286 -
763 2240 805 2297 ul:
823 2239 919 2298 latium
935 2240 1033 2299 deinde
1051 2244 1159 2299 omniar'a

711 2328 815 2386 sabinis
833 2339 861 2384 et
882 2326 969 2386 nolcis
987 2337 1039 2388 cet.
1062 2348 1098 2387 ιιι.
1116 2330 1159 2386 2:

712 2413 810 2473 deinde
833 2417 906 2474 omni
933 2421 966 2473 cr'a
988 2416 1092 2474 sabinis
1110 2424 1160 2476 cet.

712 2532 746 2543 -
764 2504 806 2559 Ac
823 2505 848 2560 si
865 2502 995 2562 Romanis
1006 2502 1161 2563 Alexander
1202 2499 1206 2507 ’

712 2593 837 2667 superior
849 2591 953 2660 suisset,
971 2611 1026 2647 non
1036 2593 1124 2648 minus
1133 2591 1160 2646 ei

713 2676 877 2739 discriminis
895 2680 925 2739 in
943 2680 1160 2734 ceraminecnm

714 2763 823 2838 populis
840 2763 918 2823 latini
929 2766 1046 2824 nominis
1060 2765 1160 2821 obeun-

714 2849 778 2908 alum
796 2849 898 2908 inisset.
929 2870 991 2906 nam
1009 2853 1060 2908 etsi
1077 2851 1159 2907 muita
1273 2858 1274 2863 ’

714 2946 741 2990 et
759 2955 851 3010 magna
871 2935 939 2993 bella
961 2958 1022 2995 cnm
1046 2935 1089 2994 bi's
1110 2957 1160 3014 pa·
1187 2980 1198 2990 ..
1303 2950 1306 2967 ·

714 3022 786 3101 pulis
813 3045 829 3080 a
857 3023 959 3102 populo
988 3044 1056 3086 rom.
1086 3034 1160 3100 gesta

714 3121 803 3180 erant,
820 3121 910 3169 tamen
927 3111 1051 3190 plerique
1067 3131 1160 3169 earum

715 3220 775 3256 cum
793 3198 923 3263 Romanis
941 3203 969 3256 in
991 3202 1102 3274 gratiam
1120 3219 1161 3255 re·
1228 3215 1232 3230 ’

715 3286 821 3347 dierunt
830 3298 877 3344 aut
885 3287 956 3343 bello
965 3289 1069 3349 subacti
1077 3295 1162 3346 eram.

717 3374 746 3431 bi
764 3374 864 3433 auxilio
882 3394 942 3431 esse
965 3395 1020 3434 non
1037 3385 1163 3453 poterant

716 3462 814 3525 necilli
825 3483 993 3523 communem
1002 3462 1161 3524 hostemad·

716 3551 807 3612 iuvare
825 3549 982 3611 voluissent.

647 3638 690 3696 1¹.
716 3638 858 3700 adiuncto
877 3639 958 3694 omni
968 3658 1023 3695 ora
1034 3639 1161 3702 Graeco·

718 3745 784 3782 rum
805 3725 1027 3797 infcrimarisr
1048 3727 1118 3788 Lot.
1135 3729 1161 3785 2.
1276 3770 1302 3788 s,

718 3812 768 3884 ab]
799 3812 976 3890 adiunctaque
1005 3817 1080 3873 omni
1115 3832 1163 3870 ora
1204 3852 1216 3873 ι

718 3901 882 3962 Graecorum
900 3909 952 3960 cet.
968 3934 1002 3944 -
1021 3901 1069 3958 Pul
1086 3901 1163 3972 (cod.

718 3988 823 4048 Thoan.
832 3987 933 4048 beiti.
945 3987 1163 4051 Vossiubaut.

719 4076 783 4149 att:
801 4078 926 4139 adiuncta
943 4079 1034 4137 omnis
1046 4097 1094 4137 ora
1103 4094 1162 4180 gre·
