2618 4590
46 174 56 307 f
169 246 237 318 aa
639 259 811 322 naun

171 423 317 514 delegata
339 424 371 490 in
393 447 502 492 coram
524 422 667 513 collegae
688 445 809 492 vacuus
831 446 889 512 per
910 447 1003 513 agros
1017 433 1140 491 cuncta
1165 424 1275 492 intesta

88 510 95 527 ⁸
171 529 404 596 commeatibus
426 529 567 596 bostium
589 529 721 597 lecerat:
749 529 857 617 itaque
879 552 953 595 cnm
974 552 1050 616 spes
1075 527 1173 593 nulla
1197 541 1275 596 esset
1303 578 1304 585 1

79 652 89 668 ¹
171 632 287 699 diutius
315 633 466 701 obsessos
493 633 633 724 inopiam
662 634 797 714 laturos,
830 633 933 700 coacti
958 631 1126 699 Samnites
1155 633 1217 722 qui
1242 635 1274 701 ad

170 734 336 804 Luceriam
359 751 460 806 castra
490 739 652 806 habebant
676 737 816 827 undique
844 737 1012 805 contractis
1034 735 1165 804 viribus
1194 737 1274 828 signa

138 853 244 911 tcum
266 843 391 933 Papin'o
414 842 570 910 conferre.

256 946 344 1016 XIV.
388 948 449 1014 Per
463 946 502 1013 'id
524 960 651 1038 tempus
681 945 864 1035 parantibus
892 943 1033 1034 utrisque
1056 967 1096 1011 se
1120 946 1166 1013 ad
1190 969 1274 1036 proe

167 1050 247 1119 lium
275 1051 370 1142 legati
398 1052 560 1119 Tarentini
587 1051 798 1120 interveniunt
825 1049 1046 1119 denuntiantes
1073 1048 1274 1117 Samnitibus

168 1155 385 1246 Romanisque
407 1167 443 1222 ut
464 1155 586 1222 bellum
613 1157 811 1224 omitterent:
844 1181 901 1246 per
927 1165 1015 1220 utros
1040 1152 1273 1243 stetissetque

166 1258 273 1326 minus
301 1259 516 1326 discederetur
544 1261 584 1326 ab
613 1261 723 1343 annis,
757 1261 908 1327 adversus
937 1281 993 1324 eos
1016 1279 1052 1322 se
1080 1281 1146 1347 pro
1170 1259 1272 1326 alten's

121 1374 372 1455 topngmturos.
410 1390 448 1432 ca
470 1365 627 1456 legatione
649 1364 792 1455 Papirius
813 1364 919 1430 audita
939 1361 1072 1453 perinde
1090 1387 1145 1448 'ac
1167 1376 1270 1432 motus

167 1467 257 1536 dictis
279 1491 391 1537 eorum
414 1494 489 1536 cum
511 1470 633 1561 collega
649 1495 683 1537 se
700 1470 1007 1536 communicaturum
1021 1469 1205 1557 respondit,
1227 1493 1268 1535 ac-

168 1570 297 1662 citoque
320 1597 359 1640 eo
383 1598 457 1642 cum
478 1585 607 1664 tempus
630 1600 725 1643 omne
747 1575 779 1640 in
802 1582 955 1664 apparatu
970 1595 1099 1661 pugnae
1124 1596 1266 1640 consuun-

165 1675 298 1767 psisset,
327 1677 515 1746 conlocutus
538 1680 578 1746 de
607 1705 641 1746 re
669 1680 753 1746 baud
781 1676 876 1745 dubia
898 1677 1023 1769 signum
1045 1700 1180 1769 pugnae
1202 1703 1266 1770 pro-

165 1780 282 1871 posuit.
322 1781 487 1872 agentibus
503 1783 606 1850 divina
620 1785 823 1874 humanaque
840 1805 922 1872 qnae
939 1780 1088 1849 adsolent
1111 1807 1191 1851 cum
1205 1784 1266 1850 acie

234 1949 341 1986 omnem
364 1950 455 1987 curam
478 1930 628 1988 obsidionis
650 1936 678 1988 in

233 2016 361 2093 collegam
389 2016 533 2092 delegatam
563 2040 623 2076 esse
648 2031 679 2078 ut

233 2105 293 2182 ipse
310 2105 377 2163 nulli
396 2105 441 2162 alii
459 2108 497 2162 rei
512 2110 679 2187 prospiceret

232 2209 312 2266 qoam
335 2201 364 2249 nt
387 2213 422 2248 ne
445 2197 490 2269 qui
514 2205 678 2253 commeatus

232 2278 351 2333 obsessis
369 2277 562 2337 aSamnitibus
579 2303 677 2360 suppe-

233 2361 312 2417 ditari
335 2375 435 2438 posset
465 2396 497 2408 —
525 2367 547 2422 P
572 2387 608 2427 m.
637 2373 676 2429 1.:

230 2448 349 2521 inopiam
367 2449 475 2509 latores.
498 2473 533 2511 m.
551 2458 589 2512 2:
606 2455 675 2514 latu·

230 2552 286 2593 ros.
305 2565 337 2577 -
361 2535 401 2592 lll:
420 2538 674 2618 undiq.c1'1tractisl

228 2621 310 2677 nirib.
328 2625 402 2698 sigua
415 2644 475 2682 curn
487 2632 592 2708 papirio
611 2653 673 2689 con·

228 2707 307 2768 lenc.

47 2864 53 2881 ·
174 2793 202 2854 6.
225 2780 462 2877 palantibaeqae
484 2806 619 2880 ulnisque
639 2829 674 2865 ee

227 2882 273 2939 od
280 2888 441 2959 proelium:
453 2887 510 2948 ΡΜ.
522 2923 557 2932 -
567 2891 635 2953 Lov.
646 2897 671 2953 d.

226 2967 276 3028 ab:
307 2974 463 3047 parantibus
492 2996 523 3031 se
551 2983 672 3056 utrisque

229 3063 280 3115 cet.
302 3088 336 3100 -
359 3059 401 3116 tl:
427 3059 507 3136 legati
524 3071 671 3128 tareuttini.

227 3173 262 3185 -
280 3142 363 3201 Paulo
375 3156 437 3225 post
454 3148 497 3207 lll:
515 3156 671 3226 quominus

226 3229 376 3288 disceretur
392 3234 425 3290 ab
443 3238 534 3298 armis.
551 3237 579 3295 ll
590 3259 626 3300 m.
642 3245 670 3302 3.

225 3313 260 3371 P:
278 3318 470 3383 discederetur.

156 3403 199 3460 to.
224 3423 262 3459 ea
284 3406 434 3484 legatione
454 3409 596 3486 Papirius
617 3434 669 3470 au·

225 3489 290 3546 dita
310 3497 435 3567 perinde
452 3517 489 3553 ao
509 3509 607 3561 malua
624 3503 667 3558 di-

223 3579 279 3632 ctis
296 3599 397 3637 eorum
414 3604 480 3639 cum
500 3588 616 3666 collega
634 3610 666 3645 sc

222 3670 501 3726 communicatarum
547 3694 666 3748 respon-

223 3748 284 3805 dit.-
301 3750 332 3808 P.
352 3784 384 3796 -
405 3754 448 3811 M:
467 3778 497 3812 ea
514 3757 665 3834 legatiolne

221 3837 342 3912 papirius
360 3842 419 3896 uim
431 3848 544 3903 comnia
552 3851 664 3920 potitur

222 3933 273 3981 eet.
287 3944 355 4002 quae
367 3932 516 4003 posteriora
527 3936 607 3989 verba
620 3956 663 3990 ca·

218 4009 285 4083 pitis
295 4031 357 4071 xxn.
370 4025 440 4074 sunt.
457 4017 570 4094 Margini
582 4022 663 4077 etiam

819 1931 937 1988 deficiet
950 1930 998 1986 sed
1004 1931 1095 1986 omnia
1102 1950 1135 1986 ea
1141 1950 1212 2008 quae
1219 1931 1265 1986 boc

818 2018 880 2074 loco
898 2017 1096 2085 desiderantur,
1129 2021 1159 2076 in
1182 2022 1264 2096 capite

778 2096 784 2115 ’
818 2106 1022 2183 quadragesimo
1034 2105 1062 2164 b.
1074 2104 1093 2164 l.
1107 2116 1174 2182 post
1185 2108 1261 2163 rerba

819 2192 932 2272 „psidio
946 2194 1043 2269 posiae
1056 2195 1181 2270 inposito
1197 2193 1261 2268 lega·

816 2280 912 2338 tionlb.
931 2282 1029 2350 etruric
1040 2282 1123 2337 amici
1137 2282 1262 2338 audala“

817 2377 869 2426 cet.
887 2367 987 2444 scripta
1007 2369 1108 2427 inveni.
1128 2368 1163 2428 ei.
1181 2372 1209 2437 7,
1226 2370 1260 2426 l:

816 2464 867 2525 „at
883 2473 963 2530 quarn
986 2454 1022 2509 ob
1045 2455 1174 2512 noxiam?
1189 2458 1261 2533 ¹<pria

815 2541 986 2600 infacundior
1007 2542 1044 2598 sit
1067 2553 1096 2599 et
1113 2541 1206 2621 lingua
1222 2546 1259 2600 in·

812 2634 984 2708 promptus“.

744 2720 787 2778 12.
814 2737 882 2774 cum
907 2727 1023 2792 tenrpue
1046 2737 1135 2775 omne
1157 2718 1190 2774 in
1211 2737 1259 2793 op·

810 2814 922 2880 paratu
945 2823 1067 2881 pugnae
1092 2808 1260 2880 conciperis·

812 2903 873 2950 set:
892 2891 941 2949 Plll
957 2890 1052 2960 (Laid
1065 2910 1084 2950 1.
1106 2889 1174 2951 Pell.
1196 2897 1220 2950 1.
1233 2895 1259 2948 3.

811 2979 892 3039 Voss.
912 2999 939 3036 u.
971 2977 1032 3036 cod.
1059 2976 1159 3036 Klocl..
1184 2978 1260 3051 31)]

812 3085 872 3122 cum
893 3077 999 3142 tempus
1023 3083 1102 3121 omne
1122 3065 1153 3120 in
1174 3085 1258 3143 eppa·

810 3160 871 3209 ratu
880 3149 1223 3227 consumpsisset—lior.
1232 3156 1257 3211 1.

810 3237 858 3298 al.:
879 3243 1056 3318 inapparatu
1075 3242 1257 3317 consumpsis-

809 3336 851 3383 set
868 3347 981 3405 pugnae.
996 3359 1030 3368 —
1048 3326 1111 3385 Pld:
1130 3328 1256 3385 conlocu-

810 3424 854 3470 tus
873 3414 906 3470 de
924 3435 953 3471 re
965 3415 1037 3471 baud
1050 3414 1133 3473 dubia
1150 3417 1257 3491 signum

809 3522 913 3578 pugnae
921 3506 1078 3580 proposuit:
1091 3502 1254 3571 „uudnaeb-

808 3589 870 3646 dem
896 3610 925 3644 er
952 3590 1010 3646 sich
1031 3593 1081 3646 mit
1092 3589 1163 3657 xihm
1189 3591 1254 3646 nber

806 3677 851 3732 die
873 3676 1046 3752 Ausluhruug
1068 3676 1168 3733 dessen
1194 3697 1253 3734 was

805 3766 846 3819 sie
881 3763 1063 3820 entseblossen
1094 3784 1190 3820 waren
1221 3785 1252 3819 za

804 3854 871 3907 tbun
888 3851 1055 3929 besprochen
1070 3849 1135 3906 liess
1154 3871 1186 3907 er
1204 3852 1251 3907 das

805 3937 921 3995 Zeicben
957 3957 1004 3992 aar
1033 3937 1167 3994 Scblacbt
1194 3939 1249 3995 aul·

802 4024 956 4101 ptlanzen“.
975 4023 1021 4083 cf.
1038 4027 1066 4093 6,
1087 4029 1125 4084 1.:
1144 4027 1248 4084 urbem.

219 4111 255 4152 m.
268 4098 296 4199 1ἶ
311 4099 475 4164 adscriptam
493 4116 536 4162 est
553 4105 661 4174 „nabo
732 4110 777 4168 14.
801 4114 956 4188 agentibus
978 4113 1082 4169 diana
1102 4112 1248 4169 humano·
