2618 4590
1110 190 1304 313 XV¹

61 410 154 499 mibi
178 409 323 510 quidem
347 435 421 485 non
438 408 550 509 magis
575 407 611 481 h.
629 407 651 482 l.
676 408 762 484 indo
778 407 936 507 („daber
952 411 1163 511 eutlebnt·‘)

62 533 223 623 otiosum
252 532 395 609 videtur
425 531 652 631 quam1,1.
683 556 870 632 „pagoque
893 532 1048 610 Troiano
1078 536 1162 611 inde

59 680 195 730 nomen
226 662 319 729 est“.
354 651 481 754 'Quam
510 650 662 725 maxime
691 660 810 726 tamen
841 651 1011 746 cavimus,
1047 683 1094 732 ne
1123 660 1163 733 in

62 802 147 851 eum
165 800 330 865 errorem,
354 773 393 847 in
410 800 518 875 quem
530 772 725 875 novissimo
738 775 1040 874 temporedocbs
1054 805 1162 878 quos·

61 896 145 991 dam
175 895 337 971 homines
369 895 434 991 (cl.
459 896 501 985 9,
525 896 584 969 43.
611 900 757 996 parest)
787 895 969 973 incurrere
998 896 1163 991 vidimus,

20 1016 24 1027 “
60 1028 206 1095 nosmet
222 1000 294 1119 ipsi
310 1015 558 1106 incideremus,
582 1026 624 1090 ut
639 1016 760 1094 invitis
783 1015 883 1094 libris
901 1019 1058 1120 antiquis
1083 1047 1164 1121 par·

62 1139 191 1247 ticulas
210 1136 382 1240 quasdam
400 1138 675 1238 iniungeremus,
700 1141 862 1238 quamvis
881 1167 988 1217 nemo
1007 1143 1164 1243 scriptor

62 1259 247 1362 asyndetis
259 1260 372 1362 magis
385 1274 474 1335 usus
489 1269 588 1334 esset
601 1285 707 1359 quam
720 1259 854 1337 Livius.
878 1261 938 1336 Ad
954 1263 1163 1343 firmandam

63 1366 314 1475 coniecturam,
340 1407 447 1480 quam
471 1380 586 1470 4,·51.
611 1381 722 1470 „urbs
746 1392 927 1483 agerque“
951 1410 1025 1467 non
1047 1387 1162 1486 magis

61 1505 155 1581 ratio
177 1500 247 1577 loci
273 1528 379 1604 quam
397 1501 496 1579 Med.
521 1501 635 1577 codex
659 1529 810 1605 poscere
833 1504 1054 1598 videbantur,
1078 1534 1161 1583 con-

60 1626 221 1719 ferantur
244 1626 313 1699 iam
339 1627 503 1726 (praeter
518 1600 552 1716 5,
569 1625 626 1699 24.
646 1625 723 1720 25.)
742 1626 800 1716 26,
819 1626 891 1698 dle
909 1624 1033 1723 (Put)
1049 1655 1161 1730 „urps

61 1773 219 1850 agerque
230 1793 280 1804 --
290 1746 387 1823 iussa
401 1746 477 1821 dari
484 1756 523 1818 “z
550 1742 748 1846 eodemque
765 1745 844 1821 loco
859 1746 1013 1838 „urbem
1024 1776 1162 1850 agrum-

12 1866 15 1875 '
62 1896 135 1971 que
163 1869 216 1941 eis
240 1868 486 1967 adsignaret“:
512 1868 670 1968 „quibus
689 1866 776 1945 urbs
793 1895 947 1971 agerque
966 1870 1163 1946 debebatur

61 2021 107 2069 ex
117 1976 236 2066 'effi‘
262 1991 302 2080 7,
326 1991 385 2061 31.
409 1989 449 2062 al.
493 1988 605 2088 Quod
634 2015 720 2068 vero
745 1991 786 2082 2,
810 1991 868 2063 54.
899 1992 1033 2064 malam
1063 1993 1162 2066 molo

62 2141 107 2193 ex
123 2112 199 2189 Pol
214 2110 463 2214 coniungendo
486 2110 706 2211 scripsimus,
734 2110 774 2184 in
795 2136 838 2185 eo
853 2109 943 2187 nibil
960 2111 1054 2187 aliud
1078 2112 1163 2187 leci-

22 2239 26 2249 '
60 2261 146 2311 mus
167 2260 274 2334 quam
300 2235 397 2335 quod
414 2232 627 2334 optimorum
645 2232 816 2308 librorum
834 2233 1081 2310 auctoritatem
1096 2261 1163 2310 ne-
1282 2324 1286 2331 Ι

61 2357 202 2459 glegere
226 2354 414 2430 noluimus.
457 2380 566 2454 saepe
591 2355 685 2428 enim
709 2356 747 2427 in
771 2352 848 2428 aliis
873 2353 973 2430 libris
998 2357 1084 2432 alias
1109 2359 1162 2431 in·
1207 2416 1212 2423 .

60 2490 182 2580 tegrae
207 2478 405 2578 scripturae
429 2485 550 2576 partes
579 2485 808 2550 conservatas
833 2502 931 2566 esse,
955 2478 1058 2553 multi
1082 2478 1162 2569 loci,

62 2600 124 2701 qui
148 2601 219 2673 nisi
242 2599 312 2673 hoc
335 2623 407 2671 uno
432 2583 539 2671 modo
564 2597 602 2670 in
625 2595 803 2697 integrum
827 2597 1065 2682 restituinon
1082 2609 1163 2701 pot-
1235 2640 1243 2673 .·

62 2731 178 2811 erant,
209 2717 421 2795 ostendunt:
458 2744 526 2792 nec
550 2715 589 2791 id
614 2719 712 2817 quod
735 2717 812 2793 eius
839 2720 979 2819 generis
1005 2720 1163 2795 secunda

64 2839 238 2943 quaedam
261 2839 404 2913 fortuna
428 2838 539 2912 deleri
563 2838 693 2928 noluit,
724 2839 875 2912 abiicere
900 2839 1028 2928 ausim,
1062 2865 1165 2938 prae·
1216 2824 1222 2837 ⁵

62 2964 184 3039 sertim
211 2987 292 3035 eum
316 2958 412 3034 idem
436 2960 572 3033 ratione
597 2957 755 3034 locorum
780 2957 990 3060 postuletur.
1016 2958 1164 3035 inducto

33 3102 37 3107 ·
63 3085 156 3158 enim
173 3084 307 3157 molam
326 3083 386 3160 vix
398 3080 576 3171 haberem,
591 3079 688 3156 unde
704 3081 802 3156 molo
820 3083 909 3156 satis
925 3080 1162 3155 defenderem
1249 3056 1253 3077 Ι

157 3205 201 3279 In
230 3203 350 3282 verbis
382 3203 597 3283 collocandis
626 3201 830 3279 Mediccum
860 3194 1086 3303 potissimum
1123 3202 1164 3276 li-

61 3328 167 3401 brum
190 3337 231 3400 ut
255 3327 292 3421 in
317 3326 436 3426 priore
459 3324 640 3401 volumine
665 3326 781 3400 secuti
805 3350 940 3416 sumus,
966 3349 1046 3398 com
1069 3325 1107 3396 in
1132 3321 1164 3398 P

62 3447 253 3525 metathesi
266 3448 323 3522 illa
339 3459 377 3524 et
395 3445 608 3548 syllabarum
625 3455 661 3520 et
673 3473 801 3524 vocum
815 3444 994 3519 interdum
1008 3455 1163 3521 erratum

62 3577 178 3644 esset:
204 3569 436 3668 omnibusque
454 3567 660 3643 melioribus
676 3567 775 3644 libris
795 3566 1100 3643 consentientibus
1116 3593 1163 3642 ne

62 3687 101 3761 id
126 3686 272 3788 quidem
296 3699 430 3762 mutare
448 3690 524 3764 ausi
537 3715 672 3780 sumus,
697 3691 794 3791 quod
806 3688 961 3764 liberiori
978 3700 1162 3791 poetarum
1243 3758 1247 3765 .

62 3808 183 3884 studio
206 3809 324 3910 aptius
349 3807 539 3899 videretur,
571 3808 686 3885 sicubi
708 3810 750 3884 L.
769 3811 987 3912 gravitatem,
1009 3836 1101 3912 quae
1124 3810 1163 3883 in

63 3929 172 4006 rebus
196 3930 350 4022 inesset,
376 3926 598 4029 diligentiore
623 3932 730 4007 etiam
754 3934 943 4009 verborum
968 3930 1162 4032 iungendo-

62 4076 143 4128 rum
169 4077 299 4153 genere
322 4075 527 4154 expressam
549 4051 677 4133 voluit:
708 4053 867 4133 velutin
892 4053 1012 4134 verbis
1036 4070 1163 4152 prooe-
