2618 4590
156 238 222 307 184
425 310 428 317 ,
612 250 723 313 URBR
739 249 796 311 vlt

157 413 283 488 ducturi
305 416 435 497 luerint,
463 414 497 479 in
519 413 630 481 castris
652 413 777 482 feroces
798 413 833 479 in
859 412 928 480 acie
952 410 1077 501 pavidi?
1109 433 1185 478 vera
1207 436 1263 480 an·

93 574 96 579 .
137 521 304 603 .diebant‚
332 520 439 610 itaque
460 530 567 586 tantos
589 519 693 609 pudor
714 517 862 585 stirnrdos
888 515 1043 599 admovit,
1070 527 1107 583 ut
1132 529 1262 586 ruerent

157 626 190 692 in
222 624 363 696 bostium
390 624 455 690 tela
483 622 626 692 alienatis
656 648 675 690 a
702 623 856 689 nrcmoria
884 620 1017 712 periculi
1049 619 1170 690 munis.
1208 622 1262 688 hic

157 729 260 819 prirno
282 730 421 819 impetus
442 751 545 818 prope
566 750 681 794 vecors
703 727 843 794 subavit
863 727 989 810 hostes,
1022 747 1122 814 eques
1145 723 1260 794 deinde

127 832 293 899 semisas
315 833 460 903 barbatos
483 830 606 903 avertit.
641 833 711 922 ipse
739 832 874 898 dictator
902 843 1074 921 postquam
1095 829 1263 899 labn'nteru

153 961 216 1004 una
238 948 328 1027 parte
350 936 430 1005 vidit
450 935 567 1029 aciem,
593 936 682 1027 signa
701 938 735 1006 in
761 937 890 1006 laevum
916 959 1018 1003 corun
1044 933 1169 1002 confert
1191 959 1258 1025 quo

154 1039 282 1108 trubarn
303 1041 446 1110 hostiurn
473 1042 658 1133 congregari
686 1042 852 1126 cernebat,
887 1052 920 1108 ct
941 1038 990 1105 his
1018 1039 1074 1129 qni
1094 1037 1128 1106 in
1149 1050 1261 1109 moute

154 1158 245 1215 erant
267 1145 393 1236 signnm
416 1146 506 1234 quod
527 1158 721 1217 convenerat
742 1147 839 1215 dedit.
876 1145 933 1213 ubi
953 1144 1027 1212 inde
1054 1167 1185 1234 quoquo
1207 1169 1263 1212 no·

158 1269 223 1317 vus
240 1251 363 1318 elamor
385 1261 474 1317 ortus
496 1261 530 1319 et
551 1251 681 1318 tendere
705 1251 837 1341 obliquo
859 1260 970 1317 monte
996 1250 1037 1315 ad
1065 1260 1168 1317 castra
1191 1249 1264 1315 Gal-

12 1337 17 1357 '
112 1353 264 1420 1olorurn
286 1355 456 1437 visisunt,
482 1367 553 1422 tum
574 1366 664 1422 metu
685 1381 727 1423 ne
749 1355 995 1423 excluderentur
1017 1354 1134 1421 omissa
1155 1379 1264 1444 pugna

160 1468 210 1525 est
231 1482 391 1550 cursuque
414 1460 517 1530 effuso
541 1459 582 1528 ad
611 1472 712 1527 castra
741 1460 932 1528 ferebantur.
969 1459 1024 1525 nbi
1053 1483 1129 1526 curn
1154 1483 1264 1528 occur-

43 1590 47 1597 ·
159 1562 253 1630 risset
275 1563 321 1630 eis
342 1562 388 1630 Μ.
404 1563 551 1637 Valerius
573 1565 723 1654 magister
744 1563 898 1656 equitum,
921 1562 977 1653 qui
998 1564 1167 1653 prollignto
1190 1564 1265 1630 dex-

159 1676 212 1762 tro
236 1690 338 1735 cornu
360 1667 567 1760 obequitabat
587 1668 731 1749 hostiurn
751 1666 971 1751 munimentis,
1000 1668 1040 1734 ad
1067 1679 1194 1735 montes
1216 1668 1267 1735 sil-

159 1791 280 1868 vasque
303 1784 430 1845 vortunt
451 1774 568 1871 fugam,
589 1773 781 1871 plurimique
803 1773 847 1846 ibi
869 1798 889 1842 a
911 1772 1016 1845 fallaci
1031 1773 1176 1867 equitum
1197 1797 1266 1864 spe-

229 1957 262 2027 ln
278 1958 306 2023 ll
324 1973 351 2020 et
367 1959 419 2026 hoc
437 1961 498 2027 loco
518 1963 569 2036 (cl.
587 1965 613 2034 7,
634 1967 676 2026 a:

229 2049 335 2114 clavum
351 2055 481 2128 pangam)
501 2050 631 2137 quaedam
642 2072 676 2111 ex

231 2136 403 2199 adnotatione
415 2140 525 2203 librarii
537 2139 677 2205 cuiusdam

817 1963 949 2047 multique
966 1986 1036 2028 rece.
1054 1963 1150 2031 codd:
1175 1963 1266 2024 laben·

816 2063 880 2113 tem.
898 2087 932 2096 —
951 2054 986 2113 P:
1004 2055 1033 2111 iu
1049 2050 1151 2115 lenum.

763 2142 792 2202 7.
819 2151 849 2199 et
870 2141 919 2199 his
943 2143 996 2216 qni
1012 2143 1043 2197 in
1063 2149 1268 2203 monuerunt

231 2223 260 2280 in
284 2228 432 2291 orationem
458 2224 589 2304 integram
611 2229 677 2282 irre·

230 2320 356 2390 pserunt:
386 2311 436 2378 „in
460 2318 555 2374 castris
573 2314 677 2377 feroces

232 2399 264 2459 in
279 2400 283 2469 Ι
299 2398 428 2471 crepatio
448 2398 676 2472 dictato(1n.3.:

232 2483 385 2587 dictatdis)
407 2521 525 2578 tullium
541 2523 676 2598 nomino!

182 2648 186 2658 .
229 2607 286 2661 tim
308 2608 412 2664 ciendis
433 2611 487 2677 (m.
511 2611 535 2668 1.
560 2612 677 2679 cientes)

230 2713 298 2750 cum
321 2695 352 2750 in
376 2695 484 2752 dextro
509 2716 603 2753 cornu
620 2699 678 2772 uri}

174 2806 177 2811 ’
232 2800 354 2838 nereum
362 2783 466 2861 gallos
478 2785 616 2863 ambigue
625 2806 679 2861 pu.

131 2864 140 2885 'r
230 2878 377 2946 &namur
391 2872 397 2940 Ι
412 2872 503 2929 inatie
515 2873 607 2949 pauidi
616 2892 679 2929 uera

230 2956 397 3012 audiebant“
429 2969 479 3017 cat.
528 2959 573 3017 cf.
609 2981 679 3037 quae

231 3042 312 3113 paulo
338 3053 402 3120 post
428 3047 457 3101 in
484 3044 537 3100 boc
560 3065 618 3122 cap.
641 3047 678 3102 le,

232 3139 338 3202 guntur.
365 3133 391 3196 7,
410 3132 454 3188 20.
472 3130 520 3188 lin.

178 3216 205 3276 3.
232 3215 280 3272 bic
286 3218 382 3291 primo
396 3217 520 3292 impetos
527 3237 620 3292 prope
630 3239 678 3276 ue-

230 3324 300 3360 cora
318 3304 450 3364 tardauit
465 3303 585 3364 hostem
603 3304 633 3361 P.
646 3335 679 3349 -

231 3389 275 3447 nl:
293 3390 389 3450 animis
398 3394 426 3449 ic
440 3395 447 3464 l
460 3395 548 3469 primo
561 3395 678 3470 impetus

160 3486 168 3505 ⁶
231 3497 316 3554 prope
335 3497 445 3536 necrors
457 3479 535 3538 turba
551 3482 555 3547 Ι
572 3480 611 3536 bit
628 3479 678 3541 ho-

230 3573 296 3622 stes.
314 3585 348 3625 ro.
366 3572 408 3626 a:
426 3569 523 3624 animis
537 3569 677 3646 sieprimo

231 3652 332 3726 impetu
354 3673 441 3730 prope
457 3673 553 3712 uecors
572 3663 622 3714 cet.
642 3688 676 3698 -

231 3735 253 3792 P
271 3755 307 3795 ru.
327 3740 366 3795 l.:
394 3759 476 3816 eques
495 3741 594 3799 deindo
611 3744 676 3800 emi«

231 3843 288 3882 aas.
306 3843 342 3882 ur.
360 3827 400 3886 a:
420 3830 541 3887 emissus.

177 3910 204 3972 5.
231 3911 295 3985 ipse
313 3912 439 3974 dictator·
454 3926 614 3993 postquam
633 3919 646 3974 I
665 3951 675 3968 ν

229 3999 347 4057 barnem
382 4021 444 4058 una
477 4013 565 4078 porte
599 4007 677 4068 uidit
707 4037 712 4045 .

228 4087 336 4150 aciem:
354 4085 411 4150 Plu.
430 4118 464 4135 ·-
483 4088 560 4150 Laid.
573 4110 592 4152 r.
610 4090 677 4154 Pall.

817 2230 937 2304 signum
969 2229 1053 2303 qnod
1086 2236 1267 2290 coraucnerot

819 2314 917 2371 dedit:
941 2315 1003 2372 Pll:
1028 2317 1083 2372 nisi
1102 2313 1176 2392 quod
1196 2313 1268 2372 inll

820 2410 871 2470 „et
889 2404 926 2463 lid
944 2406 1023 2478 quli‘,
1042 2433 1076 2445 ·“
1106 2403 1139 2463 111
1155 2401 1230 2465 Hal’l.
1247 2423 1267 2462 Ι.

819 2486 921 2552 excidit
938 2490 1029 2556 dedit.

766 2597 793 2658 9.
820 2595 939 2670 obliquo
967 2603 1081 2656 oronte:
1103 2594 1161 2658 ΡΜ,
1187 2593 1268 2652 Obli-

822 2683 884 2759 quis
907 2684 979 2739 euim
1002 2683 1154 2739 tramitibus
1172 2682 1224 2754 (el.
1242 2683 1272 2745 5,

823 2770 883 2839 16.)
900 2771 940 2825 eis
963 2768 1128 2830 tendendum
1146 2778 1218 2837 erat,
1243 2770 1270 2826 si

819 2865 907 2913 castra
935 2855 1112 2932 aggredienda
1139 2856 1268 2917 videban-

820 2953 878 3012 tur,
906 2964 967 3004 enm
991 2944 1092 3005 directo
1118 2944 1153 2999 de
1178 2953 1272 3001 monto

821 3030 850 3093 in
869 3032 953 3089 aciem
965 3033 1053 3111 ipsam
1064 3029 1112 3087 lati
1124 3041 1225 3090 essent.
1235 3060 1271 3074 -

820 3117 856 3174 P:
875 3119 975 3173 omissa
987 3133 1023 3178 ÷
1035 3137 1123 3196 pugne
1136 3137 1271 3196 cursuque

821 3214 871 3263 cet.
890 3220 926 3254 μ’
943 3203 1069 3284 Plerique
1085 3225 1156 3269 rece.
1174 3205 1269 3266 codd:

820 3290 1015 3364 efferebantur.
1112 3340 1115 3345 r

750 3393 794 3455 14.
816 3395 999 3473 plurimique
1030 3398 1071 3454 ibi
1104 3417 1126 3453 a
1153 3394 1273 3468 fallaci

819 3484 1059 3562 equitumpapccie
1071 3484 1269 3563 agasonibus·

820 3588 878 3644 que
890 3574 1008 3646 excepti
1018 3580 1104 3628 aunt.-
1121 3569 1180 3630 PM.
1198 3570 1270 3626 Cum

819 3676 874 3716 nou
893 3657 1008 3736 amplius
1033 3667 1142 3716 centurn
1164 3659 1271 3734 equites

818 3746 980 3818 agasonibus
1015 3746 1129 3804 admixti
1168 3753 1270 3812 essent,

817 3831 899 3890 fallax
920 3832 948 3889 b.
973 3831 992 3891 l.
1015 3835 1121 3910 species
1147 3834 1271 3910 equiturn

818 3919 874 3976 dici
891 3929 1011 3998 poterat,
1038 3930 1133 3999 utpote
1151 3939 1270 3999 quorum

817 4025 946 4067 uumerus
970 4007 1050 4083 louge
1073 4011 1160 4066 maior
1186 4029 1269 4086 quam

819 4104 877 4154 erat
903 4096 1040 4155 rideretur
1066 4115 1142 4159 casea
1172 4106 1201 4157 at
1233 4097 1269 4154 ob
