2618 4590
520 220 629 291 unse
645 231 692 293 vr
1109 223 1153 293 25

45 401 165 475 *metris
188 423 274 482 esse,
304 397 382 489 quin
403 417 501 463 noces
523 417 654 485 quoque
678 394 813 477 auditas,
840 416 913 462 eum
934 397 1083 467 centenis.
1095 398 1154 468 bo-

54 507 156 573 stibus
177 504 321 595 singulos
342 511 536 591 pugnaturos
559 511 592 567 et
613 521 707 588 aegre
734 499 888 566 inermem
907 512 1028 569 tantam
1048 502 1153 570 multi·

54 612 200 678 tudinem
221 609 342 676 nedum
364 616 526 699 aureatam·
542 602 691 674 sustineri
718 619 828 692 posse,
849 642 893 655 -
913 605 946 670 in
966 628 1086 696 equum
1105 607 1150 673 in.

54 715 121 781 silit
144 725 177 781 et
198 723 271 780 ante
292 711 379 800 signa
401 709 556 809 obversus
577 708 611 774 in
632 706 735 775 aciem
757 709 883 776 ordines
910 708 1151 799 interequitans:

56 841 166 906 „quae
187 816 308 883 tristitia
326 814 446 881 'milites
467 813 557 895 haec,
580 837 664 902 quae
684 811 984 894 insoliteeunctatio
1008 817 1075 881 est?
1095 815 1181 884 ho-5

55 931 140 987 stem
161 945 202 986 an
219 919 274 986 ine
296 943 337 986 en
358 941 418 986 vos
439 916 611 1008 ignoretis?
637 917 745 984 bostis
773 927 824 984 est
850 917 928 1008 quid
949 917 1036 983 eliud
1057 942 1154 1006 quam

52 1036 207 1114 perpetua
228 1024 359 1091 materia
373 1023 496 1091 virtutis
518 1021 700 1112 glorueque
722 1023 871 1089 vestroe?
890 1044 950 1089 vos
973 1032 1154 1089 contrane
1234 1008 1242 1017 ’

52 1129 139 1197 duce.
156 1168 201 1180 —
221 1140 259 1196 ut
272 1128 413 1197 Falerios
429 1126 593 1217 Veiosque
615 1138 727 1219 captos
749 1138 783 1195 et
802 1126 835 1193 in
858 1137 951 1217 capta
965 1126 1066 1217 patria
1082 1126 1154 1195 Gal·

122 1290 155 1357 7,
173 1280 232 1347 39.=
255 1286 326 1356 „ubi
344 1285 480 1345 restitaret
496 1304 569 1342 mor·

122 1383 178 1430 tem
196 1374 416 1431 denuntiantes“.
447 1374 490 1439 10,
510 1375 567 1432 te:

123 1482 231 1537 „prope
261 1464 415 1518 restitantes
445 1456 568 1515 consules

121 1552 152 1606 in
175 1551 328 1606 contionem
348 1550 568 1627 pertraxerunt“.

122 1636 180 1695 sed
202 1657 262 1693 eum
285 1634 384 1703 milites
408 1653 568 1712 quamquem

122 1720 568 1797 cunctabuulitamenimpcrioob·

123 1819 288 1886 temperasse
307 1808 455 1882 castrisque
470 1809 569 1880 egressi

125 1895 261 1962 dicautur,
283 1895 454 1951 resistentes
471 1895 570 1949 rationi

123 1981 205 2039 buius
222 1981 277 2038 loci
295 1981 383 2055 aptius
397 1976 570 2050 videturtut.

120 2072 149 2138 ὁ,
167 2071 236 2137 bb).
253 2067 389 2125 Bellienus
403 2067 570 2125 Gronovius:

121 2165 229 2214 secutus
247 2164 296 2211 est.
308 2187 343 2197 -
361 2152 383 2210 P
401 2175 437 2214 m.
457 2157 495 2214 1.=
513 2155 569 2211 siu-

121 2244 194 2319 gulis
211 2252 384 2319 pugnaturos.
436 2312 438 2318 ι
468 2302 470 2307 ‚

65 2333 93 2390 3.
120 2332 152 2387 iu
169 2351 278 2408 equum
295 2332 406 2409 insilit:
423 2327 454 2388 P.
473 2358 507 2369 -
527 2324 567 2385 bl:

121 2418 150 2473 iu
175 2416 383 2495 equmlinsilit.
413 2447 447 2457 -
477 2413 512 2472 P:
540 2424 568 2472 et

122 2515 184 2562 aute
202 2507 316 2578 insigne.
327 2537 362 2547 -
375 2503 401 2560 Μ
413 2525 448 2564 m.
467 2507 505 2562 1.:
524 2524 569 2561 or·
612 2532 618 2551 ·

123 2593 207 2652 dinis.
233 2590 260 2648 Μ
282 2612 317 2652 m.
340 2593 366 2650 3.
385 2591 422 2648 P:
445 2592 567 2649 ordibes

122 2678 346 2756 interequitans.

68 2769 100 2828 5.
124 2786 200 2844 quae
220 2768 343 2824 tristitie
364 2765 473 2822 milites
495 2765 569 2821 haee

124 2874 202 2931 quoe
214 2855 337 2910 insolita
348 2854 493 2909 cunctatio
508 2859 568 2907 est:

120 2938 179 2999 ΡΜ.
197 2966 232 2984 -
250 2939 326 3000 Harl.
346 2958 377 2999 1.:
398 2939 569 3015 interequitat

120 3038 184 3084 sunt
202 3037 279 3104 quate·
288 3027 361 3083 haec*
371 3028 488 3084 tristitie.

69 3145 104 3157 -
123 3114 240 3191 bostem
257 3136 298 3170 en
309 3135 355 3170 me
367 3135 407 3170 eu
419 3135 474 3172 uos
487 3115 568 3191 iguo·

121 3201 252 3257 satier-P
265 3223 301 3260 m.
313 3204 339 3260 2.
350 3201 386 3261 Μ.
399 3233 432 3247 -
446 3199 468 3256 P
480 3220 515 3259 m.
529 3203 568 3258 1.:

120 3287 226 3344 bostem
242 3310 313 3346 anne
331 3309 374 3344 me
396 3308 431 3343 au
449 3306 500 3342 uos
518 3295 569 3346 cet.

122 3372 197 3430 Num
218 3373 343 3432 librarius
361 3373 476 3431 voluerit
493 3373 568 3443 „leo-

122 3467 236 3517 stemne
248 3483 288 3518 an
299 3483 344 3519 me
350 3465 387 3517 ⁶⁶?
402 3481 464 3519 nam
477 3481 569 3539 quam·

122 3566 204 3623 quam
221 3565 298 3602 enne
315 3567 363 3624 per
374 3568 404 3604 se
415 3550 569 3627 improban-

116 3632 189 3690 'dum
207 3652 263 3688 nou
276 3642 324 3699 est,
341 3642 429 3691 tamen
441 3634 567 3692 hocloco

118 3729 233 3799 propter
246 3719 365 3785 eiusdem
373 3722 518 3797 particulae
527 3742 568 3779 re·

121 3809 281 3885 petitionem
299 3809 387 3864 minus
404 3807 499 3885 placet.

66 3894 94 3951 6.
123 3893 219 3951 hostis
237 3905 284 3952 est
300 3895 377 3972 quid
391 3895 491 3954 eliud.-
511 3894 568 3954 ΡΜ.

122 4013 158 4025 ··-
170 3980 193 4039 P
209 4001 245 4040 m.
264 3986 305 4041 1.:
323 3981 398 4042 aliut.
415 3981 498 4040 Docti
510 3985 568 4060 qui·

125 4065 188 4125 dam
216 4066 339 4128 homines
373 4069 425 4129 hac
455 4069 568 4159 eleganti

707 1285 852 1346 verborum
886 1295 1018 1345 structura
1056 1304 1153 1363 perum

708 1383 848 1452 perspecte
861 1373 942 1430 modo
961 1373 1073 1443 „bostis
1087 1360 1153 1448 quid

709 1461 859 1521 estaliuffl‘
872 1460 952 1518 molo
965 1460 1074 1537 „bostis
1087 1459 1153 1534 quid

709 1547 783 1605 eliud
804 1553 867 1606 est“
888 1549 972 1604 scribi
992 1534 1153 1607 maluerunt.

710 1634 754 1696 Cf.
773 1637 800 1704 l,
818 1639 856 1694 3.:
878 1636 986 1711 Quanto
1004 1655 1085 1712 opere
1100 1654 1152 1691 ros

709 1721 1154 1798 contemnereutpatres—virleor

710 1811 930 1867 animadvertisse
942 1827 1014 1867 nune
1032 1809 1154 1875 manime¹
1231 1853 1234 1858 .

710 1899 784 1972 quotl
801 1897 868 1954 adeo
881 1909 986 1953 atroces
1004 1899 1032 1953 in
1049 1896 1098 1953 hes
1111 1900 1167 1951 ro·'

711 1986 831 2057 gationes
854 1995 960 2039 nostras
983 1986 1069 2039 coorti
1092 1993 1157 2038 suut

711 2099 746 2112 -
768 2070 865 2145 quibus
888 2069 954 2146 quid
978 2069 1052 2126 aliud
1076 2090 1157 2147 quem

710 2155 885 2215 admonemus
903 2159 976 2216 cives
993 2177 1044 2217 uos
1063 2176 1156 2239 eorum

708 2263 776 2302 esse.
1186 2312 1191 2327 ι

654 2331 681 2387 7.
707 2351 762 2387 uos
789 2339 962 2409 contremo
984 2333 1074 2390 duee:
1096 2330 1154 2393 ΡΜ.
1255 2354 1260 2361 ·

709 2417 803 2486 „Habe
819 2418 864 2475 ibr
875 2420 946 2477 donn
957 2420 1034 2477 nicht
1042 2441 1073 2478 so
1087 2420 1154 2476 eben

709 2526 761 2562 nur
784 2506 851 2562 tiber
874 2507 942 2563 eben
964 2508 1040 2564 disse
1056 2507 1157 2565 Vttllrsr

709 2595 788 2649 einen
807 2592 959 2651 dreilacheu
972 2595 1035 2670 Sieg
1054 2595 1155 2652 davon-

708 2681 874 2755 [ςιεῐιηςιειιῖ66
892 2681 1013 2769 llamque
1030 2685 1060 2739 iu
1071 2681 1154 2739 verbo

709 2777 814 2823 contre
830 2767 904 2823 idem
921 2769 977 2824 lere
989 2773 1060 2824 inest
1077 2769 1156 2842 qussi

708 2850 742 2911 L.
760 2856 910 2927 scripserit:
930 2874 1032 2929 „quam
1050 2863 1157 2911 contra·

709 2941 781 2994 rium
808 2938 871 2995 huie
892 2949 1002 2997 ‘vestrae
1030 2941 1156 2998 tristitiae

710 3035 752 3083 est
773 3025 847 3103 quod
868 3026 950 3085 modo
972 3029 1064 3085 ex-iis
1086 3029 1155 3106 ipsis

709 3113 818 3193 populis
835 3135 878 3170 me
891 3114 959 3170 duee
970 3106 1103 3194 triplicem
1115 3118 1155 3174 vi-

710 3204 823 3259 ctoriam
841 3200 981 3257 rettulistis
988 3208 1013 3263 “.

656 3294 683 3350 8.
710 3299 738 3346 et
757 3293 787 3345 in
804 3298 891 3363 copto
904 3291 1020 3363 poterii:
1039 3289 1095 3348 ΡΜ.
1119 3321 1154 3331 -

708 3374 783 3436 Harl.
794 3395 812 3434 1.
831 3375 878 3433 al:
898 3384 925 3430 et
941 3377 995 3430 iam
1013 3386 1089 3453 capta
1107 3398 1154 3453 pa·

709 3466 769 3523 trie.
805 3452 915 3519 Dotem
933 3464 1017 3536 magis
1030 3463 1156 3543 placebat

709 3559 740 3609 et
765 3559 882 3624 recepta
904 3552 1014 3626 patrie.
1048 3551 1097 3610 secl
1121 3551 1154 3612 Μ.

708 3635 762 3692 boe
781 3640 879 3713 ipsum,
896 3637 969 3714 quod
986 3637 1096 3697 Dolore
1115 3642 1154 3697 vi·

709 3723 823 3778 debatur
835 3724 982 3794 vitandum,
999 3725 1090 3784 dicere
1106 3747 1153 3784 vo·

708 3809 793 3867 luisse
804 3810 923 3869 videtur:
942 3815 993 3881 „in
1005 3824 1081 3892 capta
1094 3817 1154 3890 ipse

710 3897 743 3952 ab
767 3897 891 3956 hostibus
913 3888 1012 3976 patrii,
1039 3901 1086 3957 ubi
1106 3900 1153 3980 bo·

709 3986 791 4040 stium
802 3987 948 4063 ruinaeque
958 3988 1033 4045 urbis
1051 3988 1154 4062 petrino

710 4082 849 4149 respectus
866 4074 982 4134 militum
992 4076 1081 4133 miuus
1098 4073 1152 4132 sor·
1200 4119 1203 4124 ·
