2618 4590
621 186 806 251 munnvn.

164 360 230 429 rius
258 356 414 426 Camillus
442 356 545 423 dictus
572 353 680 421 addito
708 351 860 443 magistro
886 352 1032 443 equitum
1060 350 1098 419 P.
1121 350 1271 421 Cornelio

166 463 319 555 Scipione
339 460 477 531 reddidit
503 458 645 549 patribus
673 456 911 549 possessionem
939 456 1106 547 pristinam
1128 458 1273 525 consula-

164 580 234 638 tus:
255 569 325 659 ipse
347 565 389 634 ob
410 564 449 659 id
465 563 616 632 meritum
636 562 755 654 ingenti
777 572 905 653 patrum
926 561 1033 629 studio
1048 571 1175 629 creatus
1199 585 1272 630 con-

165 673 217 740 sul
237 673 396 762 collegam
415 668 478 761 Ap.
500 667 670 736 Claudium
692 666 845 735 Crassum
866 666 956 733 dixit.

136 782 155 848 t
255 775 362 844 XXV.
407 773 597 863 Priusquam
623 771 739 839 inirent
764 770 840 838 novi
868 770 1018 838 consules
1044 767 1272 860 magistratum,

165 878 346 970 triumphus
368 903 388 947 a
409 878 547 969 Popillio
576 877 617 944 de
640 875 740 944 Gallis
768 886 858 943 actus
880 899 997 966 magno
1025 874 1135 942 lavore
1158 874 1272 964 plebis,

163 993 411 1074 mussantesque
431 983 514 1050 inter
535 1005 572 1050 se
593 979 773 1072 rogitabant
799 1003 879 1047 num
906 1003 1005 1070 quem
1029 978 1137 1070 plebei
1159 1001 1272 1046 consu-

154 1080 203 1154 'lis
225 1083 418 1178 paeniteret:
449 1085 547 1154 simul
568 1084 755 1153 dictatorem
775 1083 990 1174 increpabant,
1015 1083 1069 1174 qui
1091 1082 1170 1173 legis
1193 1081 1273 1150 Lici·

140 1191 239 1259 'niae
272 1203 400 1282 spretae
433 1189 617 1258 mercedem
651 1188 853 1256 consulatum
885 1187 1071 1279 privataque
1100 1187 1273 1278 cupiditate

117 1311 264 1384 loquum
285 1294 413 1386 publica
434 1293 546 1362 iniuria
568 1293 745 1362 loerliorem
767 1293 919 1382 cepisset,
944 1303 983 1360 ut
1003 1315 1039 1359 se
1067 1291 1136 1381 ipse
1159 1316 1275 1360 consu·

4 1466 8 1471 .
163 1398 230 1466 lem
259 1399 399 1467 dictator
422 1408 554 1466 crearet.
594 1421 695 1464 annus
723 1399 832 1466 multis
860 1396 1019 1487 variisque
1046 1396 1188 1464 motibus
1215 1396 1275 1463 luit

85 1500 92 1521 ²
163 1501 304 1595 insignis.
340 1502 425 1571 Galli
446 1525 488 1572 ex
509 1500 642 1572 Albanis
670 1502 842 1587 montibus,
869 1501 944 1594 quia
972 1500 1087 1569 hiemis
1114 1501 1181 1568 vim
1206 1499 1274 1591 pati

182 1677 342 1737 adnando
365 1681 446 1759 mrig.
469 1678 604 1756 equitum
623 1676 683 1748 (Μι

176 1820 179 1831 ,
235 1767 362 1844 aequitii)
387 1764 422 1824 P.
451 1764 591 1822 Cornelio
620 1762 683 1822 Sci·

231 1854 336 1928 pione:
354 1850 411 1911 ΡΜ.
438 1882 474 1894 -
500 1848 537 1908 P:
564 1850 684 1907 reddidit

234 1938 357 2015 patribus
372 1939 573 2016 possessionem
590 1939 683 2016 pristi-

232 2045 295 2083 nam
313 2025 477 2086 consulatus.
506 2025 550 2082 lll:
571 2025 683 2095 „reddi-

231 2111 274 2168 dit
280 2115 449 2189 patratibus
458 2114 682 2189 possessionem“

234 2209 286 2256 cet.
316 2199 415 2256 deinde
436 2199 557 2256 radendo
583 2197 683 2255 lactum

235 2294 278 2342 eat
303 2296 334 2342 ut
364 2286 525 2360 „patritiis“
552 2287 683 2363 seriptum

236 2370 383 2429 videretur.
418 2401 454 2414 -
489 2370 571 2429 Recc.
607 2370 683 2449 quid.

822 1678 1005 1756 poeniteret.-
1027 1674 1093 1748 ΡΜ]
1110 1695 1177 1732 num
1194 1695 1276 1751 quern

824 1765 925 1845 plebeii
952 1772 1002 1821 cet
1032 1793 1068 1805 -
1096 1761 1181 1819 Paulo
1210 1771 1277 1839 post

823 1854 956 1931 seriptum
973 1859 1015 1907 est
1031 1852 1061 1907 in
1078 1847 1130 1906 ΡΜ
1147 1851 1219 1926 „qui
1236 1847 1276 1905 le·

827 1943 869 2017 gis
880 1940 990 1996 liciniae
999 1946 1104 2016 spretas
1115 1936 1275 1993 mercede“

824 2046 876 2102 pro
901 2027 1066 2091 mercedem
1095 2021 1193 2080 ecdem
1221 2024 1276 2081 nisi

824 2113 944 2171 fallimur
959 2111 1061 2172 mendo
1077 2130 1132 2188 quo
1148 2114 1176 2179 7,
1189 2112 1233 2170 22.
1245 2113 1275 2167 in

826 2203 951 2258 omnibus
968 2200 1105 2275 inscriptis
1125 2218 1276 2255 consensu

824 2309 876 2366 pro
886 2307 1064 2344 consensum
1074 2286 1207 2363 scriptum
1218 2284 1279 2341 sneJ

824 2383 876 2435 rat.
893 2372 938 2433 cf.
952 2377 978 2443 Μ,
992 2376 1051 2433 lla
1069 2372 1099 2430 id
1116 2393 1182 2430 vero
1201 2371 1275 2428 hand

824 2480 904 2519 secus
922 2482 1002 2538 quum
1019 2468 1188 2538 praesentem
1204 2477 1276 2514 mer·

826 2549 918 2607 cedem
931 2551 1005 2623 regni
1017 2556 1157 2625 aspernata
1168 2543 1273 2621 plebes.

772 2638 799 2694 9.
823 2634 1274 2712 priuataquecupr'diiatequnm

822 2724 944 2798 publica
961 2725 1072 2778 iniuria
1082 2718 1274 2794 foediorem.-

234 2457 327 2516 codd.:
349 2459 551 2532 possessionem
573 2459 684 2534 pristini

234 2541 399 2603 consulatus.

180 2630 208 2686 ³.
237 2631 301 2705 lpse
321 2632 358 2688 ob
375 2631 556 2691 idmerr'tum
571 2632 686 2710 ingenti
712 2674 716 2683 .

231 2727 353 2792 patrum
365 2719 466 2777 studio
479 2726 597 2776 creatus
606 2725 684 2777 cos..-

233 2805 271 2865 Μ.
293 2836 329 2850 ·-
355 2803 393 2864 P:
420 2805 485 2864 iude
503 2807 539 2864 ob
557 2804 587 2864 id
603 2806 684 2863 meri·

233 2900 292 2950 tum
311 2901 362 2952 cet
390 2923 426 2936 -
455 2895 545 2952 Dixit
566 2914 582 2949 a
603 2890 683 2950 Livio

233 2981 366 3056 scriptum
393 2980 517 3049 videtur,
546 3000 603 3037 non
629 2989 685 3036 tam

238 3066 313 3139 quod
342 3065 372 3120 id
400 3069 459 3122 eius
488 3068 536 3142 qui
566 3068 684 3124 comitiis

234 3158 358 3227 praeerat
386 3161 458 3206 esset
487 3162 518 3207 ut
546 3155 684 3226 magistra·

173 3240 176 3245 '
235 3243 311 3293 tuum
335 3235 430 3314 populi
450 3237 591 3313 suffragiis·
612 3258 685 3295 crea-

234 3330 328 3380 soram>
360 3326 470 3382 nomina
508 3326 684 3395 renuntiaret,

232 3428 312 3486 quam
335 3420 366 3469 ut
387 3409 419 3472 L.
438 3412 536 3470 Furius
558 3432 607 3470 sua
634 3433 684 3490 ps·

234 3498 683 3578 tissimumauetoritatepatricium

234 3583 372 3643 consulem
389 3589 441 3668 Ap.
460 3587 605 3648 Claudium
625 3608 682 3645 cre·

233 3669 332 3726 andum
350 3679 487 3734 curavisse
504 3676 651 3735 rideretur.

825 2809 848 2869 P
871 2812 969 2882 m.1.]
995 2811 1098 2886 privata
1126 2805 1275 2884 cupiditate

826 2906 877 2955 cet.
896 2896 936 2967 (P
953 2915 989 2954 nr.
1007 2897 1032 2952 ⁸2.
1044 2893 1096 2963 ll).
1115 2891 1160 2953 Cf.
1177 2895 1204 2962 Μ,
1216 2893 1273 2952 62.ι

824 2983 909 3040 semel
934 3002 1042 3040 causam
1064 2981 1133 3038 dixit
1159 3000 1273 3058 quoque

825 3089 933 3148 semper
955 3088 1032 3145 agere
1058 3070 1150 3125 omnia
1176 3067 1273 3124 salitus

826 3153 1219 3234 erataccusatoriospirilmal.
1238 3186 1272 3196 —

825 3241 888 3302 Μ·“
862 3246 978 3301 r·niuria
991 3243 1118 3302 foedeore
1123 3244 1273 3333 coepisset.

754 3331 799 3390 10.
826 3339 860 3388 ut
875 3353 909 3388 se
927 3334 991 3406 ipse
1009 3333 1164 3389 consulem
1182 3316 1273 3387 dicta·

824 3425 873 3474 tor
889 3430 1019 3477 crenrct:
1041 3420 1072 3479 P.
1100 3419 1175 3476 llaec
1191 3416 1273 3472 verba

825 3504 861 3560 ad
892 3508 1074 3584 privataque
1111 3505 1273 3580 cupiditate

822 3594 959 3668 pertinere
975 3614 1054 3651 nemo
1073 3613 1128 3650 non
1140 3593 1224 3650 videt.
1238 3621 1272 3634 -·

820 3677 863 3735 Μ·
856 3689 911 3736 ·ut
928 3683 1059 3759 seipsum
1072 3679 1272 3738 consulemcet.

179 3720 211 3815 5.
224 3757 680 3833 priusquamiuirentnonicoss.
752 3767 795 3823 11.
822 3771 1035 3827 annuamultr's
1048 3786 1204 3844 uariasque
1212 3787 1273 3824 mo

232 3845 455 3922 magistratum:
473 3849 553 3908 M.-
569 3851 603 3907 Ρ·
623 3857 679 3909 coi.

233 3960 268 3973 -
287 3930 336 3989 ΡΜ
353 3931 402 3991 al:
419 3956 435 3991 a
452 3935 620 4014 popili0.'

178 4019 205 4076 7.
231 4037 301 4078 rrum
323 4038 411 4096 quem
425 4024 524 4098 plebei
542 4027 680 4083 consulis

820 3844 901 3911 sidus
912 3855 1009 3928 fait'
997 3858 1071 3935 arari
1058 3857 1139 3913 onia.-
1132 3854 1181 3912 ·P
1199 3875 1236 3916 m.
1247 3855 1273 3913 Μ.

821 3969 857 3984 -·
874 3940 897 3997 P
913 3961 950 4001 m.
970 3947 995 4002 1.
1012 3943 1052 4001 M:
1071 3942 1218 4002 mortibus.
1237 3971 1272 3986 -

820 4025 850 4085 Μ
866 4047 902 4088 ru.
921 4031 959 4088 1.:
979 4028 1031 4086 luit
1047 4031 1180 4104 indignis.
