2618 4590
160 234 228 308 580
626 245 736 308 talasa
753 244 801 309 ua

160 412 273 505 pinum
296 411 456 482 Cesennia
478 420 607 503 recepta
631 410 672 478 ab
693 402 904 479 Samnitibusz
941 402 1104 477 Herculis
1131 426 1287 498 magam¹

162 517 371 586 simulacrum
393 517 426 584 in
448 515 607 608 Capitolia
628 517 771 607 pasimm
792 515 1057 603 dedicatumque.

248 622 349 694 XLV.
393 623 430 690 Ρ.
465 620 608 712 Sulpicio
641 619 830 690 Savenione
857 621 893 688 Ρ.
927 617 1140 708 Sempronio
1172 615 1261 707 Sepla

163 727 349 796 consulibus
364 727 525 795 Samnites
540 766 584 777 —
600 748 659 794 seu
680 727 779 793 finem
801 747 859 792 seu
881 723 1077 791 dilationem
1096 720 1179 790 belli
1192 745 1263 812 qma-

133 840 271 900 trentes
292 833 481 923 -plegatas
502 831 544 898 de
565 855 646 920 paee
668 831 806 898 Romam
827 829 958 896 misere:
980 828 1113 919 quibus
1137 825 1262 918 supplic}

151 936 214 1004 'ter
234 937 399 1028 agentibus
421 957 612 1025 responsam
634 947 693 1015 est,
713 935 776 1001 nisi
795 958 894 1026 saepe
907 934 1035 1002 bellum
1054 942 1263 1023 parantespa

163 1062 237 1111 cem
258 1041 414 1131 petissent
430 1039 598 1121 Samnites,
621 1039 765 1106 oratione
785 1038 871 1105 adtro
894 1039 973 1106 citro
995 1036 1118 1103 habitan
1143 1036 1188 1103 de
1208 1058 1265 1127 paee

164 1145 294 1234 transigi
317 1143 476 1235 potuisse:
502 1166 604 1227 nunc,
629 1144 758 1232 quando
781 1143 879 1212 verba
900 1166 984 1210 vana
1001 1142 1051 1208 «ad
1075 1141 1116 1208 id
1140 1142 1267 1208 locenm

164 1246 290 1330 tuerint,
310 1247 407 1314 rebus
424 1246 580 1314 standum
601 1269 689 1314 esse:
710 1247 747 1315 P.
762 1247 990 1338 Sempramum
1004 1245 1193 1313 consulem
1214 1268 1268 1311 curn

118 1360 154 1419 te
166 1351 308 1421 exercitu
327 1350 418 1418 brevi
443 1351 477 1417 in
497 1349 631 1418 Samnio
656 1350 745 1418 lore:
778 1376 869 1436 eum,
888 1351 935 1418 >ad
959 1350 1095 1417 bellum
1126 1371 1271 1442 pacemne

165 1454 319 1523 inclinent
331 1455 445 1538 animi,
467 1455 535 1522 lalli
555 1479 622 1523 non
643 1478 757 1547 pesse:
780 1467 932 1548 conperta
955 1455 1068 1524 omnia
1081 1456 1220 1525 senatui
1238 1477 1271 1520 re
1308 1503 1309 1510 1

166 1559 321 1645 uanam,
348 1559 559 1628 decedentem
578 1583 624 1627 ex
645 1560 778 1628 Samnio
800 1561 968 1629 consulem
988 1559 1093 1651 legati
1111 1584 1272 1652 sequence
1304 1537 1309 1612 l

167 1673 231 1731 tm.
270 1686 311 1733 eo
339 1686 423 1732 anno
453 1690 528 1734 osam
553 1676 706 1756 pacatum
726 1664 894 1732 Samnium
916 1665 1086 1732 :exereitus
1118 1667 1300 1745 Romana

166 1766 304 1859 benigne
331 1769 476 1859 praebito
505 1781 689 1838 commeatu
715 1779 928 1862 peregnassct,
960 1768 1081 1837 loedus
1114 1770 1276 1863 antiquum

120 1882 155 1940 et
166 1870 362 1939 Samnitibus
383 1874 552 1944 redditum.
587 1875 638 1943 Ad
658 1874 791 1966 Aequos
811 1874 887 1941 inde
908 1885 1036 1943 veteres
1058 1874 1184 1943 hostes
1204 1886 1276 1942 cete·

165 1998 240 2044 mm
258 2000 319 2066 per
340 1978 468 2045 multos:
483 2003 584 2049 annos
606 1979 665 2047 sub
682 1978 789 2070 specie
803 1977 919 2047 infidae
933 1978 1021 2069 pacis
1038 1979 1180 2071 quietos
1195 2002 1275 2047 versa

168 2081 425 2167 mallonum,
448 2086 536 2175 quod
557 2085 710 2153 incolumi
726 2083 866 2153 Hernico
888 2083 1018 2152 nomine
1041 2084 1276 2154 missitaverant

167 2182 264 2249 simul
295 2207 370 2275 eum
395 2186 447 2253 his
470 2189 605 2257 Samniti
631 2189 748 2258 auxilia
775 2199 810 2256 et
833 2200 911 2278 past
931 2186 1095 2256 Hernicos
1127 2189 1275 2256 subactas

170 2285 321 2356 universa
340 2311 446 2380 ¹prope
467 2316 546 2399 gepa
568 2294 636 2361 sine
665 2290 914 2362 dissimulatione
940 2288 1069 2361 consilii
1096 2292 1225 2385 publici
1243 2293 1277 2360 ad

237 2434 322 2494 Diod.
339 2436 390 2504 00,
406 2437 466 2495 aa:
487 2440 516 2496 οἱ
533 2435 559 2497 δ’
581 2432 685 2503 {laesae
825 2441 889 2499 l’ll:
906 2461 934 2521 p.
951 2432 1148 2521 sempronium
1163 2449 1277 2502 caii.-

237 2550 274 2564 -
291 2520 485 2596 desuadendam
502 2525 607 2603 Σῶραν
620 2528 686 2606 Ἀρ·
826 2527 864 2587 P:
894 2529 972 2587 breui
1000 2531 1030 2586 ln
1059 2533 1174 2589 tumulo
1203 2531 1276 2589 for&-

150 2606 155 2617 '
236 2604 325 2666 selvae
342 2607 396 2695 eal
411 2611 570 2688 Σερεννίαν.
592 2648 627 2659 -
653 2617 687 2676 ln
825 2614 936 2677 Laida.
949 2615 996 2678 at:
1013 2619 1168 2677 inmuta
1185 2618 1276 2676 latent.

239 2692 268 2752 Μ
292 2696 382 2774 prima
408 2703 540 2778 scriptam
562 2713 619 2760 erat
644 2727 686 2775 „a

235 2784 431 2857 amittam
439 2789 491 2847 sed
503 2791 687 2851 eadem-manu

239 2871 349 2947 antiqua
367 2873 537 2935 badieetam
546 2889 603 2940 est.

184 2955 214 3016 0.
227 2955 276 3016 ⁴P.
294 2957 428 3033 Sulpicio
450 2962 635 3024 Sauerrione
651 2966 686 3027 P.

240 3040 418 3119 Sempronio
437 3047 540 3124 Sopho
558 3055 686 3110 consuli-

238 3130 311 3187 bus:
333 3130 389 3206 sig.
413 3164 447 3176 -
474 3134 524 3194 ΡΜ
550 3138 686 3198 meliores·

240 3234 294 3294 que
316 3216 409 3278 cedda
434 3227 607 3285 auerrione:
636 3228 687 3285 sed

242 3304 290 3369 10,
308 3306 334 3362 0.
359 3315 387 3362 et
404 3308 433 3364 ln
450 3309 473 3366 P
493 3314 624 3391 scriptum
645 3324 689 3374 eat

241 3384 295 3455 ,,Ρ.
308 3387 429 3470 Sulpicia
442 3395 604 3459 Sauerrione
612 3407 639 3463 “.
651 3435 686 3449 -

241 3471 277 3530 P:
295 3481 351 3537 cci.
367 3480 410 3538 ll:
428 3493 518 3546 candi.
530 3488 619 3546 -Με
631 3489 687 3547 sul·

197 3600 200 3609 .
240 3559 318 3633 pitie.
335 3594 372 3610 —-
388 3566 417 3626 Μ
428 3591 464 3631 m.
481 3575 520 3634 1.:
538 3573 639 3650 legatos
651 3575 687 3632 de

240 3663 307 3723 ptoe
312 3667 386 3709 mma
393 3659 496 3720 misene.
508 3680 543 3720 m.
551 3665 591 3721 3.:
602 3668 686 3721 rama'.

187 3732 214 3789 7.
242 3737 376 3827 oratione
389 3744 552 3805 ultrocitro
568 3749 687 3807 habita.-
758 3750 804 3813 15.
832 3763 960 3812 ceterum
974 3775 1031 3830 per
1051 3759 1165 3815 melica·
1182 3776 1274 3814 annos

239 3816 278 3923 ld=
301 3840 337 3867 e..-
361 3827 398 3886 P:
417 3840 478 3890 utro
497 3838 575 3894 citro.
600 3863 635 3880 ···
657 3836 686 3894 Μ
827 3843 884 3900 sub
901 3842 954 3913 (Ρι
972 3842 1151 3920 eap)apecie'
1163 3844 1274 3920 infidae

239 3926 277 4013 m:
299 3912 339 3972 1.:
364 3915 399 3973 de
419 3939 487 3995 pace
512 3925 607 3999 trasigi
635 3943 685 4001 po·
824 3931 910 4004 pecie
933 3931 1063 4004 quietas:
1090 3931 1149 3991 ΡΜ.
1178 3962 1214 3975 -
1240 3929 1272 3985 P:

237 3998 345 4082 Qut.
368 4011 455 4066 mila
472 4012 564 4085 trasigi
581 4013 684 4088 petuis·
805 4017 1019 4077 mutauerant.
1034 4020 1079 4061 '-
1107 4016 1172 4077 Pata
1195 4016 1272 4077 simul

237 4093 288 4142 st.
307 4084 448 4149 -Prad
466 4094 683 4157 talamum-
826 4105 956 4165 caman.
1027 4096 1030 4105 ¹
1102 4100 1116 4107 ”

758 2744 803 2812 10.
825 2748 873 2813 ,ad
897 2744 1006 2808 bellum
1030 2744 1187 2827 pacemne
1202 2746 1274 2808 incll·

828 2845 899 2896 nent
921 2837 1029 2895 animi:
1050 2832 1113 2899 ΡΜ.
1139 2870 1179 2881 -
1204 2831 1274 2895 Multi

828 2942 899 2983 rece.
922 2922 1017 2993 cedd:⁴
1042 2923 1080 2981 ad
1100 2921 1208 2982 bellam
1232 2944 1272 2999 pa·

828 3030 929 3070 cemue.
951 3008 1020 3070 Cod
1036 3004 1153 3079 Kleckt
1172 3010 1209 3069 ad
1226 3009 1274 3067 tet·

807 3170 811 3177 ⁵
827 3092 883 3154 lum
890 3096 1020 3174 pacemne
1027 3092 1179 3157 inclinetur
1189 3098 1273 3157 animi.

827 3208 863 3227 ⁶-
879 3181 910 3243 Μ
919 3206 955 3247 m.
967 3186 1007 3246 aa
1025 3195 1158 3263 canperh
1170 3180 1272 3257 omulal

828 3263 934 3331 senatui
945 3271 1099 3337 relaturum.
1112 3292 1149 3334 m.
1162 3271 1203 3334 la
1214 3292 1273 3330 cen·

826 3369 905 3437 perta
932 3363 1008 3418 amai
1022 3372 1028 3432 Ι
1042 3359 1152 3419 senatui
1179 3355 1273 3419 relatu-

826 3461 895 3508 rum.
912 3446 948 3506 P:
967 3458 1096 3526 conperta
1114 3459 1180 3507 offis
1197 3469 1271 3507 sena·

770 3577 772 3583 ,
830 3537 871 3593 tui
888 3528 1041 3596 relaturum.
1059 3569 1094 3580 -
1116 3536 1181 3594 Plll:
1199 3537 1272 3594 decc.

828 3614 937 3685 dantem
955 3618 1111 3683 ex'samnio
1131 3624 1190 3684 ced.
