2618 4590
522 294 632 354 trouu
647 282 695 355 IX.
846 392 851 398 ἢ
1093 278 1161 352 559
1179 314 1182 321 ’

10 439 26 482 ¹
55 471 105 527 tes
126 456 262 527 Romani
290 455 417 551 omissis
445 457 537 549 equis
565 457 606 531 ad
635 457 758 550 primos
785 457 912 527 ordines
933 448 1078 550 pedimin
1099 426 1159 555 p¹er

10 538 23 589 Ι
54 587 143 630 arma
165 587 224 654 per
245 584 379 653 corpora
403 562 577 661 evaserint:
600 587 639 630 ea
661 564 750 632 velut
770 586 854 631 nova
876 563 958 632 inter
978 562 1081 633 fessos
1103 587 1157 632 ex·

10 654 126 736 'ortu
153 666 237 734 acies
265 664 405 736 turbavit
434 668 523 760 signa
551 667 793 781 Etruscorpm:
796 679 924 736 secuta
958 668 1108 736 deinde
1098 680 1157 736 un-

18 783 133 864 petu
148 796 261 841 eornm
276 784 452 865 utcumque
474 772 599 841 adfecta
621 784 690 840 'erat
711 776 817 841 'cetera
831 774 1003 842 multitudo
1025 773 1156 843 tandem

10 866 231 970 'perrumpit
253 879 379 946 ordines
401 878 560 947 hostium.
587 889 666 946 tune
687 877 771 946 vinai
791 878 964 968 pertinatia
986 888 1102 971 coepta
1122 888 1193 947 et⁵

11 972 156 1050 averti
177 982 330 1074 manipuli
353 978 483 1074 quidam
505 992 552 1068 et,
579 993 617 1049 ut
647 983 749 1051 semel
776 982 893 1050 dedere
920 994 1025 1075 terga,
1059 983 1156 1079 etiuin
1275 1020 1279 1037 ι

10 1088 223 1155 certiorem
246 1110 413 1178 capessere
434 1086 553 1179 frigam.
592 1086 647 1156 ille
668 1087 807 1179 primurn
822 1087 891 1156 dies
905 1087 1032 1156 fortuna
1047 1074 1162 1157 vetere⁴

52 1192 250 1261 abundantes
272 1192 488 1261 Etruseorum
507 1191 602 1284 fregit
627 1215 722 1283 opes.
760 1215 891 1260 caesum
916 1191 950 1259 in
977 1191 1045 1261 aeie
1067 1188 1157 1313 quod

51 1297 176 1366 roboris
199 1297 272 1365 fuit:
295 1306 398 1364 castra
420 1306 462 1363 e'o
482 1295 606 1388 impetu
628 1309 729 1390 capta
743 1291 940 1389 direptaque.

120 1530 141 1572 tc
163 1516 266 1592 primos
284 1516 422 1594 proximos
437 1517 443 1586 Ι
459 1515 568 1574 ordines

122 1602 243 1682 peditum
260 1612 311 1660 oet.
329 1600 363 1659 P:
381 1611 412 1659 ut
429 1604 533 1680 equites
545 1610 568 1664 i.

123 1689 232 1746 omissis
258 1691 336 1766 equis
365 1688 400 1746 ad
429 1693 568 1767 proximos

121 1775 243 1853 peditum
261 1785 312 1834 oet.
346 1774 461 1850 margini
476 1787 567 1835 umen

121 1863 226 1920 codicis
249 1861 271 1920 P
293 1882 330 1922 nr.
351 1865 378 1922 2.
398 1864 567 1943 adscriptum

40 1991 45 2001 .
123 1960 164 2006 est
172 1992 189 2019 ,‚
198 1952 331 2026 primos“.
348 1948 425 2010 L'eid.
435 1971 453 2008 1.
461 1950 529 2009 Lov.
539 1954 565 2011 d.

122 2037 168 2097 al.:
188 2037 222 2094 ad
240 2039 378 2116 proximos
393 2038 503 2095 ordines
520 2059 566 2117 pe·

121 2125 215 2185 ditum.
228 2157 261 2168 -
275 2125 349 2184 Num
358 2128 468 2202 antiqua
484 2145 566 2182 manu

118 2217 247 2290 scriptum
258 2213 339 2270 inerit
355 2211 413 2281 „ed
424 2215 564 2291 proximos

117 2311 146 2356 et
161 2301 264 2378 primos
282 2299 391 2358 ordines
402 2299 524 2379 peditum
530 2302 565 2358 “t

120 2418 154 2430 -··
180 2385 224 2445 Cf.
248 2389 299 2456 30,
322 2390 379 2447 34:
409 2388 457 2464 qni
482 2387 564 2463 primi

119 2486 195 2531 erant
204 2475 302 2531 hastati
313 2495 364 2554 per
372 2473 493 2532 cumulos
504 2494 564 2532 cor·

118 2582 215 2640 porum
227 2581 415 2640 armorumque
431 2571 458 2618 et
474 2562 564 2619 tabern

117 2651 254 2724 sauguinis
284 2669 336 2724 qua
363 2651 477 2726 quisque
502 2654 563 2726 pot·

118 2745 176 2793 erat
192 2745 334 2811 sequentes
352 2734 466 2793 hostem.

63 2828 91 2886 2.
117 2844 155 2882 eu
170 2823 253 2880 uelut
268 2840 349 2877 noua
366 2821 443 2876 inter
453 2820 564 2892 fessos

118 2919 227 2969 exorto
237 2910 318 2966 acies
329 2908 463 2964 turbauit
474 2908 564 2986 signo

117 2999 328 3062 Etruscorum:
358 2993 386 3051 tt
412 3015 449 3053 m.
476 2995 502 3053 2.
525 2992 562 3051 P:

32 3141 36 3146 .
116 3106 178 3143 nam
201 3103 236 3141 m.
261 3087 285 3143 1.
310 3085 339 3139 in
356 3080 383 3138 Μ
404 3101 459 3139 vox
481 3082 563 3139 acies

116 3172 305 3251 praetermissa
332 3180 397 3229 erat.
424 3200 460 3214 -
488 3168 563 3226 Dein

115 3259 204 3336 primo
231 3258 362 3332 scriptum
391 3266 449 3312 erat
478 3257 507 3313 in
533 3254 562 3313 Μ

116 3343 258 3416 „secunda
281 3343 415 3411 deinde“‚
440 3342 490 3399 sed
517 3364 561 3400 eu·

93 3434 177 3491 dem
194 3450 289 3487 manus
312 3431 421 3506 antiqua
443 3431 562 3487 restituit

399 3515 448 3572 ΡΜ
455 3514 532 3576 Laid.
542 3536 560 3576 ι.

114 3529 218 3578 secuto
228 3518 389 3576 deinde.—

115 3606 162 3668 ὼ
181 3616 272 3662 secuta
285 3603 382 3663 deinde
395 3606 503 3678 impetu
515 3624 559 3660 eo·

114 3714 174 3751 rum
200 3703 344 3769 utcumque
370 3691 475 3748 adiecta
502 3698 560 3749 erat

115 3791 202 3838 cetera
217 3779 360 3837 multitudo
372 3778 480 3835 tandem
498 3797 559 3856 per·

115 3870 217 3944 rumpit
229 3868 339 3925 ordines
350 3865 481 3924 hostium:
495 3864 557 3935 „als
583 3944 586 3951 Ι
642 3936 646 3945 ¹

112 3957 178 4027 jatnt
201 3953 286 4014 durch
308 3953 362 4010 den
378 3953 558 4011 stdrrnisuhen

112 4042 222 4119 Angriff
236 4041 286 4098 der
296 4039 385 4098 Ritter
399 4042 449 4098 mit
459 4044 557 4120 fortge·
570 4052 594 4097 at

114 4132 201 4195 rissen
220 4131 348 4215 (propria
369 4127 436 4198 „bei
454 4127 556 4186 diesem

708 1515 888 1575 stdrmiachen
913 1515 1041 1591 Angriff“
1048 1519 1059 1586 )
1085 1512 1155 1574 auch

708 1601 1028 1681 diattbrigen'l'rnppen,
1043 1602 1154 1661 witer-
1269 1592 1273 1603 ⁴

656 1714 658 1719 ’
708 1690 801 1748 nudet
824 1693 864 1747 aie
885 1690 954 1748 anuh
976 1692 1073 1749 immor
1094 1691 1154 1748 sein

653 1777 679 1823 ν’
709 1777 849 1847 mediter,
869 1778 984 1854 foigten,
1005 1777 1038 1834 da
1057 1776 1154 1835 dnruh·

708 1863 825 1923 bruchen
841 1867 883 1921 sie
904 1863 1011 1921 endlioh
1030 1861 1154 1921 die-Rei·
1206 1908 1209 1914 .

708 1953 761 2011 hen
780 1952 829 2009 der
839 1951 973 2010 Feinde“.
990 1950 1035 2008 Ad
1051 1960 1155 2009 secuto
1260 2022 1263 2027 Ι

707 2039 788 2098 facile
808 2037 930 2116 suppleri
955 2047 1048 2115 potest
1072 2039 1153 2114 eqni·

705 2137 769 2196 tes,
796 2136 824 2182 et
840 2124 972 2184 ablativus
990 2127 1100 2200 impetn
1117 2126 1153 2182 si·

705 2213 817 2291 gnificat
833 2223 880 2270 aut
903 2232 989 2283 „enm
1010 2221 1086 2271 tante
1102 2214 1153 2271 im·

706 2312 771 2380 patu
793 2303 901 2379 equites<
922 2299 1042 2357 hostium
1068 2301 1154 2357 aciem
1217 2368 1226 2385 .

705 2387 886 2446 invaderent“
905 2397 950 2444 ant
967 2407 1051 2456 „cum
1068 2387 1153 2466 pedes

705 2479 811 2554 equites
833 2483 908 2531 tanto
931 2476 1035 2553 impeto
1050 2477 1080 2531 in
1103 2475 1152 2531 ho·

705 2574 761 2621 stes
797 2563 978 2638 ingredientes
1017 2561 1152 2622 videraut.

704 2650 741 2708 Et
760 2649 898 2706 Bekierus
920 2651 1058 2722 impetum
1071 2651 1151 2705 ‘nuri-

705 2739 770 2814 psit,
788 2756 848 2792 enm
860 2736 1041 2791 accusativum
1054 2755 1087 2791 ex
1105 2755 1151 2791 ae·
1252 2734 1255 2743 '

705 2831 774 2877 cuia
791 2820 908 2898 pendere
925 2829 1038 2896 putaret.
1056 2850 1091 2863 -
1109 2820 1149 2878 tt:
1179 2852 1184 2868 x

704 2918 769 2965 tune
786 2910 858 2965 uinci
871 2909 988 2986 ptinatia
1010 2916 1106 2984 coeptu
1123 2917 1151 2964 et

704 2997 789 3052 auerti
807 2995 936 3074 manipuli
955 2995 1063 3073 quidem
1081 3005 1108 3051 et
1120 3005 1151 3052 ut

704 3093 755 3142 oet.
767 3082 993 3144 Leid.1L..ovt
1004 3084 1148 3139 tumuinoi.

650 3170 678 3224 7.
698 3169 831 3241 fortuna
849 3181 964 3228 uetere:
957 3152 1008 3226 Μ
1027 3171 1076 3244 aL]
1094 3170 1147 3227 ior

703 3266 767 3312 tuna
789 3261 944 3317 veteri-
970 3256 1088 3315 PVoas.
1106 3276 1147 3316 u..

704 3343 811 3399 fortuna
824 3354 937 3402 uertere.
949 3373 984 3385 -
997 3342 1048 3401 id:-
1058 3355 1146 3417 eastra

701 3451 734 3487 eo
757 3433 858 3508 impetu
883 3439 958 3508 capta
981 3430 1147 3509 direptaque.

702 3517 737 3574 P:
755 3528 864 3586 „eastra
881 3537 975 3574 eornm
987 3520 1089 3596 impetp
1104 3540 1148 3576 cu·

700 3614 746 3681 pta
756 3604 944 3683 direptaque“.
961 3605 1146 3682 Dutturitgi-

699 3701 744 3747 tur
761 3702 851 3769 potest
867 3713 903 3748 an
919 3712 981 3751 enm
996 3694 1145 3770 Doeringio

700 3780 806 3836 eodem
835 3782 943 3855 impetu
972 3780 1145 3839 scribendum

699 3869 749 3923 sit:
767 3869 819 3935 „in
837 3866 939 3925 diesem
956 3869 1048 3928 Sturm
1067 3867 1145 3925 ward

697 3953 776 4011 auch
788 3954 836 4010 das
847 3952 934 4031 Lagei·
945 3957 1081 4015 erobert“.
1097 3975 1145 4012 ve·

698 4041 1142 4120 rumnondesuntquaeillumuon·

697 4130 826 4186 tenturam
844 4128 1125 4189 refellerevideuntnr.
