2618 4590
494 206 604 267 LIBER
620 208 677 273 vlt
959 262 964 269 ,
1076 194 1141 266 215

37 367 257 460 nequiverant,
280 360 339 458 per
360 391 493 458 campos
515 369 746 461 maritumaque
767 370 839 438 loca
854 371 925 460 vagi
943 369 1140 461 populaban-

38 483 105 557 tur,
126 497 214 540 mare
236 472 387 539 infestum
410 472 565 570 classibus
588 473 784 543 Graecorum
806 485 874 542 erat
896 498 1015 565 oraque
1037 475 1137 543 litoris

33 578 171 645 Antiatis
191 576 399 666 Laurensque
421 587 539 645 tractus
562 588 596 645 et
617 577 741 645 'liberis
771 576 866 662 ostia,
893 589 931 646 ut
956 580 1135 669 praedones

35 681 184 749 maritimi
213 704 288 748 cunr
314 681 512 750 terrestribus
541 684 703 773 congressi
731 683 858 774 ancipiti
884 683 986 751 semel
1015 683 1137 774 proelio
1240 770 1243 781 Ι

54 901 80 960 1.
106 902 323 978 rncrdumaque
333 901 416 958 loca.-
433 899 503 960 Prn.
512 901 549 973 1.]
690 903 839 978 scriptores
862 909 889 956 et
911 902 940 958 tn
959 900 1048 958 modis
1065 911 1093 959 et
1109 902 1138 958 in

105 990 289 1065 maritimaque
301 986 369 1045 locs.
381 1017 415 1029 -
426 985 450 1044 P
461 1006 497 1046 m.
511 989 548 1042 1.:

104 1077 202 1131 merita
233 1093 310 1152 aque.
349 1072 390 1133 M:
424 1075 549 1131 maritum

104 1182 196 1238 aquae.
222 1158 299 1220 Leid.
314 1180 345 1220 n:
367 1162 491 1218 maritum
509 1171 548 1217 at-

78 1288 82 1293 ·
103 1260 163 1325 que.
181 1246 255 1308 Harl.
268 1268 300 1307 r.:
316 1250 546 1326 maturitumaque.

101 1334 145 1394 Gi.
163 1337 190 1403 6,
207 1337 251 1394 31.
269 1333 303 1392 sl.

36 1424 75 1482 ,9.
102 1421 416 1500 orequelitorissntiatis
428 1419 546 1481 laurens-

99 1530 150 1586 que
172 1518 273 1566 tractus
296 1520 324 1567 et
346 1511 441 1567 tiberis
461 1513 544 1568 ostia:

98 1594 130 1655 P.
158 1629 192 1638 -
226 1596 267 1654 di:
294 1616 396 1674 oraque
416 1596 545 1655 litoressn

100 1693 226 1740 naturae
236 1684 378 1742 damnum
389 1693 486 1742 utrum
492 1704 545 1740 na-

99 1771 250 1827 triendum
276 1774 407 1847 patri..
431 1774 548 1828 nreueri

100 1878 191 1931 quam
208 1858 246 1913 ab
258 1878 292 1914 se
304 1859 412 1915 antiatis
426 1856 544 1915 laurens-

98 1964 151 2019 que
169 1953 297 2001 tractatus
315 1954 344 2003 et
362 1945 457 2001 tiberis
475 1946 544 2000 ostia

99 2039 151 2089 cet.
169 2027 214 2088 Gi.
231 2034 258 2101 7,
270 2032 296 2091 d.
312 2034 505 2110 „inpromptus
513 2037 543 2088 “s

98 2127 126 2173 et
146 2121 178 2187 7,
203 2119 246 2178 11.
268 2138 378 2197 „neque
400 2118 465 2176 inde
483 2128 544 2174 ante

97 2225 207 2263 movere
230 2225 310 2283 quam
332 2205 366 2263 ab
383 2226 415 2263 se
434 2225 543 2283 accepe-

40 2354 43 2363 Ι
96 2295 151 2348 rint
167 2295 305 2366 signum“.

40 2382 75 2440 ti,
97 2381 219 2454 ancipiti
241 2381 336 2437 semel
353 2382 469 2456 proelio
491 2381 541 2437 de·

42 2480 62 2536 j
96 2476 245 2524 certarent
267 2468 409 2545 dubiique
431 2468 540 2524 disces·

95 2556 203 2610 serint:
229 2553 295 2629 Pul]
323 2557 434 2633 ancipiti
458 2551 542 2609 semel

92 2640 196 2718 praelio
222 2642 385 2700 decertarint
412 2641 542 2716 dubiique

96 2730 328 2787 discesserint-
346 2730 542 2785 Desertorem

96 2818 126 2872 in
149 2816 273 2871 omnibns
294 2816 432 2891 mscriptis
449 2815 541 2868 inven-

95 2912 152 2959 turn
170 2901 278 2961 ridetur
290 2921 358 2960 esse.
375 2905 404 2956 in
417 2908 542 2977 quattuor

93 3011 163 3049 rece.
194 2988 274 3048 codd.
303 2985 541 3045 Drakenborchius

95 3079 179 3135 dubii
195 3078 390 3135 discesserint
406 3075 487 3143 vidit,
510 3075 540 3130 iu

96 3165 202 3222 duobus
214 3163 275 3222 aliis
287 3167 367 3222 etiarn
380 3164 487 3221 incerti
497 3162 539 3217 ui·

91 3261 157 3310 ctos
178 3274 210 3310 se
231 3273 273 3309 an
301 3255 428 3310 nidores
452 3257 538 3325 puta·

29 3382 32 3389 .
92 3349 166 3396 rent.
185 3370 219 3380 —-
236 3341 426 3397 Decertarint
436 3336 536 3393 Vasco-

90 3445 159 3482 eano
178 3428 328 3502 ceterisque
349 3427 396 3502 qui
417 3444 478 3481 cum
495 3444 537 3479 se·

93 3513 150 3568 cuti
167 3521 243 3579 sunt,
261 3513 402 3570 ridebatur
418 3511 537 3567 scriben-

94 3598 174 3667 dam,
196 3598 270 3676 quod
288 3599 481 3656 discernerent
496 3617 537 3652 ss-

92 3696 219 3764 queretur
242 3706 292 3743 nec
316 3685 450 3743 diversam
471 3694 536 3740 tem·

92 3794 190 3851 porum
224 3775 356 3831 rationem
385 3771 452 3840 haec
482 3770 536 3827 duo

92 3861 174 3917 verbs
191 3865 269 3938 sequi
282 3881 364 3941 posse
375 3859 538 3919 viderentur.

92 3969 185 4006 rerum
202 3959 290 4007 tamen
307 3969 363 4006 non
385 3950 474 4004 minus
491 3944 537 4003 Li·

92 4036 166 4093 viutn
195 4057 274 4113 quam
301 4035 369 4094 alios
396 4033 537 4110 diligentes

690 988 858 1070 temporibus
885 987 1028 1046 verborum
1051 988 1138 1047 direr-

688 1097 734 1134 sas
760 1075 895 1133 interdum
920 1078 1038 1133 rationes
1059 1077 1137 1153 sequi

690 1186 750 1223 cum
759 1162 821 1222 aliis
828 1163 897 1220 locis
907 1171 964 1220 tam
977 1166 1004 1233 1,
1014 1166 1058 1223 19.
1073 1165 1136 1232 ‚‚ri·

688 1255 788 1311 deret“
803 1261 831 1308 et
846 1251 873 1320 1,
888 1253 930 1310 13.
950 1270 1043 1328 „qaae
1060 1259 1137 1328 post·

688 1361 769 1419 quern
792 1348 857 1396 sunt
878 1337 992 1394 sadiw‘
1015 1335 1135 1394 ostendi·

687 1447 756 1495 mus,
774 1447 825 1483 uec
843 1424 956 1482 difficile
969 1424 1076 1483 ridetur
1094 1425 1133 1479 in·

688 1513 804 1582 tellecta,
822 1532 857 1568 ne
874 1512 927 1569 hoc
944 1513 1054 1587 quidem
1071 1511 1133 1567 loco

685 1603 823 1659 carusius
841 1599 930 1676 alique
948 1619 1027 1656 cause
1049 1599 1084 1654 at,
1102 1618 1133 1653 ea

688 1709 741 1765 qus
763 1689 803 1743 uti
826 1688 960 1763 coepisset
982 1695 1133 1761 temporum

687 1775 791 1831 ratione
820 1771 972 1830 deflexisse.
1012 1791 1074 1827 nant
1108 1772 1133 1826 si

685 1863 867 1920 decertarint
889 1868 917 1915 et
942 1859 1136 1917 discesserint

686 1949 849 2026 scripsisset,
871 1965 931 2002 eum
949 1964 1059 2001 necesse
1077 1951 1134 1999 erat

686 2034 806 2093 voluisse
828 2032 895 2089 hscc
917 2031 971 2089 duo
993 2031 1075 2089 rerba
1099 2050 1133 2086 ex

685 2122 782 2179 codem
799 2120 883 2178 verbo
901 2116 1019 2195 pendere
1037 2115 1132 2182 rideri,

684 2209 712 2270 h.
730 2210 812 2284 igitur
829 2204 849 2266 1.
867 2226 900 2263 ex
911 2203 1132 2281 populabantur

683 2304 711 2352 et
729 2294 873 2367 infestum
885 2302 959 2363 erat,
978 2290 1051 2370 quod
1068 2310 1131 2368 pro·
1183 2324 1194 2339 κ

683 2384 743 2439 bari
776 2400 832 2436 non
863 2389 962 2457 potest.
997 2381 1130 2435 nerninem

683 2471 756 2527 enim
773 2467 872 2541 sugerit
890 2466 970 2524 rerba
990 2466 1130 2540 dubiique

683 2555 878 2614 discesserint
891 2573 946 2608 non
957 2553 993 2609 sd
1003 2552 1128 2629 popula·

682 2646 792 2700 bantur
802 2640 852 2698 sed
869 2640 904 2695 ad
916 2642 1038 2715 amirriti
1045 2657 1129 2712 proe-

681 2732 723 2786 iio
735 2725 874 2785 referenda
888 2745 956 2794 esso,
974 2727 1051 2802 quasi
1063 2725 1129 2780 scri-

681 2823 759 2891 ptum
780 2817 818 2869 sit
840 2813 1028 2870 decertarunt
1043 2830 1129 2885 prce·

683 2902 724 2956 tio
748 2899 825 2954 adae
848 2900 971 2974 ancipiti
991 2906 1023 2953 ut
1047 2896 1131 2953 dubii

604 3021 607 3029 ‚
661 2987 889 3054 discesserint,
912 2987 1005 3042 victos
1028 3003 1061 3041 se
1086 3001 1127 3037 nn
1196 3038 1200 3045 ,

681 3075 808 3131 victores
823 3081 972 3151 putarent.
1000 3070 1127 3148 quaeigi-

681 3169 726 3217 tur
743 3169 771 3217 et
782 3179 871 3217 rerum
883 3168 911 3215 et
921 3169 1072 3237 temporum
1083 3177 1126 3213 ra·

679 3252 718 3305 tio
737 3267 797 3304 curn
815 3268 871 3303 non
889 3246 1026 3303 videretur
1043 3240 1125 3317 negli-

678 3335 855 3410 gendenses,
882 3351 967 3408 acque
985 3329 1126 3404 diligenter

679 3417 815 3499 ‚,ancipiti
830 3418 935 3496 proelio
954 3416 1125 3473 decertarent

680 3509 808 3586 dubiique
826 3506 1036 3563 discesserint“
1057 3505 1123 3560 scri·

679 3608 755 3674 ptum
784 3592 892 3650 videtur
919 3613 952 3648 ac
974 3598 1123 3667 putarent,

680 3682 751 3760 qnod
765 3682 877 3739 verbum
886 3679 921 3736 ad
933 3677 1124 3736 discesserint

677 3771 833 3846 pertineret.
842 3763 1122 3836 „OieGallierdurch-

680 3876 764 3932 eogen
776 3855 928 3934 pliadernd
940 3873 994 3911 ron
1011 3852 1067 3909 den
1076 3840 1122 3906 dl-

678 3944 824 4001 banischen
853 3945 956 4017 Bergen
992 3959 1039 3997 aas
1074 3937 1123 3994 das

679 4031 893 4108 umberliegende
910 4027 987 4086 Laud
1005 4027 1060 4086 und
1078 4026 1123 4082 dio
