2618 4590
86 214 152 282 522

88 392 204 458 eodem
233 413 316 457 anno
344 387 489 456 coloniae
516 390 672 455 deductae
701 398 791 454 sunt:
824 387 947 453 Suessa
970 384 1193 451 Auninoomn

89 497 200 579 iuerat,
223 494 332 564 Vulsci
348 492 475 560 Pontias
497 491 633 560 maulam
655 493 748 560 sitam
770 491 802 558 in
825 500 1013 580 conspeetu
1037 487 1193 555 litorissni

89 601 295 669 incoluerant.
324 609 357 666 et
372 598 584 665 Interamnam
598 623 637 666 ac
656 597 808 666 Casinum
822 607 859 664 ut
875 596 1107 664 deduceretur
1127 592 1195 660 cois

158 761 226 818 ima.
244 756 372 834 Sigonius
384 756 493 834 quidem
506 779 538 815 ex
550 778 600 815 suo

156 846 227 905 libro
253 847 382 923 mseripto
400 844 552 914 „Suessam
575 853 602 900 et

155 933 282 992 Pontiam
291 939 308 966 ‘⁶
318 932 402 990 scribi
415 932 508 1000 voluit,
521 952 601 1010 quarn

155 1020 292 1080 scribendi
311 1025 442 1079 rationem
464 1040 529 1077 sanc
548 1022 601 1077 usi·

156 1111 280 1167 sartorem
299 1109 382 1167 fuisse
395 1129 455 1166 curn
467 1107 543 1166 multi
556 1108 602 1166 alii

155 1196 211 1254 loci
235 1207 291 1253 tum
313 1198 365 1264 34,
387 1197 448 1264 45.,
476 1218 529 1274 quo
548 1218 602 1254 uno

155 1284 218 1342 loco
245 1286 333 1341 sexies
360 1280 406 1340 illc
436 1285 602 1342 aecusativus

156 1373 261 1447 legitur,
272 1368 384 1427 docent:
399 1391 453 1427 non
463 1373 551 1430 minus
563 1381 601 1429 ta·

157 1479 218 1516 meu
228 1459 309 1515 iatine
318 1460 511 1518 nominativum
519 1461 602 1517 scribi

155 1548 278 1623 potuisse
295 1555 322 1602 et
333 1545 428 1606 Livius
442 1550 502 1625 ipse
514 1558 602 1604 osten·

108 1710 111 1715 ι
156 1632 199 1691 dit
218 1636 242 1702 1,
260 1636 287 1694 3.
306 1635 557 1703 „interliminium
575 1646 602 1691 et

155 1719 359 1797 Albsmlongam
389 1723 530 1781 deductam
557 1744 600 1779 co·

155 1809 256 1867 lonium
278 1813 386 1885 triginta
410 1811 493 1868 ferrus
519 1813 600 1867 inter·

155 1897 229 1954 fuere
248 1900 343 1967 auni“‚
362 1898 435 1977 quod
447 1900 530 1956 scribi
545 1919 601 1955 non

154 1986 289 2063 potuisset
307 1989 360 2042 nisi
368 1987 540 2066 Aldulonga
552 1987 601 2043 ds·

156 2073 247 2130 ductu
263 2075 383 2131 colonia
404 2073 487 2131 latim
508 2083 602 2154 posset

154 2159 223 2228 diei,
254 2171 281 2217 et
303 2160 372 2219 vell.
401 2162 457 2222 Pet.
486 2165 516 2230 1,
544 2164 601 2220 it:

155 2248 298 2316 „Sutrium
314 2249 428 2306 deducta
442 2249 546 2306 colonia
559 2259 601 2304 est

154 2343 181 2389 st
198 2344 261 2411 post
272 2356 372 2392 anuum
381 2336 474 2392 Setina
491 2356 600 2392 novem·

154 2440 207 2496 que
224 2422 373 2478 interiectis
394 2426 472 2479 annis
489 2422 602 2500 Nepe“:

155 2515 245 2574 „tunc
266 2507 335 2563 Sora
357 2518 437 2586 atque
461 2509 531 2567 Alba
556 2510 601 2565 de-

155 2594 251 2652 ductae
280 2595 402 2654 coloniae
429 2606 456 2653 et
477 2596 600 2674 Carseoli

152 2682 600 2763 pastbiennium“=al.quiomnes

151 2769 208 2829 loci
225 2773 387 2849 persuadere
402 2773 537 2842 ridentur,
555 2797 597 2831 ac·

151 2878 206 2937 que
217 2857 299 2917 latine
312 2862 505 2919 nominativum
518 2872 599 2940 atque

133 2950 332 3005 ·sceusativum
351 2969 412 3005 cum
434 2949 488 3005 hoc
505 2952 598 3009 dedu·

150 3054 218 3092 ecre
235 3037 361 3108 coniungi
378 3037 509 3111 potuisse.

100 3122 123 3180 1.
151 3121 267 3180 Suessa
295 3121 503 3179 Auruncorum
525 3124 597 3196 sue·

150 3217 215 3266 rut:
239 3207 296 3269 ΡΜ.
318 3239 354 3252 -
375 3207 398 3266 Ρ
416 3207 493 3269 Laid.
509 3230 527 3268 1.
550 3211 597 3268 at:

149 3296 236 3355 uolsci
252 3299 361 3376 pontias
384 3297 498 3355 insulam
516 3301 596 3356 sitam

149 3386 177 3442 in
197 3396 344 3460 conspectu
360 3384 503 3443 litorissui
522 3390 594 3445 inco

146 3471 261 3533 lucrant.
277 3472 306 3530 Μ
321 3494 356 3534 m.
371 3477 410 3533 l.:
429 3475 515 3533 uolsci
527 3496 593 3552 pou-

148 3560 200 3616 tiss
217 3559 334 3620 insulam
350 3563 430 3619 sitam
442 3564 471 3620 in
484 3583 595 3640 conspe-

148 3657 194 3704 ctu
228 3647 303 3705 litori
338 3652 381 3705 sui
417 3649 594 3709 incoluerunt.

147 3755 184 3794 m.
192 3736 234 3793 d:
246 3738 362 3813 „pontia
372 3769 406 3780 —
416 3737 504 3796 litoris
513 3739 593 3794 sui‘·:

132 3822 271 3900 idemque
287 3823 428 3882 Pontium
449 3829 478 3883 in
503 3825 594 3883 multis

146 3928 216 3969 rece.
234 3910 312 3969 libris
328 3912 412 3973 Drain
431 3914 572 3992 reperitur.

93 3996 119 4053 3.
148 4005 177 4052 et
188 3999 390 4057 Interamnam
401 4021 439 4058 uo
450 4002 593 4057 Casinum

147 4089 180 4139 ut
195 4083 394 4147 deduceretur
409 4076 530 4146 coloniis
547 4107 591 4145 sc·

742 759 807 814 nuti
822 756 995 813 corssultum
1003 750 1136 828 suctum
1147 752 1194 823 est]

743 854 769 900 et
787 843 938 900 Interamna
965 850 997 898 ct
1018 838 1155 898 Casinum
1173 848 1193 895 ut

743 931 942 989 deducerentur
952 928 1091 986 colonias
1101 937 1194 986 senatu

743 1019 895 1077 consultum
918 1020 1030 1074 factum
1055 1026 1111 1078 est.
1133 1014 1195 1071 -P

743 1107 819 1168 Leid.
836 1128 854 1164 r.
877 1106 938 1166 cod.
963 1104 1089 1163 Kiock.:
1118 1114 1147 1161 ct
1164 1106 1194 1161 is

744 1206 846 1253 terrun
865 1197 989 1251 casinum
1011 1203 1046 1251 ut
1062 1193 1193 1251 deducere·

743 1292 787 1341 tur
810 1283 916 1341 colonia
940 1285 991 1342 sic.
1025 1282 1134 1339 sactum
1156 1289 1192 1337 ut

743 1369 783 1427 M:
797 1379 824 1426 et
836 1373 940 1427 interna
955 1371 1085 1426 casinam
1101 1374 1109 1442 Ι
1124 1367 1192 1426 ntds·

744 1457 887 1514 duceretur
898 1455 1009 1514 colonia
1030 1459 1085 1514 sic.
1104 1457 1192 1514 factu

743 1555 793 1606 est.
808 1576 842 1587 -
859 1547 1077 1603 Interamnam
1094 1544 1192 1624 scripsi

743 1653 812 1702 mus,
830 1632 904 1709 quod
917 1632 1052 1691 codicum
1067 1636 1192 1713 scriptun

743 1724 888 1778 internum
906 1720 932 1778 h.
951 1717 970 1777 l.
995 1720 1141 1797 postulare
1157 1742 1190 1777 aa

743 1809 892 1866 curativum
921 1807 1087 1878 ridebatur,
1117 1819 1144 1866 ct
1166 1806 1190 1867 [ι.

744 1900 794 1964 10,
816 1897 861 1953 36.
888 1893 1101 1963 „Interamnam
1127 1896 1189 1954 cois·

744 1986 815 2040 niam
834 1983 1008 2040 Romansm“
1032 1986 1133 2042 scribit
1148 2005 1189 2042 nee

744 2070 809 2128 alibi
828 2071 918 2138 tradit,
937 2091 992 2148 quo
1011 2093 1089 2129 anno
1103 2094 1135 2128 ea
1151 2092 1188 2128 co·
1225 2130 1227 2137 ,

742 2159 813 2215 ionia
833 2157 946 2216 deducta
966 2160 1012 2216 sit.
1033 2161 1070 2216 cs.
1090 2179 1188 2237 quoquc

743 2246 810 2305 Veli.
830 2249 854 2314 1,
874 2249 916 2307 ii.
944 2246 1015 2304 Tum
1033 2251 1187 2324 scripsimus

742 2355 803 2391 cum
815 2333 835 2390 l.
844 2333 890 2393 fr.
900 2333 1043 2393 Gronovio
1056 2357 1103 2405 ac,
1121 2335 1187 2413 quod

744 2420 829 2479 altero
846 2421 907 2478 loco
925 2432 954 2479 ct
978 2425 1007 2479 in
1030 2423 1109 2480 nullo
1127 2425 1186 2479 snti-

743 2530 798 2586 quo
824 2509 895 2566 libro
921 2512 1006 2579 inest,
1035 2532 1089 2567 uec
1114 2511 1187 2568 huius

743 2596 799 2654 loci
810 2599 910 2654 rationi
926 2607 981 2666 „et
992 2628 1024 2640 -
1035 2605 1091 2655 01⁴⁶
1101 2609 1186 2674 aptum

742 2684 856 2752 videtur,
874 2693 902 2740 et
918 2685 993 2761 quod
1005 2685 1115 2745 litterae
1125 2687 1186 2744 duaa

741 2774 800 2829 eius
828 2773 974 2849 particulae
1002 2786 1117 2853 propter
1142 2776 1186 2830 cir-

740 2862 928 2918 cumstantium
946 2861 1100 2922 litterarum
1117 2862 1185 2918 simi-

739 2947 883 3005 litudinem
910 2946 1038 3006 ticiliin're
1066 2949 1185 3006 excidere

738 3043 872 3113 poterant.
909 3035 1017 3094 Seresti
1034 3057 1101 3095 vcro
1122 3056 1185 3094 cors·

740 3122 853 3178 saltum
871 3122 965 3179 andem
982 3125 1043 3181 iure
1060 3122 1095 3184 ir.
1113 3125 1132 3183 Ι.
1148 3143 1186 3179 re·

739 3209 905 3266 stituendum
925 3210 1069 3268 videbatur
1091 3231 1146 3288 quo
1162 3210 1185 3278 5,

737 3299 782 3356 51.
807 3296 841 3355 al.
866 3328 900 3339 -
926 3297 1034 3354 Deinde
1058 3300 1185 3376 seriptum

736 3393 779 3441 est
809 3386 837 3440 in
867 3384 930 3443 ΡΜ·
952 3386 1031 3455 (cod.
1060 3385 1184 3456 Kloekta

737 3473 811 3540 „sed
830 3475 985 3530 triumuiros
1010 3494 1139 3533 cmsuere
1156 3494 1185 3530 aa

736 3561 835 3616 misero
865 3559 1023 3621 colonorum
1059 3569 1184 3640 quattuor

737 3647 811 3704 milia
824 3650 995 3725 insequentes
1007 3655 1080 3708 cois.
1094 3657 1132 3710 sir.
1142 3669 1183 3706 us·

737 3732 819 3793 leuius
836 3743 865 3815 p.
882 3736 975 3793 decim
992 3741 1024 3795 riu
1042 3736 1147 3794 salerio
1159 3741 1182 3815 p.

736 3822 817 3881 decio
846 3830 902 3882 coi.
934 3824 1103 3901 profligato“
1135 3832 1182 3881 cet.

735 3919 921 3987 praeterquam
946 3909 1021 3988 quod
1048 3913 1078 3967 in
1101 3910 1130 3967 Μ
1159 3918 1185 3966 et

734 3998 834 4055 detiua
864 4007 892 4053 et
920 3999 1000 4055 detio
1029 3999 1112 4057 inest.
1150 4028 1181 4039 -

733 4083 812 4147 Isiu
829 4104 848 4146 r.
872 4085 949 4144 Voss.
966 4105 991 4145 n.
1016 4084 1064 4144 ain
1089 4087 1182 4156 „iusc-
