2618 4590
172 284 238 396 nt
634 254 833 358 numu..

170 486 236 555 que
257 485 333 530 eum
355 472 445 552 parte
467 460 662 552 collegumm
690 471 723 529 et
744 484 811 530 uno
832 483 873 527 ex
902 459 1035 529 tribunis
1056 459 1193 527 militum
1215 461 1271 528 Fa·

173 567 245 651 bio,
267 567 403 635 artifices
425 567 489 633 iarn
510 576 560 634 tot
581 588 738 634 annorum
759 588 821 632 usu
842 566 995 632 tractandi
1018 565 1141 633 animos
1162 564 1273 656 plebis,

91 674 94 679 ’
173 672 327 763 primores
354 683 482 762 patrum
512 670 687 761 productos
713 671 937 759 interrogando
965 670 1007 738 de
1022 671 1162 762 singulis
1190 695 1272 762 quae

170 777 351 845 ferebantur
373 778 413 844 nd
435 776 593 867 populum
615 774 802 864 fatigabant:
831 776 1024 843 auderentne
1044 775 1208 866 postulare
1229 788 1273 856 ut.

141 894 246 952 deum
267 883 340 948 bina
361 881 468 971 iugero
485 879 557 969 'agri
569 879 657 968 plebi
671 879 893 963 dividerentur,
913 879 991 970 ipsis
1012 881 1085 971 plus
1101 879 1271 971 quingenta

93 988 96 995 ’
171 986 279 1077 iugera
299 985 420 1077 ,habere
448 985 558 1052 liceret
584 994 622 1050 ut
647 984 762 1073 singrdi
789 1009 889 1076 prope
917 995 1134 1053 trecentomm
1155 986 1272 1053 eivirun

172 1092 372 1182 possiderent
399 1111 506 1179 agros,
538 1088 667 1178 plebeio
694 1087 815 1156 homini
844 1090 898 1158 vix
926 1088 967 1156 ud
988 1101 1110 1157 tectum
1131 1114 1273 1158 neeessa-

172 1195 255 1262 rimn
272 1206 332 1262 eut
352 1193 462 1261 loeum
484 1194 667 1284 sepulturae
689 1216 766 1260 suus
795 1205 920 1285 pateret
941 1197 1037 1286 ager?
1069 1220 1110 1262 an
1133 1196 1274 1286 placeret

174 1299 284 1368 fenore
306 1299 556 1366 circumventam
581 1298 726 1389 plebem,
758 1300 791 1366 ni
818 1299 1046 1392 potiusquam
1070 1311 1157 1367 sorte
1177 1299 1273 1366 eredi·

244 1461 279 1473 -
297 1428 348 1488 PM
365 1427 439 1488 llnrl.
457 1448 490 1488 ut
510 1422 613 1487 se'xtius
631 1429 690 1486 liei-

244 1521 307 1575 nius
316 1517 379 1595 'qui
399 1536 460 1574 enm
481 1526 558 1594 perte
576 1517 690 1594 eollege-

245 1626 313 1669 rum.

192 1695 219 1753 4.
244 1695 429 1751 auderentne
444 1693 617 1770 postulare.-
635 1691 692 1752 Ptt.

245 1802 280 1822 -Δ
291 1778 370 1839 Leid.
384 1799 415 1839 u:
433 1780 563 1837 auderent
573 1801 627 1836 nec
641 1800 690 1857 po·

245 1864 354 1926 stulnre.
371 1899 405 1909 -
424 1865 544 1926 llnrl.1.:
563 1864 691 1923 diuiden-

244 1964 298 2014 tur.
325 1987 359 1998 -
389 1952 426 2012 Pi
453 1953 536 2033 „plus
560 1956 691 2033 quinquu-

243 2036 316 2119 gintn
339 2044 469 2117 iugera“:
498 2041 562 2099 dein
588 2045 690 2119 equiu-

247 2136 413 2206 quugenta“.
425 2160 458 2175 ··-
470 2127 544 2188 llerl.
556 2149 573 2186 r.
584 2139 691 2186 etreee.

246 2216 321 2291 quid.
333 2215 426 2275 codd:
445 2215 575 2293 „plebeio
587 2216 691 2273 homini

245 2302 280 2357 ad
291 2311 392 2360 tectum
402 2303 583 2358 necessarium
595 2312 640 2359 aut
651 2302 691 2359 lo·

246 2408 306 2445 cum
324 2389 477 2468 sepulturae
494 2409 559 2446 suus
571 2393 627 2448 uix
643 2413 691 2469 pa-

245 2483 315 2531 teret
326 2481 418 2551 nger“.
436 2477 469 2537 cl.
483 2476 515 2536 Τ.
527 2475 590 2535 Livi
601 2476 692 2538 tm

243 2582 272 2639 p.
289 2582 371 2621 xuvn.
390 2586 415 2625 r.

191 2647 218 2706 9.
244 2652 279 2705 ni
295 2654 397 2727 potius
421 2671 511 2727 quum
529 2660 614 2709 sorte
630 2673 691 2709 cre·

117 2799 121 2809 ¹
243 2736 340 2794 ditum
362 2740 481 2796 soluat:
507 2738 574 2799 Pdt.
601 2741 626 2799 1.
647 2742 691 2811 3.]

242 2828 334 2900 potius
352 2846 432 2903 quum
450 2834 501 2886 eet.
512 2857 546 2873 ·-
558 2826 621 2884 Pll:
640 2829 692 2896 „ui

242 2914 335 2985 potius
353 2933 433 2990 quum
443 2924 547 2972 sortem
559 2916 692 2972 creditum

245 2997 367 3056 soluat“.
396 3000 460 3055 hinc
483 3022 553 3062 rere.
581 3002 692 3079 quidum

182 3086 185 3091 “
246 3081 340 3140 codd:
360 3086 409 3149 „ni
427 3089 518 3162 potius
536 3107 616 3163 quarn
632 3108 691 3145 sor·

170 3210 174 3219 .
244 3175 302 3224 tem
337 3169 474 3227 creditum
501 3173 620 3234 soluut“.
656 3206 692 3217 -

243 3253 323 3315 lluue
346 3256 435 3316 locum
466 3260 540 3317 docti
568 3260 691 3319 homines

242 3343 462 3406 malevexrrunt.
480 3347 600 3406 litemus
608 3350 691 3407 scribi

242 3429 329 3487 voluit
345 3435 397 3502 „ni
414 3433 476 3513 plue
495 3456 576 3513 quem
591 3447 691 3494 sortem

243 3518 372 3576 creditum
400 3520 525 3579 solrut“:
560 3522 690 3581 Kloclius

244 3606 296 3670 „ni
313 3603 380 3661 illud
391 3611 483 3683 potius
497 3630 577 3686 quum
588 3623 689 3668 sortem

245 3689 373 3748 creditam
402 3695 507 3753 solvat.-
541 3697 689 3755 Salmasius

243 3777 296 3841 „ui
313 3780 396 3834 totius
408 3791 507 3839 sortem
520 3785 616 3842 crediti
634 3786 687 3842 sol·

244 3868 324 3920 vrt“:
342 3863 364 3924 Ι.
376 3865 419 3922 Fr.
434 3869 588 3928 Gronovius
599 3876 633 3929 m'
644 3873 689 3930 de·

227 3942 309 4009 ‚levit
326 3968 439 4029 eumque
461 3959 624 4015 recentiores
645 3979 687 4015 se·

243 4036 300 4092 euti
314 4047 386 4097 suut.
421 4039 479 4099 Nec
501 4052 590 4103 tamen
607 4047 687 4124 quid·

241 4138 323 4195 quam
339 4126 469 4203 integrius
484 4132 591 4191 ridetur
607 4153 687 4210 quem

831 1429 904 1509 quod
921 1429 1009 1488 littera
1027 1451 1056 1488 m
1073 1431 1148 1488 vocis
1165 1439 1274 1488 sortem

830 1518 918 1575 deletu
947 1521 977 1576 in
1005 1519 1165 1576 melioribus
1198 1516 1274 1572 libris

831 1607 956 1665 omnibus
980 1607 1183 1683 scriptumest.
1215 1602 1274 1662 'l'ri-

832 1693 897 1751 buui
918 1696 1000 1769 igitur
1010 1690 1213 1771 quaesiverunt,
1233 1711 1274 1747 re·

832 1801 949 1859 quuume
973 1799 1033 1836 esse
1056 1783 1147 1837 leuore
1165 1779 1276 1835 obrutos

833 1866 867 1924 de
890 1868 949 1925 loro
974 1866 1098 1924 addictos
1119 1864 1196 1934 dnei,
1224 1865 1276 1920 nini

833 1954 963 2014 creditum
981 1964 1055 2012 sorte
1072 1975 1124 2011 nna
1138 1974 1198 2011 eum
1215 1972 1276 2010 nsu-

832 2046 871 2101 ris
888 2044 994 2103 solvere
1005 2051 1123 2120 possent.
1142 2041 1194 2097 lroe
1207 2041 1276 2097 enirn

833 2151 915 2188 onere
931 2131 1074 2209 plerosque
1089 2129 1275 2207 pessumdetur

833 2219 928 2288 luisse,
957 2219 1030 2297 quod
1052 2237 1148 2274 usurae
1171 2234 1276 2293 semper

832 2317 933 2363 sortem
944 2315 1102 2382 mergerent,
1118 2302 1211 2360 multis
1229 2304 1275 2360 lm·

832 2396 875 2450 ius
901 2394 965 2451 libri
988 2393 1095 2451 Liviani
1118 2392 1186 2448 loeis
1212 2391 1274 2466 legi·

832 2500 901 2537 mus.
923 2482 1017 2538 larum
1035 2500 1177 2537 usurarum
1194 2480 1273 2554 rigni·

832 2569 985 2625 ficationem
1002 2568 1127 2625 hocloco
1138 2565 1233 2624 Livius
1247 2567 1276 2621 in

832 2677 901 2713 vnce
915 2659 1015 2732 potius
1032 2660 1122 2714 inesse
1132 2655 1226 2722 voluit,
1243 2673 1277 2708 ne

832 2743 862 2800 iu
889 2743 992 2801 eisdem
1021 2746 1101 2800 rebus
1129 2739 1276 2800 referendis

832 2851 940 2910 semper
952 2831 1049 2889 eodem
1061 2829 1169 2887 dicendi
1182 2847 1276 2904 genere

834 2930 963 2989 uteretur,
982 2918 1012 2976 id
1029 2912 1102 2996 quud
1116 2917 1211 2973 doetus
1229 2915 1275 2970 lo·

833 3009 919 3064 mines
946 3007 1046 3083 fugisse
1068 3004 1183 3062 ridetur.
1217 3021 1275 3059 ver·

832 3093 926 3151 meula
949 3095 1031 3167 igitur
1052 3092 1140 3166 lingna
1163 3089 1276 3146 lortnese

832 3180 920 3237 dieas:
939 3180 1031 3249 „oder
1048 3181 1083 3236 ob
1101 3181 1142 3235 uie
1159 3197 1189 3233 ee
1207 3177 1275 3233 billi-

830 3287 882 3343 gen
906 3268 1050 3335 lrttnntem.
1068 3266 1130 3323 dass
1153 3265 1202 3322 des
1222 3284 1276 3323 rou

833 3354 882 3411 der
916 3354 1106 3412 Schuldenlnet
1140 3352 1276 3426 niederge·

832 3442 943 3499 druclte
960 3443 1031 3501 Vollr
1054 3440 1277 3498 seiner.l'reilreit

830 3530 960 3606 verlustig
971 3532 1047 3607 gelre,
1064 3549 1145 3586 weun
1158 3548 1187 3584 er
1201 3527 1276 3585 nieht

830 3617 917 3675 lrttlrer
944 3618 984 3674 als
1005 3621 1055 3676 mit
1083 3617 1153 3681 dem,
1171 3615 1275 3672 blolseu

830 3703 954 3784 Capitale
977 3707 1026 3762 due
1048 3704 1184 3778 Geborgte‘
1209 3705 1274 3760 wie-

831 3791 1021 3852 derbezelrle“.
1041 3824 1075 3835 ·-
1093 3791 1124 3848 Ιη
1141 3791 1168 3846 Μ
1184 3793 1273 3869 primo

828 3881 959 3957 seriptum
980 3888 1038 3935 erat
1060 3888 1129 3947 „unt
1156 3877 1273 3955 placeret

828 3965 952 4033 lenere“‚
984 3967 1034 4023 sed
1063 3966 1161 4023 deiude
1186 3976 1200 4022 t
1229 3988 1272 4023 ex·

827 4063 956 4127 punctum
974 4065 1024 4112 est.
1041 4082 1077 4096 -
1101 4053 1135 4109 Pr
1153 4053 1272 4111 foenore.

827 4170 862 4184 -
880 4140 915 4197 P:
933 4162 965 4198 ne
981 4140 1122 4220 subplicio
