2842 4724
556 243 665 308 mar
682 245 753 310 m.
843 275 846 286 -
941 197 960 290 ἰ
1142 237 1207 308 aar

91 405 246 500 raraxime
269 401 520 495 conquereretur
541 409 626 500 apud
653 420 760 501 patres
782 410 848 479 vim
877 421 974 503 atque
997 412 1142 483 immiam
1164 414 1208 482 di·

90 511 250 594 cratoris,
272 521 404 602 repente
427 512 575 603 strepitus
598 524 672 582 ante
694 515 813 583 curiam
834 516 983 584 lictorum
1005 541 1207 588 summoven-

75 619 183 688 -tium
211 615 351 684 auditur:
381 625 413 682 et
441 615 510 706 ipse
539 617 680 686 intensus
707 621 836 705 aderat,
862 632 1034 713 postquam
1061 624 1206 714 conperit
1245 695 1251 704 ,

88 722 282 814 proiectum
307 744 349 790 ex
371 721 495 804 castris,
523 746 598 790 cum
627 725 776 815 expedito
799 727 953 817 equitatu*
972 737 1112 796 secutus.
1148 727 1206 796 ite·

89 837 168 896 rata
192 825 307 894 deinde
330 826 490 897 contentio
514 837 547 894 ct
566 829 680 918 prendi
700 829 837 898 Fabium
849 830 993 922 Papirius
1014 831 1114 901 iussit.
1148 829 1240 900 ubis
1354 867 1357 876 ·

86 957 175 1002 cum
203 930 446 1022 deprecantibus
464 931 665 1023 ‘primoribus
692 945 820 1025 patrum
850 947 946 1028 atque
977 933 1126 1006 universo
1155 959 1202 1004 se·

88 1047 177 1104 natu
197 1045 355 1126 perstaret
376 1036 407 1102 in
429 1035 556 1128 incepto
579 1038 697 1106 inmitis
719 1039 852 1125 animus,
874 1053 944 1109 tum
965 1037 1056 1134 pater
1077 1037 1123 1108 Μ.
1144 1040 1201 1108 Fa-

87 1141 170 1208 bius
191 1139 346 1234 ‚,quaudo
367 1139 524 1231 quidem“
552 1141 654 1234 inquit
682 1145 791 1235 „apud
819 1148 935 1214 tenec
961 1144 1131 1214 auctoritas
1154 1167 1201 1212 se-

88 1257 191 1314 natus
212 1269 273 1312 nec
294 1255 382 1316 aetas
404 1268 476 1312 mea
499 1246 551 1314 cui
574 1249 743 1318 orbitatem
761 1273 866 1342 paras,
888 1274 949 1318 nec
971 1251 1070 1318 virtus
1090 1247 1201 1316 nobili

88 1365 210 1442 tasque
233 1348 373 1440 magistri
394 1350 539 1440 equitum
561 1377 580 1420 a
600 1365 634 1422 te
655 1355 726 1446 ipso
749 1355 903 1424 nominati
924 1353 1025 1439 valet,
1047 1377 1108 1422 nec
1129 1365 1247 1444 pre-1⁰

88 1481 148 1526 ces
170 1479 256 1547 quae
278 1477 375 1545 saepe
397 1453 526 1530 hostem
547 1457 749 1550 mitigavere,
778 1483 862 1552 quae
888 1459 1024 1528 deorum
1049 1459 1111 1526 iras
1133 1455 1199 1550 pla·
1243 1443 1246 1448 ⁵

89 1571 179 1646 cant,
199 1559 344 1628 tribunos
366 1558 468 1649 plebis
490 1562 619 1654 appello
643 1575 676 1633 et
696 1588 839 1656 provoco
862 1565 903 1632 ad
925 1563 1083 1656 populum
1112 1585 1202 1630 eum-

166 1725 218 1784 den
237 1723 321 1783 Sonat
337 1723 464 1796 bemieu,
489 1727 548 1784 oieb
567 1727 615 1786 aui
653 1689 657 1697 1
683 1732 727 1792 ts.
751 1729 887 1791 tribunos
895 1730 952 1805 ple*
959 1727 1076 1803 appello
1090 1735 1121 1784 et
1130 1746 1198 1802 pro·

167 1814 216 1870 das
239 1811 399 1870 lebhaiterta
420 1813 487 1870 uber
505 1813 550 1871 dia
567 1833 610 1888 ga·

163 1899 328 1975 walttbttige
346 1899 612 1978 Veriabrungsweisa

164 1989 213 2048 des
235 1987 374 2046 Dictatore
396 1986 548 2062 beklagte“.
575 2021 608 2033 -

163 2075 238 2135 Harl.
251 2095 269 2135 1.
282 2073 360 2132 Laid.
374 2095 406 2135 1.r
421 2085 611 2155 conqueretur.

164 2195 198 2208 -·
210 2161 242 2236 tn
254 2159 327 2223 Harl.
339 2183 357 2222 r.
371 2162 449 2224 Laid.
461 2183 479 2222 1.
492 2161 570 2224 Voss.
581 2181 609 2220 rr.

163 2249 232 2310 Lov.
249 2252 276 2311 4.
294 2249 328 2310 al.
349 2252 432 2309 verba
453 2251 609 2308 dictatorie

162 2348 282 2415 repente
297 2339 447 2416 ¹strepitur
468 2347 538 2400 onte
560 2357 608 2396 eu·

161 2423 411 2502 rinmneglegenter
419 2427 608 2504 praetermissa

161 2523 232 2572 aunt.
251 2543 285 2556 -··
304 2511 377 2574 Harl.
392 2531 426 2570 1.:
445 2513 577 2573 audiator.

102 2603 134 2660 3.
162 2609 191 2658 et
220 2601 291 2676 ipse,
314 2600 453 2672 infensus
483 2602 607 2662 oderat:

160 2686 210 2746 PM
221 2685 280 2745 rell.
296 2685 410 2746 Maxima
424 2689 552 2746 orationis
565 2689 607 2745 rie

37 2811 41 2816 -
160 2775 250 2852 posita
281 2784 323 2831 ert
357 2774 383 2834 b.
409 2774 428 2835 Ι.
462 2776 491 2832 in
524 2776 607 2852 parti·

161 2861 219 2918 cula
239 2871 275 2919 et.

106 2952 136 3010 4.
162 2949 398 3009 iteratadeinde
415 2949 560 3004 contentio
578 2955 609 3006 ei

160 3037 270 3114 prendi
307 3037 433 3096 Fabium
466 3033 607 3110 Papirius

141 3120 607 3183 ·iussitrP.-'-MHarl.r.Leid.1.:
667 3107 672 3114 ⁴

158 3213 239 3270 iterat
253 3210 351 3272 deinde
366 3213 504 3270 contentio
518 3221 545 3268 et
554 3218 606 3270 cet.

160 3297 229 3359 [mr.
242 3300 279 3359 t.=
299 3301 411 3356 iteratur
429 3297 527 3356 deiude
545 3316 607 3354 con-

160 3388 255 3447 tentio.
267 3385 501 3466 Neapol.batiniir
511 3385 606 3442 iterata

159 3471 606 3551 deindeoontentionaprendicot.

48 3583 50 3592 ¹
103 3564 131 3618 5.
160 3563 212 3620 udi
227 3581 293 3620 enm
304 3561 531 3636 deprecantibus
545 3559 607 3634 pri·

161 3650 293 3708 moribus
309 3659 428 3727 potrum
451 3657 542 3725 atque
560 3644 605 3714 (Pr

160 3736 238 3815 adq.)
257 3740 397 3796 uniuerso
416 3742 523 3793 senatu
538 3752 604 3809 per·

157 3834 255 3882 staret
283 3826 314 3882 in
346 3826 459 3898 incepto
493 3822 604 3879 inmitia

157 3914 290 3971 unimus:
308 3909 366 3970 PM.
394 3910 426 3967 ln
448 3928 518 3967 cecc.
545 3910 604 3986 qui·

159 3999 279 4058 busdam
302 3997 381 4058 codd.
407 3999 538 4076 scriptum
564 4004 606 4055 eet

162 4095 315 4164 „perstaret
332 4088 471 4166 incepto“.

753 1839 825 1876 uoco
843 1817 887 1874 ud
901 1813 1059 1892 populuinr
1076 1811 1134 1872 PM.
1153 1810 1199 1870 Cf.
1277 1818 1283 1833 '

752 1909 784 1975 9,
803 1907 858 1965 lb:
883 1911 995 1972 „cremo
1014 1900 1145 1958 dictatore
1163 1931 1197 1944 -

751 2011 863 2068 magnus
880 1989 986 2069 plebem
1002 1998 1090 2048 metas
1110 1989 1204 2044 iaces·-

750 2083 789 2137 ait
814 2088 846 2136 ut
871 2079 1028 2141 intentiores
1051 2084 1141 2134 essent
1162 2073 1197 2162 ad

751 2165 826 2224 dicto
844 2164 1005 2245 parendum:
1024 2150 1197 2241 nequeenim

743 2264 783 2316 ,nt
799 2257 828 2310 in
847 2250 1002 2309 consulibua
1015 2253 1062 2328 qai
1073 2249 1132 2329 pari
1149 2268 1198 2327 po·

751 2349 848 2400 testate
870 2348 972 2408 essent,
997 2338 1106 2396 alterius
1123 2337 1197 2396 auxi·

749 2428 817 2488 lium
838 2445 926 2506 neque
949 2425 1106 2505 provocatio
1123 2430 1197 2490 erat,

749 2536 836 2594 neque
861 2513 945 2572 ullum
967 2531 1078 2591 usquam
1096 2512 1151 2598 nisi
1167 2511 1197 2566 in

750 2622 813 2660 cura
831 2601 945 2680 parendi
963 2599 1126 2659 auxilium‘t
1148 2595 1196 2654 Ni-

748 2689 805 2746 bilo
824 2689 912 2745 miuus
930 2697 1033 2756 tamen,
1058 2684 1132 2772 quod
1148 2704 1195 2762 pe·

749 2795 797 2832 uer
815 2775 945 2854 populum
963 2775 1083 2836 omnium
1106 2790 1195 2828 rerum

749 2870 822 2918 earet
849 2869 970 2939 potestas
998 2879 1086 2938 neque
1116 2857 1194 2936 quid·

749 2967 829 3025 quam
838 2947 979 3023 dictatoris
990 2947 1056 3002 iram
1074 2946 1196 3020 mitigare

749 3053 831 3114 possa
857 3033 1008 3103 videretur,
1033 3032 1070 3094 M.
1096 3031 1195 3089 Fabius

697 3169 705 3184 .
748 3121 784 3179 ad
813 3120 942 3200 populum
971 3123 1142 3198 provocavit,
1170 3121 1196 3176 ei

747 3210 819 3268 forte
835 3212 861 3268 is
884 3212 923 3267 rei
945 3211 1034 3270 tantae
1056 3209 1196 3265 atrocitate

742 3296 921 3356 ‘exacerbatus
934 3296 1060 3354 dictatori
1069 3297 1195 3351 resistere
1287 3295 1291 3306 '

747 3381 838 3452 vellet,
856 3402 935 3462 qoem
948 3382 981 3439 ad
994 3381 1104 3440 modum
1115 3382 1145 3466 iu
1156 3383 1193 3438 ai·
1213 3409 1215 3414 ·
1317 3460 1320 3471 η

747 3469 806 3532 miti
834 3489 864 3527 re
891 3469 1066 3558 decemvirisx
1080 3471 1194 3529 restitis-

735 3569 821 3629 ‚rena
842 3557 891 3634 qui
908 3559 1079 3632 magistratus
1096 3567 1126 3614 et
1139 3558 1194 3636 ipsi

746 3648 806 3705 eine
817 3647 1008 3724 provocatione
1021 3644 1145 3705 fuissent.
1157 3676 1193 3691 -

746 3734 830 3792 Paulo
843 3734 1042 3812 antescriptum
1055 3735 1194 3794 eratm.1.
1282 3803 1286 3808 ἡ

721 3823 775 3880 ‘in
793 3819 820 3879 M
838 3825 982 3904 mitigare.
1008 3819 1035 3882 M
1057 3841 1092 3881 m.
1110 3823 1137 3880 b.
1154 3817 1211 3881 1³2.

745 3910 910 3985 mitigauere.
1220 3962 1225 3971 ,

696 4027 730 4048 —-
748 4017 874 4075 eumque
891 3998 945 4054 tibi
954 3995 1092 4075 fugienti
1107 4011 1193 4052 exer·-

748 4087 825 4151 citus
850 4086 896 4145 tui
913 4083 1047 4159 fugienti
1069 4091 1195 4154 senatres
