2618 4590
125 190 192 261 656
600 202 708 263 [ABER
726 202 761 263 X.

128 471 185 564 qui
205 472 392 564 priusquam
413 472 454 539 ad
482 472 666 564 suffragium
693 470 850 541 centurias
879 478 1051 551 vocaret,
1085 467 1119 534 in
1185 467 1190 482 '

129 598 206 645 uem
231 576 389 645 advocato
417 578 540 669 populo
568 577 669 645 multa
698 578 738 644 de
770 574 1003 667 magnitudine
1030 571 1155 640 bellill

129 680 290 750 disseruit:
322 682 387 750 iam
414 693 484 750 tum
506 707 581 751 eum
607 682 677 773 ipse
706 681 750 748 ibi
779 705 853 749 cum
880 679 1024 768 collega
1049 700 1123 746 rem
1140 675 1187 768 pa'

93 786 275 878 spuerit,
304 787 401 855 fuisse
429 798 553 856 tantum
574 787 699 856 bellum
719 796 756 853 ut
777 809 836 852 nec
863 762 965 850 duce¹
978 806 1059 850 uno
1088 804 1148 850 nec
1165 804 1204 849 ers
1265 765 1273 829 l

128 892 195 960 citu
217 894 283 983 geri
304 893 452 983 potuerit,
474 893 646 960 accessisse
668 903 744 983 post
765 915 803 958 ea
825 888 888 956 dici
911 887 1076 955 Umbros
1101 898 1135 955 et
1151 886 1209 976 ingu
1235 940 1241 947 .
1271 875 1273 903 ¹

128 1007 197 1064 tem
218 994 394 1064 exercitum
417 997 598 1065 Gallorum:
627 997 779 1065 adversus
802 1004 962 1086 maduca
984 992 1141 1084 populos
1235 982 1238 989 ⁴
1272 986 1273 996 ’

130 1100 279 1167 consules
301 1100 357 1167 illu
379 1100 431 1168 die
454 1101 548 1193 deligi
562 1102 796 1170 meminissent:
819 1122 864 1180 se,
884 1097 952 1164 nisi
977 1097 1190 1165 confiderete

130 1228 290 1272 censensu
311 1205 424 1295 populi
446 1205 582 1273 Romani
604 1206 771 1273 consulem
794 1204 1002 1272 declaratum
1027 1202 1072 1268 iri
1097 1201 1154 1292 qui
1170 1198 1216 1265 bul

26 1394 29 1399 .
84 1314 119 1370 10
131 1309 227 1378 dubie
242 1321 313 1377 tum
328 1309 450 1400 primus
466 1309 610 1379 omnium
621 1312 734 1380 ductor
745 1310 909 1392 habeatur,
932 1308 1149 1376 dictatorem
1161 1304 1218 1372 fuiss

131 1415 297 1504 externplo
317 1414 486 1484 dicturum.

218 1519 321 1588 XXII.
348 1520 478 1589 Nemini
489 1520 621 1588 dubium
632 1533 700 1591 erat
711 1519 916 1615 quinFabius
929 1518 1100 1612 quintum
1118 1514 1224 1586 omniu

149 1696 178 1758 d.
205 1697 266 1754 iam
283 1705 346 1754 tum
363 1716 429 1753 cum
446 1699 510 1772 ipse
526 1698 568 1754 iss·
583 1719 650 1755 cum

166 1782 172 1793 ’
199 1786 319 1863 collega
337 1804 399 1842 rem
414 1787 529 1859 pariter
547 1805 648 1864 gesse-

201 1871 295 1928 ras-r
313 1891 349 1931 m.
367 1874 393 1930 2.
411 1872 446 1930 ll.
460 1904 494 1914 —
513 1871 535 1928 Ρ
553 1891 588 1931 m.
608 1875 648 1931 1.:

204 1959 258 2016 iam
276 1968 333 2016 tum
344 1978 404 2016 curn
419 1962 478 2034 ipse
495 1959 534 2017 ibi
547 1956 647 2034 collega

201 2065 259 2103 rem
278 2057 328 2105 cet.
348 2076 383 2089 -
402 2045 464 2103 Plll:
484 2066 561 2113 „uec
579 2045 648 2102 duce

204 2152 258 2190 uua
278 2155 328 2190 nec
346 2135 501 2190 exercitu“:
519 2138 537 2193 i.
556 2155 579 2193 e.
598 2153 648 2189 uec

202 2240 256 2277 unu
281 2220 350 2276 duce
372 2240 422 2276 nec
447 2222 564 2277 exercitu
585 2242 649 2282 uno.

203 2337 238 2347 -
259 2305 326 2364 Pall.
351 2307 376 2362 1.
398 2309 424 2363 3.
448 2305 527 2364 Voss.
547 2327 575 2365 rr.
600 2306 649 2366 al.:

160 2434 166 2442 .
202 2393 401 2466 accessisseque
413 2402 514 2469 pastea.
528 2393 650 2455 Laida:

159 2498 161 2503 ’
202 2481 370 2538 accessisset.

149 2570 176 2625 7.
204 2568 355 2625 aduersus
369 2577 510 2644 quattuor
523 2570 651 2644 populos

203 2655 296 2712 ducas
324 2657 465 2712 cortsules
491 2655 545 2725 (P:
576 2663 650 2726 cos.)

204 2743 258 2799 ino
272 2743 320 2798 dis
330 2741 425 2823 deligi
435 2746 651 2801 meminissent:

203 2827 333 2888 PblLetd.
341 2850 356 2888 r.
368 2831 527 2891 cod.Kluclr.
538 2831 650 2890 Vossrr.

204 2913 239 2973 al.
259 2916 329 2983 „sie
341 2916 439 2974 sollten
451 2919 527 2974 nicht
544 2939 650 2994 verges-

203 3022 252 3061 aen
282 3003 345 3059 dass
374 3025 436 3060 man
464 3004 586 3061 Consuln
616 3026 649 3062 au

202 3089 309 3146 wtbleu
330 3091 417 3148 baben
442 3092 486 3148 die
506 3094 565 3149 rier
588 3091 650 3147 Vst-

203 3175 268 3233 lrem
294 3177 333 3233 als
361 3178 524 3235 Feldberren
554 3197 649 3254 gegan-

201 3264 270 3320 iiber
291 3265 386 3322 stebeu
403 3268 548 3325 wirrden“.
576 3266 648 3325 Cod.

202 3349 275 3426 sig:
293 3352 422 3410 aduersus
442 3364 582 3428 quattuor
599 3375 647 3429 pu·

201 3438 281 3515 pulos
300 3441 377 3497 duos
395 3441 519 3497 consules
538 3440 584 3496 illo
603 3441 648 3496 dia

164 3556 172 3575 ,ι
200 3524 282 3600 deligi
300 3536 350 3585 cet.
374 3558 409 3571 -
434 3529 468 3584 P:
492 3530 545 3584 nisi
564 3528 646 3585 conli-

170 3666 172 3671 .
202 3610 279 3668 deret
296 3632 357 3670 eum
376 3633 508 3672 consensu
522 3639 564 3695 pr.
583 3636 646 3672 esn-

198 3696 285 3756 sulem
298 3699 459 3758 declaratum
472 3706 513 3761 iri.
532 3703 574 3760 lll:
587 3723 647 3759 eum

200 3806 334 3843 consensu
350 3795 393 3867 pi.
407 3789 544 3847 consulem
560 3790 647 3846 deela-

198 3883 286 3930 aatum
310 3874 354 3931 firi
380 3878 427 3953 qui
451 3876 523 3932 haud
550 3876 647 3933 dubiae

199 3969 257 4017 tum
280 3964 383 4036 primus
406 3965 526 4020 omnium
549 3963 646 4020 ductor

198 4045 336 4106 habeatur.
359 4070 395 4107 m.
413 4052 451 4109 3.:
471 4049 538 4108 fieri.
558 4083 589 4095 -
610 4051 645 4106 P:

791 1698 860 1776 „qui
876 1694 951 1752 baud
966 1695 1063 1752 dubie
1078 1703 1142 1751 tum
1158 1692 1242 1785 priuati

790 1786 909 1842 amnium
920 1782 1027 1840 ductor
1037 1781 1242 1838 habeaturasu·l

791 1892 824 1929 su
835 1891 912 1929 uersa
925 1875 1108 1947 postremu“
1119 1878 1170 1928 cet.
1181 1832 1259 1945 quil-i·

791 1978 843 2035 que
860 1957 987 2014 versibus
1008 1958 1217 2034 praetermissis.
1251 1964 1258 1975 “

722 2048 764 2106 12.
791 2046 903 2103 nemini
928 2045 1064 2101 dubium
1089 2052 1162 2102 erat
1186 2041 1234 2118 quis

791 2134 903 2191 Fabius
939 2133 1088 2206 spatiatum
1129 2131 1235 2189 omnim

791 2238 938 2277 consensu
949 2216 1184 2276 destinaretur:
1196 2213 1237 2271 cad
1259 2230 1262 2235 ·

792 2307 895 2364 Tbuan.
916 2301 996 2362 Laid.
1016 2306 1056 2376 r.]
1081 2306 1188 2361 nemini
1207 2301 1238 2356 du·

793 2396 868 2451 bium
897 2400 955 2449 erat
985 2394 1058 2469 quin
1087 2391 1127 2466 Q.
1156 2389 1239 2447 Fabius

794 2484 911 2537 amnium
935 2498 1079 2535 consensu
1104 2480 1239 2535 destinare

794 2579 845 2628 tur.
859 2599 891 2610 -
905 2565 945 2623 lli:
964 2567 1032 2643 quin
1049 2566 1146 2622 fabius
1160 2566 1240 2642 quinti

793 2657 885 2712 omniu
904 2673 1040 2709 consensu
1061 2653 1240 2711 distinaretur.

792 2743 860 2802 va.
883 2744 909 2800 ll.
938 2741 985 2798 al:
1023 2742 1122 2818 „quin
1153 2739 1241 2796 Fabius

791 2832 945 2905 Quintus“:
964 2837 993 2884 ut
1012 2831 1038 2896 3,
1064 2832 1104 2887 L:
1125 2829 1174 2884 bic
1195 2833 1241 2882 erat

790 2917 889 2974 Fabius
909 2917 1028 2991 Quintus
1051 2918 1103 2992 qui
1123 2935 1195 2972 unus
1213 2943 1241 2954 -
1272 2988 1273 2993 Ἰ

791 3005 967 3083 superfuerat.
980 3036 1015 3045 -
1030 3001 1177 3070 „Keinem
1190 3019 1241 3056 war
1272 2998 1273 3005 ’

791 3112 821 3148 es
851 3089 1014 3147 zweilelbalt
1045 3088 1114 3146 dass
1147 3089 1241 3145 Fabius

792 3180 954 3252 einstimmig
981 3196 1041 3232 aum
1064 3176 1175 3233 sttuiteu
1193 3173 1241 3231 lllal

792 3288 825 3324 zu
845 3267 933 3322 dieser
950 3263 1059 3320 Wiirdc
1078 3263 1241 3340 gewiinscbt

789 3353 913 3413 werde“.
937 3351 1031 3408 Livius
1050 3372 1107 3407 nou
1127 3370 1240 3407 creare·

789 3451 840 3499 tur
853 3442 963 3518 scripsit
974 3437 1023 3493 sed
1036 3437 1239 3494 destinaretur

789 3531 909 3595 animis,
935 3525 1007 3603 quod
1028 3525 1183 3582 timendum
1202 3525 1238 3578 vi·

728 3624 733 3640 ¹
791 3616 903 3672 debatur
912 3625 943 3671 ut
955 3613 1053 3669 Fabius
1066 3632 1151 3668 senex
1164 3613 1238 3688 quin·

789 3713 845 3760 tum
864 3701 959 3760 consul
977 3701 1063 3755 creari
1081 3699 1174 3759 vellet.
1196 3697 1237 3757 Cf.

790 3796 815 3859 9,
836 3794 892 3850 lu:
917 3791 982 3867 quin
999 3807 1060 3844 euru
1079 3807 1174 3862 parem
1194 3787 1237 3842 de·

789 3882 890 3935 stinant
902 3880 998 3933 animis
1011 3895 1108 3950 magna
1120 3875 1236 3931 Alexan·

789 3965 840 4033 dra
853 3965 956 4031 ducem,
974 3966 998 4020 si
1010 3983 1082 4018 arma
1097 3996 1131 4005 -
1145 3967 1174 4019 in
1184 3965 1236 4018 Eu·

788 4071 881 4125 rapam
899 4050 1029 4108 vertisset.
1048 4051 1092 4118 29,
1112 4052 1171 4109 20.:
1191 4052 1237 4127 qui
