2618 4590
538 244 646 304 ulssuu
663 247 720 308 vll.
1057 270 1060 277 ·
1116 237 1181 307 245

84 412 139 501 qui
171 410 276 477 omnia
305 402 395 475 circa
415 432 450 474 se
472 443 516 456 -
539 407 674 476 Sabinos
696 409 854 479 Etruriam
876 412 1003 481 Latinos
1025 413 1181 481 Henricos

81 517 213 604 Aequos
240 506 380 581 Vulscos
401 510 574 578 'Aumncos
602 551 646 562 -—
674 514 793 581 domita
820 517 914 584 armis
940 517 1094 602 habeant,
1125 518 1181 609 qui

81 620 192 686 Gallos
213 627 264 684 tot
284 615 412 706 proeliis
435 639 546 683 caesos
568 627 733 705 postremo
755 618 788 684 in
810 643 898 687 mare
921 644 958 686 ac
985 646 1082 689 naves
1104 623 1178 711 fuga

80 721 291 812 conpulerint.
315 746 389 821 curn
411 721 511 810 gloria
532 720 607 787 belli
630 746 667 789 ue
682 723 798 789 virtute
821 747 877 790 sua
896 746 1057 814 quemque
1080 727 1179 794 fretos

79 829 125 894 ire
148 828 180 892 in
203 827 304 893 aciem
327 826 459 907 debere,
486 836 557 892 turn
579 825 675 893 etiarn
696 827 810 894 intueri
841 829 930 894 cuius
957 831 1056 897 ductu
1078 831 1213 919 auspi-5

80 933 195 1023 cloque
217 931 353 999 ineunda
374 952 480 1020 pugna
502 930 558 1014 sit,
585 942 707 1020 utrum,
736 931 791 1023 qui
813 933 988 1003 audiendus
1016 934 1181 1001 dumtaxat

147 1113 592 1192 regnantellieronemanseratpu·
681 1118 707 1174 6.
734 1126 832 1173 utrum
851 1119 1084 1193 quiuudiendus
1097 1119 1179 1175 dum·

148 1201 248 1258 blicmn
278 1200 433 1270 consilium,
462 1204 499 1258 ita
529 1215 593 1280 post

147 1299 260 1344 mortem
285 1291 342 1345 eius
360 1319 395 1329 -
419 1309 506 1367 neque
528 1310 592 1346 eon·

146 1378 235 1433 vocati
246 1396 333 1451 neque
345 1375 461 1432 consulti
479 1377 591 1435 fuerant.

146 1466 191 1531 26,
208 1467 248 1522 Ἅι
277 1463 352 1519 brevi
371 1462 492 1520 effecisse
511 1464 591 1520 disci·

145 1551 218 1629 plina
237 1560 317 1627 atque
335 1552 451 1626 imperio
468 1561 497 1608 ut
512 1572 590 1607 nemo

147 1659 239 1696 eorum
263 1639 367 1715 generis
396 1659 427 1694 ac
453 1640 590 1713 sanguinis

144 1729 186 1783 sui
198 1747 300 1783 memor
313 1728 341 1780 in
354 1726 411 1780 acie
423 1735 502 1792 esset,
513 1744 590 1800 prae·

144 1813 216 1870 sidio
240 1815 323 1869 sociis
346 1811 470 1868 hostibus
492 1814 590 1868 terrori

146 1910 244 1958 essent.
270 1905 297 1968 3,
318 1904 374 1958 l9.:
392 1898 515 1976 perculsa
533 1908 590 1955 erat

141 1987 234 2065 plebes
248 1988 385 2045 consulem
397 1987 520 2045 habitura
537 1988 589 2042 ira·

142 2084 214 2144 turn,
237 2086 375 2154 potentem
393 2105 428 2118 -
445 2075 533 2131 tribus
557 2073 588 2129 li-

143 2163 225 2228 heris,
244 2183 357 2239 quorum
375 2183 455 2219 neruo
472 2160 589 2219 Caesoni

143 2250 255 2307 cedebat
284 2250 467 2326 magnitudine
497 2251 588 2316 animi,

142 2337 283 2394 consilium
315 2349 342 2395 et
370 2338 479 2395 modum
512 2336 586 2392 adhi-

141 2425 232 2481 bendo
251 2457 284 2468 —
303 2429 409 2503 priores
428 2433 512 2482 crant.
531 2423 564 2482 al.

105 2559 112 2574 .
140 2512 270 2572 Sabinos
287 2515 440 2572 Etruriam
462 2513 586 2569 Latione

140 2601 285 2657 Hernicos
307 2602 430 2675 Aequos
458 2601 586 2658 Volscos

139 2689 313 2745 Auruncos:
325 2687 373 2742 PM
382 2686 454 2746 al-
467 2689 548 2744 Voss.
559 2706 587 2744 u.

140 2773 187 2831 al:
217 2773 350 2839 „sabinos
371 2783 400 2829 et
424 2776 586 2829 etruriam“:

141 2860 190 2917 sed
209 2861 307 2915 omissa
320 2862 510 2915 coniunctione
528 2881 587 2914 ora·

139 2953 242 3006 tionem
259 2966 314 3001 non
330 2945 411 3001 modo
424 2949 586 3023 strictiorem

140 3036 190 3093 sed
208 3036 288 3089 ctiam
301 3034 440 3106 fortiorem
454 3034 513 3092 fieri
531 3055 585 3090 rna·

137 3123 265 3180 nilestum
277 3132 325 3181 cst.
354 3123 459 3179 diversa
478 3123 586 3180 «licendi

139 3214 244 3268 ratione
262 3213 305 3277 27,
321 3213 364 3269 10.
379 3211 504 3287 sedecies
523 3231 585 3268 cou-

138 3300 302 3355 iunctioncrn
319 3300 436 3376 positam
453 3299 585 3366 videmus,

140 3405 194 3461 quo
217 3385 277 3439 loco
302 3385 458 3459 ampliorem
486 3390 584 3442 oratio·

141 3493 202 3529 nem
221 3493 265 3526 res
284 3474 341 3549 ipsa
361 3473 527 3529 desiderasse
545 3476 584 3530 vi-

142 3560 228 3618 detur.
256 3569 398 3635 utrumque
415 3560 523 3616 dicendi
541 3581 585 3635 ge-

139 3667 191 3703 nus
201 3649 245 3715 Ἠ,
255 3647 299 3704 61.
309 3645 342 3704 al.
353 3649 523 3703 coniunctmn
536 3659 584 3708 est.

86 3737 114 3792 d.
141 3739 206 3792 cum
222 3735 323 3817 glorio
341 3735 412 3792 belli
428 3755 464 3789 ac
478 3738 586 3792 uirtute
633 3784 638 3794 .

39 3855 43 3860 ·
139 3842 197 3879 suu
215 3841 360 3897 quemque
372 3821 480 3892 fretos
494 3825 537 3880 ire
555 3826 586 3880 in

141 3909 585 3970 aeiemdebere.·Plll.-Leid.r.r

141 3999 181 4053 ire
200 3998 228 4052 in
246 4017 292 4052 em
309 4000 394 4055 aciem
409 3997 514 4057 dehere.
531 3998 585 4056 Ha·

141 4105 225 4144 reru:
235 4085 274 4140 ire
284 4087 311 4142 in
320 4105 379 4143 cam
388 4086 583 4146 aciemdebere.

733 1212 823 1260 tarot
839 1206 1017 1282 magnificus
1037 1206 1179 1262 adhorna-

732 1301 780 1347 ter
807 1294 863 1348 sit:
891 1290 939 1347 l'tll
968 1291 1026 1351 rell.
1057 1325 1092 1334 —
1121 1292 1180 1349 Nee

733 1377 755 1437 Ι.
781 1377 981 1437 Freinshemius
1011 1399 1061 1435 nec
1087 1378 1108 1437 l.
1134 1379 1179 1437 Fr.

733 1465 817 1524 Gron.
853 1466 933 1522 huius
962 1466 1022 1522 loci.
1045 1468 1177 1526 rationem

732 1564 946 1629 perspexerunt*
961 1574 1021 1611 eum
1040 1556 1109 1629 „qui
1128 1573 1178 1609 ou·

732 1641 826 1698 dandi
855 1641 992 1697 dumtaxat
1020 1640 1177 1714 magnificus

733 1728 892 1787 adhortator
919 1730 980 1787 sit“
1012 1729 1094 1783 scribi
1123 1726 1177 1782 vel·

732 1814 796 1874 lent.
836 1817 865 1871 iu
895 1816 978 1871 uerbo
1008 1815 1178 1871 audiendus

733 1907 811 1960 etiarn
832 1904 917 1958 maior
930 1904 1060 1958 orationis
1072 1903 1114 1958 ris
1128 1921 1177 1976 po·

732 1993 784 2046 sita
804 2000 845 2045 cst
863 2011 942 2065 quarn
959 1992 986 2044 in
1000 1989 1178 2067 magnificus

732 2077 918 2143 adhortator,
937 2076 966 2132 id
986 2077 1060 2153 quod
1077 2072 1120 2134 vel
1138 2073 1177 2129 lo·

732 2184 779 2220 cus
803 2162 900 2221 horum
920 2165 1063 2221 verborum
1088 2172 1177 2219 osten·

732 2251 786 2310 dat.
813 2271 907 2326 magna
926 2251 1024 2307 deinde
1046 2250 1176 2306 orationis

729 2338 859 2414 elegantia
869 2339 950 2412 luite
962 2339 1058 2416 pergit,
1074 2348 1104 2393 ut
1114 2335 1176 2392 huie

728 2429 947 2502 interrogationi,
973 2447 1025 2504 qun
1044 2425 1078 2480 de
1095 2422 1174 2481 Vale·
1251 2438 1255 2445 ·

728 2518 770 2572 rio
783 2536 847 2571 usus
860 2525 925 2583 crat,
941 2514 1075 2577 Valerium
1086 2514 1176 2590 ipsum

728 2603 936 2679 respondentem
965 2601 1055 2661 faeiat.
1103 2597 1176 2665 „Mu

727 2674 1175 2775 VertrauenaufseinenimKrifgia

729 2777 905 2831 erworhcuen
922 2773 1011 2829 lluhm
1029 2779 1118 2828 unisse
1135 2773 1172 2843 je·

703 2908 706 2915 .
728 2863 777 2918 der
788 2883 841 2920 von
855 2861 937 2917 ilinen
949 2863 978 2914 in
992 2860 1037 2914 die
1046 2857 1174 2913 Schlaelrt
1203 2887 1205 2890 ·

728 2948 829 3022 gelren,
849 2948 921 3003 dann
945 2946 1009 3002 aber
1027 2943 1095 3001 auelr
1115 2936 1174 2997 da'r·

728 3035 776 3092 aul
785 3034 889 3103 achon,
902 3043 980 3090 unter
989 3053 1093 3088 wesscu
1103 3028 1173 3087 Ftih·
1272 3107 1274 3110 y
1295 3092 1300 3098 ,

727 3143 795 3198 rung
813 3143 843 3179 er
860 3113 983 3200 littmpleu
1001 3119 1108 3178 werde:
1138 3115 1173 3171 ob

727 3212 776 3268 der
798 3210 918 3268 welcher
942 3210 1002 3265 dem
1020 3205 1174 3265 Auscheine
1238 3280 1241 3285 Ι

728 3300 797 3356 nach
824 3299 883 3354 sich
910 3301 939 3352 in
970 3288 1174 3369 beg'eisterndtn

727 3386 845 3445 Wortcu
856 3384 1020 3442 vcruelunen
1031 3382 1109 3446 lasse,
1123 3397 1173 3432 nur

728 3477 758 3532 iu
767 3473 896 3529 derllerle
910 3470 1013 3540 ruuthlg
1025 3465 1173 3530 erselrcine,

728 3564 792 3619 aher
816 3581 870 3616 von
895 3554 1088 3631 kriegerischer
1105 3551 1172 3608 Thr-

727 3649 820 3723 tiglreit
838 3646 927 3703 uiclrts
943 3646 1034 3712 wisse,
1054 3641 1119 3697 oder
1137 3637 1172 3693 ob

727 3755 759 3790 cs
775 3738 819 3791 ein
837 3734 917 3790 tlann
936 3735 991 3798 sei,
1019 3730 1067 3786 der
1090 3726 1174 3781 selbst

729 3821 779 3877 die'
797 3821 906 3882 Waffen
933 3840 966 3876 zu
992 3817 1088 3872 strhreu
1112 3830 1172 3868 ver·
1226 3826 1229 3833 ·

727 3907 804 3967 siche
826 3909 882 3964 und
906 3909 944 3963 im
960 3901 1103 3960 wildesten
1121 3896 1172 3954 Ge·
1200 3926 1204 3933 ,

727 3994 838 4053 attornet
855 3994 903 4050 der
916 3989 1045 4047 Schlacht
1061 3985 1121 4044 sich
1139 4003 1172 4040 zu

727 4084 856 4157 benegen
878 4080 979 4157 punge:
1005 4105 1041 4120 -
1066 4071 1172 4154 llleinen
1202 4162 1205 4169 μ
