2618 4590
175 276 239 347 ttt
634 282 744 347 stltR
760 280 819 346 vn.

139 504 145 511 -
174 454 228 525 nia
249 454 348 546 petita
369 472 507 543 puerum
529 450 571 519 ad
591 448 772 516 eruendum
793 460 868 517 ente
882 448 1045 517 tibicinem
1058 470 1135 517 enm
1153 450 1276 518 statuis

176 572 235 643 set,
256 559 414 627 canticum
436 557 539 646 egisse
562 555 724 645 aliquanto
738 554 840 644 magis
861 555 987 645 vigente
1008 564 1109 637 motu,
1136 553 1210 644 quia
1233 555 1277 621 ni·

176 665 222 731 bil
240 664 332 733 vocis
353 684 431 728 usus
453 659 644 750 inpediebat.
680 659 755 726 inde
778 660 819 726 ad
840 682 973 726 manum
987 658 1106 725 cantari
1121 658 1278 727 histrioni-

176 770 236 836 bus
259 779 411 858 coeptum
425 748 630 854 diverbiaque
651 773 777 830 tantum
797 763 942 856 ipsorum
954 764 1029 831 voci
1043 763 1163 831 relicta.
1191 754 1277 855 post-

144 884 273 964 5qunrn
294 873 367 963 lege
388 871 450 938 hae
476 869 657 936 fabularum
679 868 720 935 eb
748 867 814 936 risu
841 867 1009 936 ae'soluto
1033 868 1106 935 ioco
1128 890 1181 937 res
1203 894 1279 937 nvn

172 979 305 1045 enbatur
326 988 359 1043 et
375 975 469 1041 ludus
486 974 519 1040 in
538 984 640 1040 artem
654 972 808 1065 paulatim
821 984 969 1056 verterat,
990 972 1137 1042 iuventus
1153 974 1278 1043 histrio·

171 1083 265 1151 nibus
288 1081 477 1149 fabellarum
499 1090 573 1145 netu
594 1078 705 1146 relicto
727 1077 796 1169 ipsa
817 1077 901 1145 inter
921 1100 957 1145 se
979 1102 1070 1145 more
1093 1078 1225 1170 antiqno
1239 1079 1277 1146 ri-

172 1187 278 1254 dicula
307 1187 427 1253 intexta
449 1184 593 1253 versibus
620 1184 762 1252 iactitare
789 1182 911 1273 coepit,
941 1184 1029 1251 unde
1056 1194 1169 1251 exorta
1191 1206 1276 1274 quae

829 1332 1028 1389 auocabatur:
1040 1328 1099 1392 PM.
1112 1363 1147 1374 -
1158 1329 1234 1392 Harl.
1243 1351 1277 1390 n:

244 1368 279 1377 —-
296 1333 384 1394 Veler.
403 1332 472 1393 Max.
494 1331 512 1394 1.
534 1330 566 1393 L:
589 1335 689 1412 „isque

241 1425 285 1480 sni
303 1424 394 1500 operis
412 1431 487 1478 ector
505 1440 566 1479 eum
579 1424 689 1497 saepius

240 1532 257 1567 u
269 1508 371 1588 pupule
383 1518 523 1567 revocatus
535 1528 629 1567 vetem
640 1510 688 1566 ob·

240 1599 364 1666 tulisset,
383 1597 504 1654 adhibito
519 1598 595 1674 pueri
614 1606 641 1654 et
653 1600 687 1655 ti·

240 1687 339 1743 bicinis
369 1694 501 1742 concentu
527 1687 687 1764 gesticula-

223 1776 349 1835 ,tionem
366 1775 474 1830 tacitus
485 1775 640 1852 peregit“:
658 1773 687 1830 b.

239 1881 264 1919 e.
290 1862 447 1930 „canticum
471 1863 557 1935 egit“.
582 1890 619 1903 -
644 1859 685 1918 M:

240 1957 302 2004 ente
320 1948 471 2008 tibicinam.
483 1978 518 1992 -
535 1946 576 2006 Mt
594 1950 685 2026 uigen-

237 2046 295 2092 tem
309 2041 315 2108 Ι
331 2044 414 2096 motu.

185 2124 212 2182 3.
240 2125 310 2182 inde
327 2124 372 2181 ad
382 2142 502 2180 manum
514 2124 632 2179 canturi
641 2122 685 2180 ln·-

239 2212 401 2267 etrionibus
422 2219 572 2285 coeptum.-
593 2209 625 2269 P.
649 2240 684 2253 -

237 2295 281 2352 M:
306 2295 422 2351 indeed
440 2316 547 2353 manum
568 2299 684 2354 cantaris

238 2382 277 2438 de
292 2385 297 2451 Ι
313 2383 416 2438 uerbia
449 2384 583 2440 trionibus
623 2403 684 2440 eoe-

237 2479 313 2544 ptum
341 2468 375 2524 de
402 2469 477 2525 uerbi
492 2473 497 2541 Ι
513 2489 601 2546 equae
624 2481 683 2528 tsn-

238 2565 295 2611 tum
318 2557 439 2632 ipsorum
462 2566 512 2617 eet.
535 2590 569 2601 -
599 2556 682 2626 „Von

238 2642 288 2699 der
316 2642 375 2698 Zeit
400 2644 456 2721 flag
481 2665 542 2703 mun
568 2666 602 2703 au
630 2646 683 2704 den

237 2729 446 2805 Sebnuspielern
469 2751 502 2789 zu
528 2733 606 2790 ibren
632 2735 683 2790 mi·

235 2817 356 2874 miscben
374 2818 579 2896 Durstellungen
594 2823 682 2891 einen

235 2904 338 2980 Stnger
350 2926 383 2963 zu
394 2906 493 2975 hulten,
512 2929 543 2965 so
562 2907 624 2965 dass
640 2910 682 2965 ib·

234 3010 287 3047 nen
317 3013 369 3048 nur
400 2994 445 3049 die
471 2995 682 3072 Durebsbbrung

235 3077 285 3132 der
308 3076 566 3156 Wecbsrlstrophen
591 3084 681 3158 thetg-

173 3166 176 3171 “
233 3162 338 3219 blieb“.
357 3163 387 3219 ln
400 3184 525 3222 manuum
539 3169 610 3223 enirn
622 3189 680 3225 mo·

233 3251 306 3307 tibus
328 3254 393 3309 artis
406 3251 494 3330 plenis
513 3273 615 3312 summe
633 3275 678 3330 ge-

231 3338 375 3396 sticulandi
403 3343 445 3397 vis
471 3342 537 3419 poni
566 3342 679 3404 solebat.

232 3427 266 3484 ei.
285 3427 369 3485 Ovidi
387 3427 459 3489 Fert.
477 3431 504 3498 3,
522 3432 597 3491 stt:
620 3430 677 3499 „ll-

229 3513 267 3570 lie
286 3525 313 3571 et
331 3525 438 3572 cantant
456 3516 587 3595 quidquid
607 3519 677 3575 ditt-

130 3612 133 3619 '
230 3620 291 3656 cere
307 3602 427 3673 theatris,
448 3604 483 3661 Et
500 3607 600 3662 iactant
611 3604 676 3662 fuci·

228 3685 269 3742 les
286 3688 320 3744 sd
338 3710 386 3747 sua
398 3692 479 3748 verbu
492 3698 609 3751 munus“
622 3703 675 3755 eet.

227 3805 263 3816 -
292 3774 329 3831 P:
360 3777 541 3858 deuerbiaque
570 3791 674 3839 tuntum

226 3861 349 3939 ipsorum
368 3867 429 3922 uoci
447 3866 548 3928 relicte.

173 3946 200 4006 4.
224 3960 386 4027 postquam
404 3954 470 4034 lege
481 3955 538 4012 bac
556 3953 611 4024 (Mz
624 3959 673 4026 sc)

218 4034 402 4106 fabularum
423 4042 462 4099 ab
485 4046 550 4099 risu
573 4062 610 4098 uc
626 4063 672 4099 so·

225 4121 288 4180 luto
316 4125 368 4196 (Pr
394 4126 504 4200 solutu)
531 4130 595 4187 ibeo
622 4147 672 4186 res

829 1437 874 1476 res
893 1420 1082 1477 uduornbntur
1099 1428 1127 1476 et
1148 1418 1230 1477 ludus
1248 1422 1276 1476 in

826 1515 931 1583 purtem
943 1506 1071 1585 paulatim
1082 1515 1208 1566 uerteret.
1230 1506 1276 1568 cf.

829 1595 856 1664 1,
875 1596 933 1653 tu:
950 1605 1015 1651 urte.
1036 1626 1072 1639 -
1096 1593 1159 1653 PM:
1181 1597 1277 1672 paule·

828 1683 887 1743 tim.
905 1714 939 1725 -
957 1681 999 1740 M:
1017 1692 1133 1741 uerterat
1147 1684 1276 1741 iuuenem

827 1769 1007 1827 histrionibus
1019 1781 1070 1830 eet.
1082 1802 1116 1814 -
1129 1770 1170 1829 M:
1182 1773 1274 1828 ieetita

827 1860 939 1936 recepit.
954 1887 986 1900 -
998 1856 1079 1918 Reec.
1091 1857 1167 1936 quid.
1180 1858 1273 1916 eedd.:

827 1944 979 2003 fabularum
997 1954 1058 2002 retu
1075 1944 1178 2003 relicte.

772 2034 801 2093 8.
827 2033 913 2091 unde
930 2042 1039 2091 exorta
1062 2052 1140 2109 quae
1161 2034 1274 2090 exodia

824 2130 932 2196 postea
949 2121 1102 2196 appellata
1115 2140 1273 2179 contnuo·

826 2215 918 2284 taque
932 2207 1064 2279 sabellie
1086 2209 1285 2284 potissinwm'

825 2294 976 2352 Atellanis
994 2303 1080 2352 sunt:
1098 2296 1272 2368 exuerim]

825 2381 899 2440 unde
915 2381 1012 2439 exodia
1029 2390 1124 2460 postea
1141 2382 1273 2461 appellnta

830 2479 1007 2547 consertaque
1028 2467 1134 2526 fabellis
1155 2480 1208 2529 cet.
1237 2503 1272 2514 -

824 2553 904 2614 Hune
923 2556 1014 2616 locum
1038 2556 1227 2616 difficillimum
1245 2568 1273 2615 et

762 2666 766 2676 ·
824 2646 928 2723 antiqui
955 2653 983 2701 et
1009 2655 1131 2703 recentes
1156 2643 1271 2714 librarii,

823 2731 854 2789 id
872 2731 946 2807 quod
969 2734 998 2790 in
1018 2732 1155 2810 suscriptis
1172 2732 1272 2810 legitur

824 2838 880 2876 non
898 2839 931 2876 ex
949 2821 1022 2876 omni
1043 2828 1119 2898 parte
1136 2822 1270 2898 integrum

824 2909 885 2976 reti,
897 2928 945 2965 sua
958 2910 1073 2984 quisque
1084 2927 1166 2984 opere
1180 2928 1268 2964 emen-

824 2993 888 3049 dare
918 2997 1008 3051 conati
1036 3004 1108 3056 sunt.
1150 2995 1270 3053 Primum

823 3100 888 3138 vero
904 3081 1031 3140 mendum
1042 3083 1143 3141 factum
1153 3084 1269 3153 videtur,

823 3187 883 3223 cnm
893 3170 1010 3226 exorda
1020 3190 1072 3249 pre
1081 3181 1189 3229 exortu
1199 3174 1267 3229 seri·

821 3252 938 3324 berem,
956 3276 1010 3333 quo
1023 3257 1121 3315 mendo
1138 3270 1268 3338 persaepe

821 3344 923 3418 integra
941 3346 1023 3401 verba
1047 3355 1173 3423 corrupta
1191 3345 1266 3403 vide·

819 3449 879 3487 mus
897 3430 949 3502 (ef.
963 3452 1003 3491 ex.
1016 3452 1055 3508 gr.
1068 3437 1094 3501 3,
1103 3437 1178 3503 20.).'
1192 3433 1265 3511 quod

820 3518 940 3576 exortia
959 3539 1021 3576 cum
1039 3519 1107 3576 nibil
1125 3541 1184 3578 esse
1201 3541 1265 3577 eon·

817 3613 909 3674 staret,
929 3626 980 3684 pro
999 3627 1032 3663 ee
1051 3609 1181 3665 exordia
1197 3610 1264 3664 seri·

816 3702 936 3771 pserunt,
952 3715 1006 3772 quo
1019 3694 1116 3752 similis
1128 3715 1182 3752 vox
1193 3716 1264 3753 exo·

816 3782 870 3837 dia
888 3782 986 3838 ducere
1003 3781 1152 3842 videbatur.
1168 3803 1201 3840 ex
1213 3783 1263 3838 bue

816 3869 995 3926 similitudine
1021 3888 1120 3927 vocum
1150 3872 1263 3929 exodia

815 3965 843 4011 et
861 3958 989 4015 exordia
1011 3955 1132 4035 reliques
1157 3976 1263 4015 errores

813 4052 893 4099 nutus
911 4062 970 4100 esee
995 4043 1075 4102 facile
1098 4055 1140 4103 est
1157 4043 1260 4114 intelle·

814 4136 868 4188 ctu.
898 4150 959 4187 eum
976 4133 1048 4190 enim
1060 4152 1142 4208 saepe
1159 4130 1260 4190 facturn
