2618 4590
131 177 198 246 668

120 375 208 421 uera
231 363 348 444 mranta
373 353 442 421 lieri
464 351 588 421 sinebat
608 352 712 422 biems
725 353 890 422 hauddum
909 365 1055 437 exacta.
1091 379 1165 422 vore
1183 355 1227 424 tut
1253 366 1257 385 '

132 457 237 548 primo
264 457 373 524 relicta
400 457 541 524 secunda
568 457 694 548 legione
725 458 765 525 ad
792 458 960 542 Clusium,
1000 461 1103 551 quod
1132 460 1227 528 &maa

134 561 211 628 ollm
226 561 438 652 appellabant,
460 562 706 653 praepositoque
729 562 837 630 castris
852 563 889 630 L.
905 563 1082 654 Scipione
1097 591 1157 655 pro
1171 591 1228 656 prae·

133 676 214 750 tore,
235 666 373 733 Romam
395 666 463 756 ipse
486 668 526 732 ad
549 666 793 733 consultandum
816 668 856 734 de
878 667 973 734 bello
999 670 1107 736 rediit
1129 708 1170 719 -
1188 671 1228 738 sire

101 769 200 859 sipse
231 781 347 861 sponte
374 795 446 854 sua,
481 771 554 860 quia
581 770 701 837 bellum
729 771 758 839 ei
788 772 889 838 maius
911 773 948 838 in
973 786 1170 864 conspectu
1188 788 1229 843 erat

131 896 230 965 quam
252 886 408 964 quartum
430 898 501 942 esse
525 875 628 942 famae
643 875 827 959 crediderat,
848 876 915 944 sive
933 890 1084 945 senatus
1110 880 1229 947 consulto
1253 958 1264 967 ο

131 979 278 1069 accitae„
294 1002 370 1044 uam
395 977 428 1042 in
457 990 627 1069 utrumque
650 992 797 1048 auctores
824 992 909 1047 suut.
952 981 999 1046 ab
1024 981 1098 1072 Ap.
1123 983 1230 1050 Claudia

130 1093 279 1174 praetore
302 1094 473 1149 retractum
497 1084 626 1172 quidam
647 1085 746 1151 videri
767 1084 888 1167 volunt,
912 1110 993 1152 cum
1018 1087 1058 1152 in
1085 1101 1198 1156 senatu
1213 1102 1231 1156 et

132 1187 218 1277 apud
239 1186 412 1276 populum,
441 1186 471 1252 id
495 1188 584 1276 quod
605 1211 663 1276 per
683 1188 803 1256 litteras
825 1189 958 1255 adsidue
984 1191 1140 1276 fecerat,
1161 1205 1232 1261 terro

84 1307 200 1362 torem
226 1290 303 1357 belli
323 1288 448 1355 Etrusci
476 1303 621 1380 augeret:
657 1317 723 1360 nou
751 1293 959 1359 suffecturum
993 1296 1129 1363 ducem
1156 1323 1234 1365 uuuu

129 1419 190 1462 uec
212 1392 388 1460 exercitum
410 1417 511 1460 uuum
533 1397 685 1462 adversus
708 1406 858 1487 quattuor
874 1398 1040 1487 populos:
1068 1403 1236 1490 periculum
1272 1414 1281 1427 ‘

147 1588 173 1646 1.
200 1604 271 1642 uere
288 1583 359 1641 iude
373 1586 471 1659 primo
483 1586 586 1644 relicta
598 1606 643 1645 ae-

198 1671 298 1730 camdo
315 1673 432 1750 legione
449 1672 493 1729 od
509 1673 643 1728 Clusium

83 1826 88 1843 ἢ
201 1752 285 1835 duod
293 1757 642 1829 Camota(Pcod.Klocl.

199 1840 248 1905 ul:
267 1848 396 1914 camaris)
418 1847 489 1902 olim
512 1848 639 1920 appella·

197 1934 284 1990 baar:
302 1932 358 1989 ΡΜ.
378 1932 420 1991 Cf.
433 1933 528 2007 Polyb.
545 1937 640 2002 2‚19.:

197 2019 454 2095 συμφρονήσαντες.
478 2009 540 2090 ἅμα
566 2034 643 2079 Σαυ-

70 2111 75 2128 ’
196 2111 274 2164 νῗναι
300 2105 352 2163 aial
376 2111 505 2167 Γαλάται
527 2108 642 2184 καρποί·

197 2201 283 2261 ξαννο
300 2193 457 2263 Ῥωμαίοις
477 2193 512 2253 ἓν.
532 2199 566 2267 τῇ
583 2209 641 2253 Κα·

194 2277 317 2354 μερνῖων
339 2282 435 2354 κόρᾳ.
458 2312 492 2323 -
519 2282 639 2339 Dralteu·

195 2365 308 2421 borebio
326 2385 371 2421 res
391 2366 471 2423 dubia
490 2368 638 2435 videbator,

196 2451 285 2527 quod,
303 2472 363 2508 cum
382 2454 497 2509 secunda
516 2454 585 2529 legio
604 2457 638 2514 ad

194 2538 317 2596 Clusium
325 2539 415 2596 relicta
424 2540 564 2609 diceretur,
574 2546 637 2600 scri-

192 2636 269 2702 ptum
286 2647 342 2684 uon
360 2637 432 2684 esset
450 2649 503 2705 quo
517 2628 580 2686 loco
597 2650 637 2685 re·

193 2714 282 2793 liquos
313 2717 445 2772 exercitus
475 2725 562 2772 eastra
592 2716 637 2772 ha·

192 2801 304 2861 buissel.
323 2823 366 2858 res
384 2805 421 2859 ita
439 2823 469 2858 ae
487 2804 581 2860 babet:
600 2803 637 2860 le·

192 2892 300 2964 gionem
312 2890 465 2957 secundam,
484 2911 563 2966 quam
576 2910 637 2946 eum
713 2942 715 2946 .

191 2976 223 3034 L.
232 2975 377 3032 Volumnio
391 2981 417 3031 iu
428 2976 538 3032 Samnio
554 2977 636 3033 luisse

193 3067 236 3131 10,
245 3065 334 3121 1837.
344 3062 464 3138 legimus,
474 3062 636 3120 adClusium

192 3152 243 3204 iam
255 3148 377 3205 hostibus
388 3153 514 3226 opposuit
525 3150 635 3217 Fabius,

191 3246 220 3292 et
237 3236 311 3313 quod
328 3235 366 3304 illl
382 3236 480 3312 legioni
498 3237 597 3294 fidebat
611 3250 637 3293 et

190 3323 266 3401 quod
277 3345 309 3379 co
320 3323 411 3380 Gallos
419 3325 553 3401 proticisci
567 3325 636 3382 lama

189 3421 337 3489 acceperat.
350 3412 482 3488 reliquum
491 3415 636 3470 exercitum

189 3498 354 3574 iudppiauia
365 3501 498 3556 castrisad
507 3501 636 3578 oppidum
661 3507 664 3511 ’

188 3584 636 3664 Abamamvelaliopropiuquolo·

188 3690 231 3736 oo,
242 3670 306 3728 dum
316 3675 374 3748 ipae
380 3673 464 3729 Roma
475 3677 637 3740 revertisset,

189 3776 326 3816 remanere
361 3759 448 3816 voluit
482 3764 636 3839 praeposito

158 3874 160 3880 ⁴
191 3843 224 3905 la.
237 3845 367 3923 Scipione
379 3869 427 3925 pro
440 3859 572 3926 praetore,
589 3852 636 3925 qui

190 3941 254 3992 tnta
280 3955 360 4008 quam
389 3936 494 4011 Appius
524 3935 636 3992 Romam

188 4015 317 4076 dimissus
330 4032 406 4089 ¹erat,
432 4021 536 4098 legatus
552 4023 635 4080 luisse

588 4244 691 4289 ’Νη

784 1587 892 1645 videtur
913 1590 980 1656 (10,
1003 1591 1081 1656 ot).
1108 1623 1148 1635 -
1176 1594 1207 1650 P:
1225 1596 1238 1656 l

783 1678 906 1784 acipipue
922 1681 992 1774 ppi.
1018 1677 1064 1738 tl:
1086 1678 1109 1739 l.
1130 1684 1240 1758 scipione

782 1798 878 1869 proptr
901 1781 1010 1853 romam
1035 1792 1105 1868 ipse
1130 1794 1168 1856 ad
1190 1816 1239 1851 cau·
1269 1812 1272 1819 ·

782 1872 935 1930 sultaudum
953 1874 1031 1932 bello
1051 1879 1153 1940 rediit.
1172 1880 1241 1941 tta

781 2015 822 2072 3st
841 1973 920 2074 bello.
933 2013 1010 2072 -Μ
1030 2037 1071 2078 m.
1091 2023 1123 2080 2.
1139 2022 1176 2078 P:
1192 2025 1241 2085 siue

781 2102 841 2182 ipse
866 2111 964 2181 sponte
985 2123 1048 2166 sua.
1088 2106 1122 2173 Μ
1147 2131 1185 2178 ω.
1212 2114 1241 2167 l.:

781 2188 856 2265 lpsae.
874 2184 941 2248 bor.
953 2192 991 2261 42:
1003 2212 1057 2248 sua
1073 2207 1191 2282 sponte.
1203 2196 1240 2255 Cl.

782 2295 823 2336 ex.
846 2296 885 2351 gr.
903 2278 952 2344 27,
972 2279 1014 2343 ll,
1041 2281 1094 2337 ubi
1117 2284 1151 2345 iu
1177 2287 1239 2360 opti·
1290 2276 1292 2299 ³

780 2362 833 2428 mia
856 2362 931 2429 libris
957 2377 1068 2439 sponte
1091 2390 1158 2426 sua
1179 2373 1239 2427 scri·

779 2458 856 2532 ptum
875 2461 925 2510 est.
939 2443 1097 2515 -'Leid.1.
1118 2457 1204 2517 Voss.
1216 2478 1238 2517 u.

780 2534 828 2604 ala:
847 2540 909 2624 quia
923 2538 1022 2603 bellum
1035 2552 1069 2598 et
1082 2547 1178 2607 maius
1191 2556 1237 2605 cet.

780 2653 815 2664 —
841 2623 876 2680 Pa
904 2628 983 2692 „siue
1007 2649 1029 2686 s.
1048 2649 1075 2689 c.
1098 2635 1236 2691 accitus“.

779 2708 844 2776 lull
852 2709 998 2774 litterarum
1009 2717 1160 2775 metathesi
1171 2723 1237 2776 scri·

778 2806 856 2878 ptum
873 2809 914 2855 eat
933 2802 1013 2866 „si-ue
1032 2812 1092 2867 soe,
1106 2808 1236 2864 accitus'“

779 2904 829 2961 pro
848 2907 907 2945 sco.
926 2887 969 2947 cf.
988 2891 1014 2954 5,
1033 2892 1079 2949 46.

725 2970 752 3026 7.
779 2972 818 3026 ab
843 2973 899 3046 Ap.
929 2975 1056 3031 claudio
1086 2966 1149 3055 pii.
1183 2982 1234 3047 (Ρι

778 3062 836 3135 pi.)
860 3067 1017 3117 retractum
1042 3068 1172 3138 quidam
1193 3072 1234 3124 ui·

779 3143 847 3199 deri
863 3148 985 3204 uolunt.-
1003 3149 1060 3210 ΡΜ.
1080 3185 1118 3194 -
1143 3154 1178 3210 P:
1204 3159 1234 3211 iu

778 3241 910 3292 senatum.
944 3233 986 3294 Cl.
1005 3239 1031 3304 3,
1051 3242 1111 3296 10.=
1132 3245 1231 3298 iactata

778 3338 827 3395 per
852 3320 954 3397 aliquot
976 3323 1034 3380 dies
1058 3347 1124 3383 cum
1140 3332 1169 3384 iu
1189 3352 1230 3385 se·

778 3415 841 3462 natu
861 3428 903 3463 res
921 3420 977 3466 turn
1001 3413 1072 3486 apud
1093 3415 1230 3491 populum

778 3504 827 3551 est.
847 3497 873 3559 7,
893 3497 934 3558 11.
952 3495 986 3552 al.
1005 3529 1039 3539 ·-
1057 3497 1149 3555 Paulo·
1164 3514 1230 3578 post

754 3577 841 3642 =Plu=
860 3580 989 3638 aduersus
1008 3603 1055 3643 uu.
1074 3588 1205 3663 populos.

708 3681 750 3740 11.
776 3684 941 3757 perieulum
958 3707 1039 3743 esse:
1058 3687 1080 3742 P
1098 3711 1134 3747 m.
1155 3695 1181 3751 b.
1201 3703 1229 3747 et

777 3769 834 3825 duo
851 3789 920 3829 rece.
938 3772 1017 3833 codd.
1039 3807 1073 3816 -
1097 3776 1120 3831 P
1143 3800 1180 3839 m.
1202 3784 1227 3839 1.

776 3853 804 3910 ll
833 3876 869 3916 m.
900 3861 937 3918 l.:
969 3862 1126 3937 „periculos
1159 3872 1227 3932 ee‘ss

776 3941 850 4017 quud
867 3963 917 4020 pro
938 3950 1071 4020 periculo
1089 3953 1226 4026 scriptum

775 4027 891 4095 videtur.
917 4032 1070 4109 Deindetn
1083 4035 1111 4092 lll
1129 4038 1226 4096 ultima
