2618 4590
154 179 221 263 616
626 194 736 256 stultu
753 197 789 257 X.

153 367 248 424 netur
270 358 451 453 quisquam.
488 358 617 427 Bellum
645 359 687 427 ab
714 359 832 428 eodem
853 359 986 428 consule
1011 357 1262 448 haudquaquam

154 463 362 532 memorabile
385 465 538 532 adversus
560 465 753 532 rebellantes
774 465 921 557 Aequos,
934 536 937 544 ,
951 487 1032 531 cum
1056 474 1198 554 praeter
1217 466 1263 531 ani

154 589 227 633 mos
249 565 373 637 feroces
395 568 474 635 nihil
495 564 538 636 ex'
560 569 689 661 antiqua
711 569 838 638 fortuna
860 569 1035 652 haberent,
1059 578 1201 658 gestum
1221 581 1263 636 est

153 669 234 738 alter
267 674 381 740 consul
402 673 558 766 Apuleius
586 673 619 740 in
647 674 781 741 Umbria
807 672 993 764 Nequinum
1024 672 1200 762 oppidum
1225 674 1266 740 cir·

126 779 329 846 tcumsedit:
350 778 442 845 locus
465 788 533 845 erat
555 779 672 846 arduus
695 779 778 846 altus
800 789 895 868 atque
917 777 950 842 in
972 787 1073 867 parte
1098 801 1172 844 una
1194 803 1265 868 prae

156 883 321 974 ceps,4ubi
343 905 429 950 nunc
443 882 562 950 Narnia
584 884 644 951 sita
665 895 724 968 est,
745 905 807 950 nec
828 883 861 950 vi
883 905 945 949 nec
966 882 1191 983 mupimento
1213 884 1267 974 capi

152 999 289 1079 poterat,
310 987 420 1078 itaque
445 1011 516 1055 eam
532 987 684 1055 infectam
705 1012 775 1055 rem
788 978 837 1054 Ml
848 985 980 1054 Fulvius
991 986 1123 1054 Paetus
1137 987 1182 1055 T.
1195 986 1267 1074 illan

152 1092 214 1164 lius
236 1093 421 1188 Torquatus
450 1091 526 1161 novi
554 1091 704 1162 consules
737 1101 939 1183 accepemnt.
976 1091 1012 1158 in
1042 1115 1129 1158 eum
1161 1117 1267 1159 annun

202 1313 262 1375 ,ita
271 1312 389 1368 minetur
400 1308 673 1388 quisquam-Com
813 1330 903 1390 quam.
926 1341 960 1352 -
987 1311 1158 1370 Haberent
1182 1311 1269 1370 excidit

222 1397 338 1459 medicei
356 1401 541 1458 auctoritatem
559 1399 588 1456 in
605 1399 672 1455 scri·
815 1400 843 1455 iu
862 1397 939 1457 Leid.
959 1415 978 1456 1.

226 1494 306 1567 ptura
326 1486 512 1544 constituenda
530 1486 615 1542 secuti
633 1485 673 1541 ni·
762 1486 788 1545 l.
816 1485 895 1543 alter
924 1489 1006 1544 cont.
1035 1485 1216 1560 Apuleius.-
1240 1485 1269 1543 ll.

224 1570 264 1630 til
282 1571 355 1632 aliud
377 1575 432 1649 pisi
454 1593 534 1632 uuam
555 1570 674 1629 litteram
815 1573 849 1631 cl.
869 1575 917 1641 10,
935 1573 961 1631 5.
989 1601 1025 1613 -
1055 1570 1097 1628 P:
1127 1573 1201 1631 alter
1223 1581 1269 1635 coi.

223 1659 413 1731 iudicauimus,
435 1662 592 1741 praesertim
612 1680 674 1717 cum
815 1658 935 1739 apuleus.

224 1745 288 1807 lnP
307 1768 360 1805 vox
378 1751 457 1806 serio
471 1750 571 1818 integra
592 1755 672 1807 esset.
761 1747 787 1806 5.
815 1748 900 1803 locus
926 1753 992 1803 erat
1018 1745 1155 1806 arduus
1179 1749 1270 1806 auus:

222 1833 297 1911 quod
315 1845 404 1892 autem
421 1835 456 1892 ad
468 1855 552 1892 sumr
569 1836 597 1891 iu
611 1833 672 1892 cod.
751 1900 756 1909 .
814 1830 930 1890 MLeid.
943 1850 961 1890 1.
980 1829 1063 1892 Voss.
1076 1853 1108 1894 ιι.
1128 1835 1184 1908 al]
1202 1837 1270 1893 locus

222 1918 246 2005 l)
264 1924 367 1988 attinet,
385 1941 414 1979 m
433 1923 472 1978 ibi
489 1931 520 1978 ut
537 1922 672 1977 sexcentIs

222 2007 282 2067 aliis
309 2010 378 2067 locis
406 2009 528 2067 additum
556 2008 671 2075 videtur,

223 2105 251 2153 et
269 2117 322 2155 sur
340 2097 470 2175 reliquiae
487 2097 563 2157 vocis
582 2115 671 2152 seruo

223 2202 283 2239 esse
296 2185 437 2246 metathesi
450 2182 495 2241 illa
513 2183 670 2251 litterarum,

223 2290 275 2348 qua
294 2270 362 2326 nihil
380 2273 409 2326 in
429 2272 449 2327 P
470 2273 577 2344 saepius
596 2272 670 2329 inve·

222 2357 304 2424 nitur,
322 2358 394 2412 inter
411 2376 441 2412 se
459 2357 595 2419 confusae.
613 2355 671 2412 vult

221 2441 303 2515 igitur
320 2441 414 2499 Livius
437 2443 540 2510 dicere,
566 2451 670 2499 tantum

222 2527 306 2589 luisse
324 2529 455 2611 pudorem
479 2528 534 2586 illis
552 2531 671 2606 antiquis

221 2617 390 2695 'temporibus
408 2627 438 2675 ut
455 2619 578 2693 graviore
597 2616 670 2675 dicto

221 2703 250 2763 ln
273 2703 332 2779 lege
354 2703 442 2787 aliqua
467 2703 583 2763 iubenda
602 2724 670 2788 opus

184 2795 188 2802 '
221 2790 277 2851 nou
296 2800 380 2849 esset:
410 2812 458 2849 sua
477 2802 566 2848 tamen
584 2802 671 2848 aetate

222 2882 324 2951 tautam
348 2899 407 2935 esse
427 2879 565 2936 hominum
583 2882 669 2956 impu·

179 2966 182 2973 ⁴
223 2964 353 3034 (lentiam,
380 2975 411 3022 nt
433 2986 467 3021 ne
490 2987 584 3022 servus
611 2969 669 3040 qui-

223 3050 285 3111 dem
309 3053 374 3108 hero
397 3072 447 3108 suo
471 3052 582 3108 obedire
600 3051 670 3109 velle

222 3138 369 3207 videretur,
387 3140 411 3197 si
430 3137 476 3200 ille
488 3148 542 3195 tam
560 3137 615 3196 leni
628 3159 669 3194 re·

222 3203 297 3287 linire
307 3235 415 3307 peccata
425 3236 603 3302 praecaveret.
616 3247 670 3285 vox

222 3315 301 3375 seria
320 3315 403 3387 igitur
425 3313 518 3370 deesse
537 3335 590 3371 non
610 3323 669 3390 pot-

223 3409 275 3461 est:
306 3401 439 3476 significat
458 3403 545 3471 enim,
568 3399 669 3478 aliquid

222 3488 255 3547 ab
268 3486 333 3543 hero
350 3509 416 3549 cum
434 3498 515 3545 certo
532 3498 668 3564 expecta·

221 3574 300 3636 tione
323 3575 423 3643 iuberi,
451 3577 549 3632 iuraui
570 3596 625 3631 suo
649 3595 670 3632 a

220 3663 316 3718 servir
336 3664 567 3738 obtemperatum
585 3665 632 3719 iri.

168 3747 193 3807 1.
222 3747 332 3804 bellum
354 3749 392 3805 ub
415 3750 519 3811 eodem
546 3752 670 3807 eoresule

221 3834 460 3911 haudquaquam
477 3839 670 3894 memorabile

222 3922 670 3983 cet.:Pm.a.-Pm.1.l1

157 4064 160 4070 .
221 4007 299 4071 Leid.
313 4028 330 4068 1.
351 4010 419 4073 [ιον.
438 4014 479 4070 ¹i.:
507 4008 670 4090 haudquam·

814 1929 871 1975 erat
889 1918 989 1975 arduus
1007 1919 1072 1989 (P).
1097 1922 1270 1980 Drakenbor·
1303 1914 1306 1923 ¹

815 2006 892 2065 'chius
915 2008 944 2062 in
962 2026 1030 2063 voce
1054 2010 1144 2067 altus
1164 2011 1271 2069 alteram

814 2097 891 2151 vocis
909 2094 1027 2151 arduus
1045 2098 1218 2174 scripturam
1234 2102 1270 2157 ri·

814 2181 879 2240 dere
900 2181 969 2239 vult:
1000 2181 1051 2239 sed
1075 2204 1136 2240 non
1164 2206 1269 2262 semper

762 2267 765 2271 ⁴
812 2271 907 2327 ultum
925 2278 967 2325 est
985 2269 1060 2346 qnod
1079 2273 1216 2330 arduum
1233 2276 1268 2332 vi·

812 2356 899 2420 detur.
929 2359 1032 2414 maiore
1055 2359 1120 2416 inre
1144 2361 1267 2423 dubitare

809 2451 928 2521 poterat,
956 2445 1021 2522 quid
1047 2448 1123 2502 inter
1150 2449 1267 2505 arduus

814 2537 841 2584 et
867 2551 1011 2606 praecepa
1042 2534 1200 2595 interesset.
1232 2567 1264 2579 -

812 2614 853 2672 tl:
872 2627 951 2692 atque
969 2622 997 2675 in
1015 2630 1095 2694 parte
1118 2643 1172 2679 nna
1191 2643 1263 2700 prae·

812 2723 861 2781 cps
879 2705 926 2760 ubi
943 2725 1015 2762 nunc
1027 2709 1120 2764 narnia
1133 2711 1185 2767 rita
1201 2719 1248 2768 est.

758 2792 787 2848 7.
812 2791 854 2849 M.
872 2791 999 2851 Fuluius
1012 2793 1146 2853 Paetus:
1164 2794 1261 2866 eodm]

811 2875 848 2935 lli.
875 2876 897 2932 F
899 2877 986 2936 ulvius
1014 2880 1144 2939 Paetiuns
1172 2883 1263 2959 (Pigh.

811 2982 867 3023 sec.
885 2964 945 3025 last.
959 2963 1049 3044 Capit.
1062 2971 1220 3048 triumplu).
1232 3003 1263 3018 -

811 3049 902 3108 Paeti
936 3073 1086 3129 cognomen
1118 3058 1263 3114 multarum

811 3139 932 3213 gentium
956 3139 1015 3201 fuit.
1046 3143 1083 3203 cl.
1106 3142 1178 3204 Plln.
1201 3147 1263 3204 hist.

811 3234 866 3282 nat.
886 3229 934 3294 11,
953 3229 997 3287 37.
1015 3231 1059 3288 55.
1090 3231 1153 3290 Liv.
1174 3236 1205 3300 7,
1227 3236 1262 3291 1.:

809 3309 960 3370 Mamercus
973 3345 1007 3359 -
1020 3315 1210 3377 Mamercinus.
1229 3353 1262 3361 -

810 3396 850 3457 ll:
881 3411 961 3479 petus
988 3413 1018 3461 et
1043 3405 1169 3465 manlius.
1200 3405 1261 3462 Pll:

812 3490 877 3546 noui
887 3497 943 3551 cos.
954 3501 1123 3568 acceperunt.
1132 3525 1168 3541 ι-
1177 3491 1261 3549 Panlo

811 3585 874 3631 ante
891 3575 969 3635 Leia.
982 3597 998 3636 r.
1019 3577 1097 3638 Voss.
1112 3599 1138 3637 u.
1158 3577 1261 3642 Loml.

812 3660 860 3721 al.:
880 3664 970 3739 ltaque
987 3664 1114 3723 inlectam
1132 3687 1200 3726 rem.

758 3749 783 3809 8.
814 3751 845 3805 iu
863 3770 929 3806 eum
948 3771 1058 3810 anuum
1075 3774 1143 3810 eum
1157 3755 1193 3830 Q.
1205 3756 1262 3812 Fu·

812 3838 891 3894 bium
918 3846 995 3897 caii.
1025 3860 1085 3895 reon
1113 3851 1263 3916 petentem

814 3943 915 3982 omnes
939 3926 1071 3982 dicerent
1093 3933 1263 3986 centuriae:

765 4080 769 4085 ,
812 4008 847 4071 tt.
867 4043 900 4055 -
919 4011 952 4068 P:
971 4014 1000 4073 iu
1013 4033 1073 4072 eum
1087 4034 1189 4074 annum
1202 4037 1264 4077 cum
