2618 4590
38 382 41 387 ι
149 233 214 347 1'18

616 296 724 359 [ABER
740 296 787 360 vt

125 491 129 499 ·
149 467 183 526 et
204 458 425 549 seponendum
445 470 535 531 extre
549 471 710 529 eertamen
725 458 859 528 alterum
874 457 1076 527 consulatum
1092 459 1133 527 ad
1147 483 1247 550 quem

39 629 44 638 ,
149 561 237 653 plebi
258 563 300 632 sit
327 563 444 648 aditus,
477 565 629 656 queniam
657 565 690 633 in
718 565 890 634 certamine
918 563 1046 631 relictus
1069 564 1248 654 praenimia

150 688 278 758 semper
298 666 484 759 potention‘s
505 669 630 739 bibims
652 670 704 739 sit.
739 693 801 738 nec
821 668 886 737 iam
906 691 1002 759 posse
1024 667 1086 736 diei
1106 667 1138 736 id
1160 670 1247 758 quod

153 781 245 839 antea
266 772 383 841 iactare
405 772 489 841 soliti
509 773 593 860 sint,'
613 799 678 844 non
700 798 772 843 esse
799 773 833 841 in
859 771 981 864 plebeis
1008 772 1141 841 idoneos
1163 762 1256 840 viros

114 875 192 943 tad
214 876 330 947 curulis
352 877 567 969 magistratus:
588 903 668 947 num
690 879 745 973 qui
768 878 853 947 enim
868 878 1031 946 socordius
1053 888 1107 946 aut
1122 877 1249 970 segnius

149 1001 219 1048 rem
246 980 407 1071 publicam
429 981 636 1050 adininistrari
661 993 738 1074 post
757 981 851 1052 Publi
873 982 974 1050 Licini
995 980 1087 1049 Calvi
1112 981 1249 1050 tribune·

64 1159 67 1167 ,
148 1092 228 1169 tum,
250 1085 306 1176 qui
327 1085 447 1177 primus
470 1085 628 1179 explebe
650 1096 774 1156 creatus
797 1086 846 1171 sit,
868 1111 968 1179 quam
988 1109 1047 1177 per
1068 1108 1126 1152 eos
1148 1107 1249 1152 annos

149 1198 238 1281 gesta
260 1188 302 1257 sit
323 1189 438 1281 quibus
452 1202 578 1282 praeter
596 1190 744 1282 patn‘cios
761 1216 858 1262 nemo
874 1191 1018 1258 tribunus
1032 1189 1169 1258 militum
1183 1189 1250 1257 fue·

149 1290 210 1359 rit?
231 1291 308 1382 quin
330 1305 439 1363 eontra
461 1284 753 1389 patricios'aliquot
769 1298 935 1366 damnatos
957 1304 1032 1385 post
1045 1294 1250 1377 tribunatum,

42 1420 52 1431 ‘
103 1395 311 1463 1oneminem
331 1396 502 1488 plebeium.
540 1412 726 1492 quaestores
748 1424 878 1493 quoque
899 1399 982 1467 sieut
1007 1398 1151 1466 tribunos
1172 1397 1251 1465 mili-

150 1506 221 1569 tum
241 1501 352 1590 paucis
376 1513 450 1571 ante
471 1503 560 1572 aunis
583 1528 625 1574 ex
647 1507 742 1600 plebe
764 1515 898 1598 coeptos
927 1502 1040 1586 ereeri,
1066 1526 1128 1571 nee
1155 1501 1250 1569 ullius

151 1625 263 1675 eorum
289 1607 446 1699 populum
466 1607 649 1680 Romanum
676 1610 879 1703 paenituisse.
918 1607 1121 1677 consulatum
1142 1628 1250 1697 super·

169 1776 196 1840 l.
222 1786 253 1837 ei
274 1782 476 1857 seponendum
496 1792 586 1843 extre
605 1804 667 1844 cer·

219 1874 318 1924 tomen
327 1869 665 1930 alterumeenaulotums

174 1994 180 2015 .
218 1948 283 2012 Pol:
301 1956 354 2013 uisi
373 1956 445 2033 quod
459 1957 666 2038 inPseriptom

220 2049 262 2097 est
279 2049 482 2110 ‚‚eertamem“=
510 2045 545 2108 el.
563 2050 590 2118 5,
608 2050 665 2109 lon

219 2126 324 2189 flamen.

168 2212 195 2272 9.
222 2223 272 2290 qm
300 2216 331 2271 in
358 2219 516 2277 certamine
542 2221 666 2284 relictus

218 2302 384 2373 proemium
396 2324 512 2380 semper
522 2309 665 2381 potentie·

219 2386 263 2442 rie
273 2391 404 2458 futurus
426 2393 482 2449 sit:
502 2391 561 2451 ΡΜ.
590 2391 665 2450 loll

189 2514 194 2533 .
218 2472 350 2552 seriptum
376 2485 417 2533 est
442 2497 478 2537 m.
505 2480 532 2538 3.
551 2478 666 2552 sutura]

218 2559 267 2627 sit,
286 2561 360 2638 quod
377 2582 410 2621 ex
426 2562 538 2622 Liviana
555 2566 665 2624 dieenffi

220 2647 325 2731 ratipue
350 2650 466 2730 quodam
492 2653 575 2711 modo
600 2674 664 2729 pro·

218 2731 277 2791 bari
301 2746 399 2815 potest.
418 2739 502 2800 ,idem
521 2740 665 2815 futurum

218 2824 350 2902 reperitur
371 2827 401 2883 iu
423 2847 494 2889 reee.
522 2827 601 2888 codd.
628 2861 664 2872 -

219 2905 263 2968 cf.
274 2913 300 2980 3,
311 2914 374 2973 (37.3
392 2915 421 2974 hi
437 2914 507 2974 ferre
518 2936 596 2993 agere
608 2916 664 2994 ple-

220 2995 280 3051 bem
298 2997 440 3078 plebisque
457 3020 514 3070 sse,
533 3023 594 3061 eum
612 3003 666 3060 let·

220 3088 283 3136 tuna
312 3103 363 3159 qua
390 3085 522 3164 quidquid
546 3091 665 3164 cupitum

220 3164 290 3222 foret
306 3172 468 3246 potentioris
486 3182 566 3231 esset.

165 3251 193 3311 4.
218 3273 279 3310 non
289 3276 357 3313 ease
374 3259 405 3316 in
413 3259 528 3335 plebeis
540 3262 665 3321 idoneae

218 3341 301 3399 uiros
314 3344 359 3402 od
374 3347 489 3409 eurulis
505 3350 664 3428 magistre·

217 3434 282 3485 tus:
301 3429 360 3504 Pu]
388 3453 445 3489 uon
468 3454 529 3492 esse
551 3438 580 3495 io
606 3436 663 3514 ple·

218 3511 287 3571 beiis
304 3545 338 3561 -
356 3518 391 3576 ad
409 3521 515 3582 curules
527 3522 664 3596 magistre-

218 3605 272 3660 tttt.
294 3630 330 3649 ν·-
354 3604 430 3666 lull
452 3611 584 3686 seriptum
607 3620 666 3668 erat

217 3701 254 3788 su.
273 3687 311 3749 1.=
328 3692 412 3753 aoliti
426 3697 475 3759 sit.
492 3696 568 3761 Mu.
584 3699 613 3759 3.
628 3697 665 3758 1²2

217 3779 282 3833 saut.

165 3852 195 3916 Β.
218 3872 289 3943 nuos
306 3863 362 3934 ped
377 3866 470 3924 enim:
487 3869 538 3930 uu
548 3871 622 3935 Harl.
633 3875 664 3947 u]

62 3945 351 4326 UH
359 3951 440 4013 mim.
455 3952 583 4073 ‚z‘Werele
593 3961 664 4019 deun

317 4106 321 4111 ,
483 4084 502 4115 ·¹
545 4086 553 4103 ·
584 4088 592 4115 ,
640 4069 664 4107 .:

807 1805 865 1844 eem
882 1784 1008 1842 tribunos
1024 1781 1111 1860 plebis
1123 1779 1251 1839 feceritis.

805 1872 840 1934 al.
853 1904 888 1916 -
901 1870 972 1929 Cum
989 1869 1057 1928 illud
1073 1869 1126 1946 qui
1141 1886 1191 1946 pro
1203 1886 1252 1923 uo·

804 1961 935 2018 minauvo
953 1957 1104 2024 baberetur,
1121 1956 1253 2033 seriptum

806 2055 849 2103 est
865 2048 895 2104 in
906 2044 955 2103 ΡΜ
969 2087 986 2114 ‚‚
992 2065 1051 2124 rep
1063 2043 1253 2100 administrare

803 2142 904 2212 potest
920 2142 983 2211 post
999 2129 1076 2208 publi
1088 2130 1164 2188 lieiui
1182 2126 1252 2186 ealui

804 2220 1010 2278 tribunatum“:
1045 2215 1181 2294 similique
1210 2235 1251 2270 er·

805 2326 868 2367 sore
885 2309 914 2364 in
932 2305 989 2364 rell.
1008 2304 1088 2362 eodtl.
1106 2304 1137 2361 ln
1149 2301 1252 2385 Harl'i.

806 2396 879 2453 enim
905 2413 965 2469 esse
992 2393 1092 2451 dieitur
1117 2389 1251 2460 „aalmioi

805 2470 894 2539 strare
915 2489 1022 2557 potens
1042 2487 1107 2559 post
1126 2497 1155 2555 p.
1175 2474 1251 2533 licini

805 2567 876 2628 ealei
888 2567 1088 2624 tribunatum“:
1106 2566 1134 2622 io
1146 2561 1222 2621 Leid.
1232 2580 1251 2622 1.

806 2654 1020 2724 „administrare
1046 2661 1139 2730 potest
1162 2648 1251 2730 publi·

805 2744 861 2800 eini
891 2739 961 2799 calui
989 2742 1160 2800 tribunatu“.
1199 2734 1251 2798 Et.

803 2827 885 2890 Frob.
913 2832 992 2889 1535.
1019 2847 1111 2886 veram
1136 2825 1250 2905 seriptu-

805 2938 863 2976 ram
880 2918 1007 2975 restituit.
1026 2946 1061 2959 -··
1087 2911 1153 2972 Pete
1171 2932 1249 2970 nemo

805 3013 842 3065 tr.
859 3004 915 3062 mil.
937 3006 1026 3064 luerit.
1055 3030 1091 3046 ·-
1119 2999 1159 3058 ll:
1185 3000 1251 3077 quin

806 3103 901 3150 eontra
922 3091 1052 3172 patricios
1075 3087 1190 3164 aliquod
1205 3086 1251 3145 (la-

807 3176 1164 3258 mnatospostribuluatom.
1174 3176 1251 3237 uuis

807 3266 920 3346 aliquot.

734 3355 778 3417 11.
804 3374 859 3412 nee
875 3355 968 3413 ullius
980 3370 1083 3411 eorum
1097 3358 1172 3426 ρῆν.
1181 3369 1252 3428 poe·

805 3436 1251 3518 nituissetll:penituisse):Pll.

806 3558 841 3573 -
854 3527 917 3586 PM:
930 3527 1099 3585 consulatum
1110 3545 1252 3605 superesse

804 3611 920 3696 plebeis.
950 3635 1009 3672 eam
1031 3635 1092 3672 esse
1112 3632 1202 3672 arcem
1218 3611 1251 3670 li·

805 3701 917 3760 bertatis
942 3703 974 3760 id
1000 3702 1131 3761 columen.
1164 3701 1190 3758 si
1217 3719 1251 3757 eo

804 3799 964 3870 peruentum
985 3792 1024 3847 sit
1047 3798 1104 3847 tum
1121 3792 1163 3868 pt.
1185 3806 1251 3844 uere

804 3887 913 3937 exactos
939 3898 973 3936 ex
1002 3877 1069 3935 urbo
1095 3895 1171 3951 reges
1199 3884 1251 3936 eet,

803 3961 848 4024 Gi.
865 3967 897 4035 6,
920 3968 960 4027 9.:
986 3964 1016 4023 it
1040 3971 1121 4041 eaput
1137 3960 1250 4022 Vulsco-

802 4071 862 4115 tum
898 4074 957 4112 eam
992 4053 1075 4111 fuisse
1110 4051 1249 4130 originem.

804 4141 945 4210 u‚15.·t.
1046 4175 1049 4180 ·
