2618 4590
511 270 640 333 ..urunt
656 272 713 334 vu.
895 369 898 378 1
1106 262 1173 332 278

72 415 203 522 postem
226 432 277 500 (lie
299 454 376 499 oum
398 434 511 502 eadem
538 433 722 502 deliberatio
749 443 888 519 teneret,
914 461 956 507 ex
983 440 1171 530 praedatori·

41 537 134 620 xbus
162 537 250 628 vagis
279 537 410 628 quidam
437 550 640 629 conpertum
658 540 830 608 attulenmt
854 541 895 608 Τ.
922 543 1106 631 Quinctimn
1138 544 1171 611 in

71 641 258 732 Tusculano
292 666 403 733 agrurn
436 643 542 711 colere
573 643 660 712 urbis
693 644 916 736 honorumque
949 646 1174 721 inmemorem.

69 744 221 837 patriciae
242 745 295 813 hic
316 746 364 814 vir
385 747 487 838 gentis
509 759 592 831 erat,
626 748 677 815 eui
705 773 781 817 eum
806 750 937 817 militiae
958 775 1073 841 magna
1096 776 1170 820 eum

70 850 173 941 gloria
205 862 295 918 actae
323 851 421 920 finem
447 875 506 944 pes
535 853 616 920 alter
643 877 685 921 ex
712 854 845 924 vulnere
872 856 1006 924 claudus
1034 856 1200 940 lecissett

68 944 136 1020 ruri
164 979 257 1046 agere
279 955 378 1024 vitam
403 956 517 1047 procul
545 956 717 1026 ambitione
739 981 779 1025 ac
804 959 876 1028 foro
907 959 1079 1028 constituit.
1115 984 1171 1028 no·

66 1057 155 1125 mine
177 1059 285 1128 audito
307 1062 471 1154 externplo
494 1085 651 1152 agnovere
673 1061 778 1131 virum
800 1073 833 1131 et
855 1062 943 1153 quod
964 1051 1049 1132 bene
1070 1055 1171 1155 rette-

65 1174 118 1230 ret
144 1163 237 1231 acciri
265 1165 436 1233 iusserunt.
469 1167 529 1233 sed
555 1189 670 1256 pamm
698 1166 767 1258 spei
795 1178 863 1234 erat
888 1167 1053 1237 voluntate
1086 1168 1171 1260 quie·

64 1282 166 1356 quam
188 1268 362 1337 facturum:
384 1270 451 1337 vim
474 1270 615 1340 adhiberi
637 1296 676 1340 ac
696 1271 963 1363 metuurplacuit.
993 1272 1108 1362 xitaque
1131 1269 1170 1338 si·
1274 1288 1276 1294 '

62 1370 165 1454 lentio
186 1373 289 1440 noetis
318 1397 393 1442 cum
419 1386 542 1444 tectum
562 1376 658 1444 villae
687 1375 743 1468 qui
773 1377 813 1443 ad
839 1375 872 1442 id
898 1373 988 1473 missi
1013 1385 1103 1442 erant
1123 1373 1215 1469 into

62 1485 211 1560 trassent,
232 1500 347 1547 somno
368 1503 501 1571 gravem
516 1480 702 1570 erinctium
723 1501 914 1573 oppressum
934 1517 979 1530 ·-
1000 1477 1079 1546 nihil
1101 1501 1167 1547 me·

81 1659 109 1721 2.
140 1661 173 1722 Τ.
193 1661 346 1738 Quintium
363 1665 394 1722 in
413 1665 581 1726 Pisaeulauo

134 1748 582 1830 agrumcolererPM.—Lov.l.s

134 1833 164 1894 io
177 1830 334 1904 Tuseulsuo
357 1837 452 1899 solere.
488 1838 532 1902 Cf.
552 1841 581 1913 3,

725 1675 816 1742 atque
833 1659 977 1721 honorem
987 1671 1042 1721 aut
1059 1661 1111 1720 ubi
1124 1678 1169 1721 re·

723 1749 841 1811 stitaret
861 1754 984 1808 mortem
1006 1752 1044 1811 ni¹
1065 1769 1168 1826 seque·

721 1847 805 1896 retur
821 1837 1045 1896 denuntiantes:
1062 1834 1120 1893 PM.
1133 1867 1169 1880 -

134 1924 192 1982 Mi:
219 1943 283 2001 spes
305 1924 384 1982 unlea
405 1927 512 2006 imperii
529 1948 579 2006 po·

133 2010 191 2088 puli
200 2013 305 2069 romani
313 2010 494 2087 L.Quinetius
503 2026 580 2074 trans

132 2095 253 2155 Tiberim
265 2131 299 2142 -
314 2099 419 2156 colebat
427 2119 519 2175 agrum
529 2113 579 2161 eet.

134 2212 168 2227 -
185 2184 259 2246 Harl.
273 2206 305 2246 r.=
330 2188 438 2248 coleret.
458 2186 535 2251 Leid.
547 2210 579 2250 r.t

134 2271 274 2334 coleretur.

69 2359 104 2420 b.
131 2378 186 2436 pes
204 2363 282 2419 alter
298 2382 339 2420 eae
357 2365 481 2423 uulnere
497 2365 578 2423 elau·

132 2447 207 2504 duas
223 2448 285 2506 PM:
307 2471 467 2528 quamquam
488 2443 580 2529 primo

130 2536 160 2592 in
177 2532 200 2590 P
215 2556 273 2612 pas
289 2535 384 2597 fuerat.
396 2538 466 2596 -P
481 2558 518 2598 m.
537 2541 577 2596 1.2

26 2641 35 2653 ·
131 2621 421 2699 feeissetruriaeagere.
450 2625 485 2669 ··'·
512 2625 589 2683 PMs'

129 2708 227 2786 procul
244 2709 390 2768 ambitione
402 2731 434 2767 ae
445 2712 513 2772 loro.
531 2711 576 2775 Cf.

130 2797 158 2861 6,
172 2796 216 2854 16.
231 2793 300 2855 hor.
311 2796 352 2854 h:
368 2796 464 2872 procul
475 2800 509 2856 ab
520 2817 576 2858 am·

99 2898 107 2913 ¹
128 2881 233 2938 bitione
250 2889 277 2937 et
293 2880 363 2945 loro.

64 2971 100 3030 8.
130 2968 190 3026 sed
197 2986 305 3044 parurn
314 2958 457 3045 speierat
473 2971 586 3051 uolua·

130 3064 192 3113 tate
222 3058 381 3134 qur'equam
401 3057 576 3130 facturum:

129 3143 187 3203 PM.
214 3142 257 3200 (ll.
274 3145 301 3212 3,
319 3145 377 3203 69.:
391 3146 512 3222 „pausis
529 3164 575 3203 ao·

129 3229 252 3288 hortibus
264 3239 383 3289 veterum
397 3231 513 3289 militum
523 3253 574 3291 aa·

72 3362 75 3367 -
128 3319 244 3376 luntate
260 3319 473 3395 sequentibus“s
491 3328 520 3377 et
534 3320 575 3378 sie

721 1920 766 1984 Gi.
784 1926 811 1993 2,
828 1925 886 1981 lta
912 1924 1074 2004 sequebatur
1089 1922 1169 1980 turba

722 2044 757 2056 -
780 2023 955 2087 cognatorum
982 2009 1169 2086 sodaliumque

722 2097 791 2156 nibil
809 2099 927 2156 medium
950 2118 1002 2156 nee
1022 2116 1102 2173 spem
1118 2115 1169 2152 nee

722 2205 812 2244 euram
823 2185 873 2242 sed
881 2186 1002 2243 inmensa
1012 2186 1101 2242 omnia
1109 2180 1168 2240 vol·

721 2275 841 2333 rentimu
858 2274 957 2332 animo.
966 2270 1031 2329 -Ι,
1043 2270 1089 2327 Fr.
1099 2268 1167 2327 Gra·

721 2360 820 2418 novius
843 2359 927 2418 scribi
950 2357 1051 2417 voluit:
1074 2353 1167 2426 ,tnihil

718 2447 846 2516 medium,
864 2456 911 2505 aut
926 2446 1070 2526 imperium
1087 2453 1168 2524 atqua
1284 2524 1286 2529 ι

718 2534 850 2593 honorem
867 2535 897 2592 si
913 2541 1102 2610 sequeretur,
1120 2538 1168 2588 aut

719 2623 772 2680 ubi
798 2627 951 2682 restitaret
977 2629 1093 2680 mortem
1121 2613 1166 2674 (1ο-

718 2708 911 2765 nuntiantes“=
937 2727 989 2764 nee
1010 2713 1103 2783 potest¹
1118 2703 1165 2759 ‹lu-
1279 2718 1283 2727 ’

717 2793 793 2851 bium
805 2812 864 2851 esse
872 2794 938 2870 quin
950 2813 981 2848 ea
991 2795 1093 2849 ratione
1101 2792 1165 2847 sim·

717 2879 834 2956 plicitati
858 2880 990 2935 orationis
1014 2876 1165 2935 consultum

717 2966 807 3024 fuerit.
825 2965 875 3023 sed
893 2985 1053 3044 quamquam
1070 2966 1104 3024 ni
1118 2982 1165 3022 se·

718 3061 860 3130 quaerar
881 3053 955 3110 idem
976 3071 1064 3130 prope
1089 3049 1163 3128 quod

717 3141 771 3198 uhi
784 3142 936 3200 restitaret
951 3139 1100 3216 signifieat,
1123 3147 1163 3196 ta·

716 3246 779 3285 men
790 3227 856 3285 haee
865 3230 951 3286 maior
964 3229 1107 3288 verborum
1117 3245 1162 3284 eo·

717 3316 763 3392 pia
772 3316 873 3371 maiore
881 3313 927 3370 illa
938 3315 978 3382 vi,
992 3334 1062 3391 quae
1072 3313 1101 3371 in
1110 3311 1162 3370 hao

716 3400 799 3458 altera
817 3408 893 3478 parte
904 3401 1029 3476 ponenda
1040 3402 1098 3458 risa
1110 3409 1161 3470 est,

717 3488 834 3567 quodam
844 3488 926 3545 modo
937 3497 1085 3558 acumen,
1097 3507 1160 3547 eum

717 3577 788 3646 „ubi
803 3578 960 3633 restitaret“
979 3578 1056 3655 quasi
1066 3595 1160 3636 sorum

705 3666 763 3744 ‘qui
774 3664 899 3721 mandata
908 3663 1044 3734 dederant,
1056 3667 1107 3734 „ni
1116 3684 1160 3723 ss·

714 3756 863 3830 queretm“
885 3753 1006 3829 ipsorum
1029 3752 1159 3828 Quinctio

712 3840 891 3896 minitantium
899 3840 1014 3898 militum
1022 3843 1086 3898 sint.
1094 3860 1126 3896 aa
1133 3842 1159 3898 si

127 3949 182 4007 que
199 3929 301 3988 incolas
319 3938 423 3988 veteres
446 3931 510 3987 novi
528 3949 573 3986 eo·
715 3943 776 3984 eum
788 3925 927 3985 Gronovio
944 3931 974 3985 si
985 3935 1159 4004 sequeretur

98 4042 105 4069 ι
126 4013 186 4073 1οηί
203 4027 333 4074 noetuma
351 4016 433 4073 caede
450 4015 548 4074 adorti.
713 4016 914 4093 scripserimus,
940 4032 1035 4091 parum
1053 4011 1159 4070 fortiter

51 4104 99 4164 11.
128 4101 206 4160 ntttt
216 4105 344 4162 medium
352 4113 409 4160 aut
419 4104 572 4178 imperium
714 4101 743 4158 id
755 4103 855 4160 dietum
868 4102 926 4167 erit,
945 4098 1018 4176 quod
1030 4098 1158 4160 militibus
1187 4167 1195 4197 ι

78 4205 289 4268 mmmm
797 4255 806 4270 .
915 4189 956 4254 ἢ

127 3425 265 3483 persaepe.
287 3436 323 3449 -
344 3405 407 3464 PM:
429 3408 486 3465 uim
506 3406 574 3466 athi·

128 3492 195 3552 beri.
212 3492 235 3550 P
252 3513 287 3553 m.
306 3495 347 3552 Ἅι
365 3493 495 3554 adhiberi.

47 3585 100 3643 1⁰.
130 3582 307 3638 intrassent:
330 3579 352 3636 P
373 3600 409 3639 m.
432 3583 459 3640 Ξ.
480 3580 516 3640 M.
538 3610 573 3625 -·

128 3665 151 3727 P
169 3688 205 3727 m.
224 3669 262 3726 1.:
280 3669 415 3725 intrasset.
434 3697 469 3710 ··
492 3667 574 3728 Reae.

127 3757 203 3833 quid.
215 3754 307 3813 eodelr
320 3774 415 3812 somno
427 3757 510 3829 graui.
528 3753 573 3816 Cf.

127 3844 155 3912 l,
171 3845 230 3902 38.:
255 3844 344 3918 gravis
361 3861 456 3919 somno
475 3841 573 3917 apulis·
