2618 4590
519 238 703 305 rorans
767 190 819 279 .'
945 234 948 243 ·
1097 234 1162 303 165

64 418 113 474 tra
126 405 281 495 prdinem
302 427 479 495 numquam
493 405 708 496 pugnaverim,
730 430 794 474 non
815 408 843 473 si
864 419 983 475 certam
997 407 1162 477 victoriam

64 511 206 578 videam:
223 509 251 574 si
267 519 304 574 tu
318 509 481 597 permittis,
492 507 568 577 volo
581 532 641 599 ego
657 509 701 575 illi
716 508 829 578 beluae
845 513 1020 596 ostendere,
1031 514 1161 603 quando

64 614 147 681 adeo
169 614 261 680 ferox
282 613 456 701 praesultat
475 611 617 679 hostiurn
638 613 748 703 signis,
774 639 829 701 pne
852 638 893 681 ex
915 638 953 682 ea
975 617 1090 685 farffilia
1111 642 1160 685 or-

63 729 136 784 tum
157 740 239 806 quae
262 715 426 783 Gallorum
448 739 562 807 agmen
584 740 626 784 ex
647 741 728 808 rupe
749 718 885 809 Tarpeia
907 718 1054 787 deiecit“.
1091 731 1161 788 turn

66 820 201 889 dictator
226 831 353 905 „macte
373 819 513 888 virtute“
540 819 643 911 inquit
670 846 733 905 „ae
760 822 878 913 pietate
906 822 939 889 in
964 833 1088 912 patrem
1107 837 1191 913 ρει-5

65 924 220 1014 triamque
242 924 281 993 T.
303 923 402 991 Manli
429 935 514 992 esto:
546 948 644 1017 perge
673 937 707 994 et
734 949 853 994 nornen
879 927 1061 1001 Romanum
1086 925 1162 995 invi·

66 1038 153 1094 ctum
173 1022 351 1097 iuvantibus
374 1026 431 1095 dis
453 1034 613 1119 praesta“.
652 1029 861 1099 annantinde
876 1030 1026 1099 iuvenem
1047 1054 1162 1122 aequa-
1197 1036 1202 1045 “

62 1131 126 1197 lesa
147 1132 294 1222 pedestre
316 1143 444 1201 scutum
466 1133 560 1224 capit,
581 1132 723 1225 Hispano
746 1133 879 1225 cingitur
900 1134 1005 1227 gladio
1028 1135 1071 1201 ad
1091 1158 1162 1225 pro-

61 1235 185 1326 piorem
217 1236 316 1304 babili
346 1261 501 1328 pugnam:
539 1249 696 1305 annotant
723 1239 976 1331 adornatumque
1008 1241 1161 1307 adversus

61 1340 190 1407 Gallum
209 1343 325 1410 stolide
351 1342 473 1409 laetrnn
494 1354 528 1410 et
548 1380 593 1397 -
614 1343 766 1434 qroniarn
788 1341 979 1435 id'quoque
1003 1342 1158 1421 meritoria
1171 1357 1207 1410 10

61 1444 190 1535 dignum
213 1446 350 1536 antiquis
370 1446 476 1514 visum
498 1457 549 1513 est
568 1483 613 1497 -
634 1447 776 1537 linguam
803 1447 899 1516 etiarn
921 1448 962 1514 ab
985 1448 1085 1516 inrisu
1106 1472 1160 1516 ex·

60 1562 220 1618 serentem
246 1551 437 1641 producunt.
481 1550 638 1642 recipiunt
664 1552 738 1619 inde
765 1577 801 1620 se
835 1553 876 1620 ad
909 1552 1094 1637 stationem,
1127 1563 1161 1620 et

79 1772 104 1830 1.
130 1790 293 1847 numquam
306 1770 505 1849 pugnaverim
516 1787 575 1829 non

131 1860 274 1913 etcertum
283 1858 576 1915 uictoriomm'deams

132 1942 190 2002 ΡΜ.
216 1976 251 1985 -
280 1943 362 2004 Reae.
384 1944 459 2022 quid.
482 1944 575 2004 cudda

130 2034 214 2101 „nisi
239 2041 339 2089 cartem
365 2033 507 2088 uictoriam
536 2032 576 2087 ui·

131 2119 244 2176 deaur“:
280 2127 311 2175 ut
341 2120 439 2176 conlisi
474 2125 576 2195 posset,

129 2209 218 2284 primo
236 2227 275 2267 ne
296 2207 327 2269 aa·
347 2205 377 2272 lr.
394 2225 417 2266 e.
439 2226 498 2276 „no
518 2214 576 2261 turn

129 2294 261 2371 (ῃιίὀοιιιει
273 2294 404 2370 scriptum
417 2292 511 2360 l'uianrQ
526 2291 576 2350 sed

130 2380 165 2447 cl,
183 2385 210 2448 5,
222 2382 279 2439 51.:
298 2391 326 2438 ot
344 2380 379 2437 ob
398 2381 491 2438 eadem
508 2379 576 2437 haeo

129 2489 184 2527 noo
201 2470 225 2525 si
243 2467 316 2525 mille
337 2471 423 2531 senati
444 2467 575 2524 consultis

130 2556 278 2634 populique
301 2559 376 2613 iussu
402 2555 575 2622 revocaretis,
632 2573 638 2585 ·

130 2644 266 2704 rediturus
284 2662 410 2721 umquam
422 2641 527 2706 fuerim.
539 2671 575 2684 -

130 2730 153 2785 P
171 2751 207 2792 m.
228 2733 264 2789 1.;
283 2731 394 2806 inquid

79 2817 106 2872 2.
134 2818 203 2877 uolo
222 2837 277 2895 ego
296 2817 343 2876 illi
360 2818 464 2872 beluae
481 2824 576 2873 osteu-

132 2903 219 2961 dcre:
236 2901 268 2960 P.
294 2930 328 2944 -·
357 2901 397 2962 lll:
424 2900 487 2958 uolo
510 2921 576 2977 ergo

129 2987 170 3051 illi
189 2988 282 3046 beluae
303 2987 453 3046 ostendero.
489 2986 534 3054 cf.
550 2990 577 3057 2,

128 3078 187 3143 dd:
207 3097 277 3146 „eur
294 3095 358 3152 ergo
377 3084 432 3143 cet*
467 3134 470 3139 ,

67 3166 104 3225 ,1.
131 3185 173 3225 cx
196 3185 270 3239 rupe
299 3165 428 3240 Tarpeia
457 3161 576 3227 deoru.-

129 3251 158 3309 ll
175 3271 211 3314 ur.
228 3254 301 3313 3.-
315 3250 343 3308 ll
361 3271 397 3307 m.
412 3254 448 3309 l.:
467 3270 577 3328 exrnpo

130 3340 234 3418 tarpeia
264 3338 353 3397 diecit.
387 3336 410 3394 P
441 3337 518 3395 Leid.
542 3358 574 3396 1.:

131 3446 165 3481 ex
174 3444 240 3499 rupo
249 3427 334 3502 tarpei
346 3425 577 3491 adiecit.llarl.1.r

133 3512 235 3575 diieoit.
271 3509 315 3574 Cl.
333 3516 360 3580 5,
377 3516 437 3576 tt:
458 3513 492 3574 do
510 3534 575 3573 suo

131 3600 237 3660 deiecit.

78 3691 106 3748 5.
133 3695 227 3744 macte
239 3687 347 3747 uirtute
359 3687 503 3762 inquitas
516 3689 575 3762 pic-

132 3783 194 3831 tate
208 3775 239 3830 in
247 3780 363 3848 putrem
373 3775 576 3848 patriamque.-

132 3859 190 3925 ΡΜ.
213 3890 248 3902 -
280 3857 357 3919 Leid.
374 3851 406 3924 u:
432 3863 577 3937 apiatate.

131 3946 217 4029 Neap.
235 3944 308 4006 Late
325 3956 404 4026 atque
422 3950 530 4026 pietate.
542 3977 576 3988 -

133 4032 175 4092 ld:
196 4046 217 4089 tt
233 4044 253 4098 t.
274 4033 357 4099 manli
379 4043 447 4095 esto.
470 4066 505 4084 -ν
532 4031 576 4093 Cf.

718 1776 765 1841 10,
772 1774 830 1832 tn:
847 1781 878 1829 tn
888 1771 999 1851 quidem
1009 1778 1095 1833 macto
1107 1771 1160 1827 uir·

717 1869 775 1917 tuto
792 1859 983 1937 diligentiaque
1000 1868 1069 1917 esto.

636 1990 642 2011 r
663 1949 690 2005 7.
717 1957 837 2004 ormont
862 1948 932 2005 inde
954 1950 1090 2003 iuuenem
1112 1962 1161 2001 ae·

718 2037 840 2111 quoles:
858 2033 893 2092 ll.
911 2065 946 2074 -
963 2032 999 2088 P:
1017 2034 1126 2088 iuueni.

664 2121 691 2179 8.
718 2119 844 2195 drepana
858 2121 986 2199 cingitur
995 2118 1100 2197 gladio
1118 2116 1163 2175 od

714 2209 887 2282 propiorem,
902 2206 998 2264 tabita·
1012 2225 1160 2285 pugilum.-

716 2294 747 2351 l'.
761 2325 795 2345 -.·
812 2293 855 2359 tt:
873 2293 908 2358 ad
925 2289 1161 2381 priorem1hnbili

716 2402 846 2464 pugnam„
859 2413 893 2423 -·
919 2380 1089 2459 „Hispanum
1106 2377 1160 2454 gla-

716 2471 814 2527 dium“
833 2467 860 2528 h.
878 2467 897 2525 l.
920 2466 988 2526 nihil
1002 2462 1085 2525 'aliud
1101 2484 1162 2522 esse
1239 2478 1242 2487 ’

715 2578 797 2636 pona
815 2576 895 2634 quam
912 2555 1028 2632 gladium
1040 2552 1161 2632 Hispano

716 2643 833 2701 similem
851 2662 929 2699 nemo
947 2663 1001 2699 non
1020 2640 1103 2699 ridet.
1126 2638 1161 2698 cr.

718 2733 762 2798 22,
781 2733 837 2788 lu:
856 2728 965 2803 „gladii
983 2726 1067 2784 Gallis
1085 2745 1161 2810 prae·

718 2815 792 2890 longi
804 2836 836 2877 ao
845 2817 906 2879 sine
917 2815 1098 2878 mucronibus,
1114 2810 1162 2871 fli-

719 2918 804 2976 spano
830 2901 952 2976 punctim
973 2901 1057 2972 magis
1082 2917 1163 2981 qrnrn
1234 2910 1237 2915 '

719 2989 817 3047 caesim
829 2986 940 3049 adsueto
952 2994 1045 3064 potero
1058 2985 1162 3045 tasum

719 3075 850 3139 brevitate
861 3072 964 3139 habiles
982 3082 1010 3131 et
1026 3091 1088 3137 oum
1105 3091 1161 3135 mu-

718 3163 877 3224 erunibus‘t

623 3325 626 3329 Ι
648 3252 692 3315 10.
718 3259 768 3329 qffl
785 3250 819 3307 id
830 3269 948 3327 quoque
959 3249 1101 3312 mornatio
1118 3247 1161 3302 di·

687 3358 689 3362 ⁴
715 3357 810 3416 gnum
828 3337 960 3410 antiquis,
981 3335 1078 3395 uisum
1100 3342 1161 3390 cst.-

716 3423 746 3488 Ρ,
774 3455 808 3475 v-
836 3421 882 3484 lla
905 3422 1032 3497 quoniam
1049 3418 1078 3476 id
1095 3440 1158 3497 quo·

717 3531 770 3587 quo
781 3510 816 3565 od
828 3497 957 3567 memoria
971 3507 978 3580 Ι
993 3505 1102 3582 dignum
1110 3514 1160 3567 col.

718 3619 754 3655 ru.
772 3599 810 3655 Ἅι
828 3595 863 3653 ad
880 3595 1016 3656 memorio.

648 3688 691 3748 11,
717 3687 853 3762 linguam
878 3684 966 3741 etium
995 3680 1036 3739 ola
1062 3679 1162 3738 inrisu

716 3779 917 3832 exserentem:
932 3769 976 3837 ll,¹
1001 3801 1037 3816 -
1062 3767 1100 3824 1³:
1126 3767 1160 3823 ab

716 3859 802 3916 inrisu
811 3866 971 3925 exerentem,
984 3855 1061 3921 haid.
1071 3874 1103 3914 n:
1114 3873 1160 3912 ex·

718 3945 863 4013 lrorontern.¹

647 4034 692 4095 ta.
718 4032 862 4110 recipiunt
877 4031 948 4095 tado
960 4050 994 4090 ae
1005 4027 1050 4088 od
1058 4027 1159 4089 arnn-
