2618 4590
165 265 232 335 ato
615 275 735 336 ‘staua
753 274 812 336 vu.

170 443 319 511 virtutem
342 442 432 515 locus
454 463 585 532 quoque
607 439 751 532 superior
774 436 905 521 adiurit,
931 449 967 506 ut
992 438 1057 530 pila
1085 439 1193 505 omnia
1215 439 1268 505 ha-

169 560 300 639 staeque
322 571 388 614 non
408 557 574 638 tamquam
596 570 638 613 ex
660 567 765 634 aequo
794 544 892 610 missa
913 566 995 610 vana
1022 545 1109 632 quod
1131 544 1269 634 plerum-

170 677 233 743 que
254 653 290 719 lit
312 653 474 735 caderent,
509 651 567 719 sed
595 650 701 717 omnia
730 648 843 715 librata
870 647 1063 738 ponderibus
1089 649 1269 738 figerentur,

170 758 354 851 queratique
376 756 447 822 telis
464 754 557 839 Galli,
579 756 695 845 quibus
718 763 773 821 aut
788 777 925 844 corpora
939 752 1090 819 transfixa
1113 764 1167 819 aut
1182 778 1270 843 prae·

141 869 298 952 agravata
320 860 556 929 inhaerentibus
579 860 732 951 gerebant
754 870 858 942 scuta,
894 882 968 927 cum
991 881 1085 925 cursu
1112 882 1215 947 paene
1238 858 1270 924 in

171 965 340 1033 adversum
362 965 550 1045 subissent?
564 964 800 1054 primo'incerti
821 963 981 1047 restitere,
1010 963 1083 1030 dein
1106 986 1181 1028 cum
1202 963 1271 1052 ipsa

67 1140 71 1149 ,
170 1069 328 1138 cunctatio
352 1069 455 1137 ethis
479 1070 602 1138 animos
625 1069 790 1137 minuisset
812 1081 845 1136 et
867 1070 1008 1136 auxisset
1027 1067 1122 1149 hosti,
1155 1066 1271 1157 inpulsi

87 1189 96 1209 ‘
170 1184 256 1242 retro
273 1176 370 1240 'ruere
394 1173 446 1239 alii
467 1197 565 1264 super
586 1175 665 1242 alios
688 1185 891 1264 stragemque
912 1175 994 1240 inter
1022 1196 1058 1240 se
1082 1171 1179 1238 caede
1201 1172 1271 1261 ipsa

170 1279 348 1347 foediorem
381 1278 471 1362 dare,
504 1281 585 1347 adeo
614 1280 754 1371 praecipi
782 1280 875 1347 turba
904 1278 1009 1345 obtriti
1036 1276 1143 1367 plures
1175 1300 1272 1366 quam

124 1383 254 1457 tolerro
277 1383 392 1451 necati.

257 1488 377 1557 XXIV.
423 1487 572 1557 Necdum
599 1500 686 1558 certa
708 1489 859 1557 Romanis
881 1486 1012 1556 victoria
1041 1497 1123 1569 erat,
1159 1485 1218 1551 alia
1240 1486 1272 1550 in

166 1608 331 1685 campum'
346 1594 501 1683 degressis
521 1602 687 1685 supererat
707 1593 825 1661 moles:
847 1615 988 1684 namque
1009 1589 1179 1658 multitudo
1201 1588 1274 1655 Gal·

169 1696 275 1764 lorum
297 1721 428 1764 sensum
456 1721 586 1766 omnem
613 1700 685 1767 talis
714 1697 819 1765 damni
848 1719 1044 1789 exsuperans
1072 1694 1161 1762 velut
1187 1717 1273 1760 nova

169 1824 278 1869 rursus
307 1803 470 1871 exoriente
498 1805 566 1871 acie
593 1804 752 1895 integrum
779 1802 914 1872 militem
941 1803 1093 1870 adversus
1117 1799 1274 1867 victorem

123 1912 157 1968 15
169 1903 297 1973 hostem
319 1906 437 1974 ciebat:
459 1909 611 2000 stetitque
626 1931 800 1999 suppresso
814 1909 937 1999 impetu
952 1908 1127 1986 Romanos,
1150 1915 1184 1971 et
1199 1903 1274 1992 quia

168 2008 283 2077 iterum
306 2010 398 2078 fessis
422 2012 591 2079 subeunda
614 2013 774 2080 dimicatio
797 2025 865 2081 erat
886 2023 919 2080 et
941 2010 1030 2101 quod
1052 2008 1174 2091 consul,
1197 2007 1275 2073 dum

240 2248 308 2286 vana
325 2228 454 2306 pleraque
472 2261 506 2271 —-
524 2232 565 2287 sic
576 2242 606 2288 ut
623 2241 688 2308 pota

240 2316 338 2389 supino
351 2317 422 2370 iaetu
436 2345 468 2358 -
482 2312 535 2370 tela
552 2317 581 2371 in
598 2316 688 2374 locum

241 2403 408 2478 superiorem
415 2403 572 2460 mittebant:
582 2406 689 2477 gravior

242 2504 273 2542 ae
290 2486 411 2564 pondere
428 2490 489 2566 ipso
502 2486 625 2547 libratior
643 2512 687 2547 su-

242 2593 326 2650 perne
335 2595 370 2630 ex
380 2577 509 2631 onerariis
518 2580 589 2633 ictus
599 2583 687 2638 erat“.

188 2663 216 2725 5.
243 2681 310 2719 eum
326 2683 417 2720 cursu
425 2684 520 2739 paens
538 2665 569 2720 in
581 2665 687 2723 aduer-

241 2768 308 2806 sum
331 2750 495 2808 subissent.-
521 2749 552 2812 P.
580 2783 615 2796 -
644 2753 687 2811 llI:

240 2845 324 2894 wala
340 2845 455 2893 acutum
468 2856 547 2895 eursu
558 2859 644 2916 paene
658 2843 686 2896 in

241 2923 385 2980 aduersum
394 2924 686 2985 subsistent—Paulo

239 3010 371 3086 post·lll:
408 3010 598 3078 „deincircum
628 3017 689 3090 ipse

242 3098 408 3155 cunetatio“.
432 3095 512 3154 Rerc.
531 3099 625 3158 cotue
643 3101 688 3156 de·

241 3183 310 3238 inde
327 3188 388 3238 cum
406 3170 465 3260 ipsa
484 3192 534 3243 cet.

189 3272 215 3328 9.
241 3269 319 3349 odeo
329 3271 465 3346 praecipi
473 3271 562 3328 turba
574 3271 688 3329 obtriti.-

240 3354 287 3428 Μ]
307 3355 374 3412 adeo
387 3360 528 3435 praecipiti
546 3359 624 3416 turba
637 3371 688 3420 cet.

241 3441 306 3513 (P).
325 3474 359 3486 -
385 3445 448 3503 Non
466 3446 548 3503 modo
566 3469 687 3527 „anceps

240 3531 381 3607 ancipitis,
407 3552 536 3612 praeceps
555 3538 687 3614 praecipi·

242 3617 303 3670 tis“
325 3618 375 3673 sed
393 3624 479 3678 etiam
491 3625 621 3700 „ancipes
639 3643 689 3679 au·

829 2233 858 2287 in
876 2230 1001 2286 omnibus
1019 2227 1175 2286 melioribus
1198 2225 1276 2282 libris

830 2320 876 2386 30,
888 2319 945 2376 33.:
964 2319 1057 2386 „viam
1075 2336 1127 2394 qua
1138 2317 1277 2370 inruerent

829 2406 859 2461 iu
867 2406 973 2482 ancipia
983 2404 1044 2473 tela,
1056 2402 1143 2461 beluis
1152 2402 1276 2459 darent“.

809 2489 874 2551 'Gi
897 2491 929 2549 C.
952 2490 984 2551 L.
1006 2493 1105 2549 Struve
1127 2488 1174 2548 lat.
1197 2488 1275 2547 [leel.

829 2599 856 2638 u.
869 2577 948 2653 Conj.
966 2592 994 2658 p'.
1012 2566 1056 2639 21.
1068 2610 1104 2622 -
1122 2577 1158 2634 Pa
1175 2577 1275 2633 obstri-

828 2669 875 2725 cti.
893 2666 937 2726 Cl.
955 2670 1000 2735 30,
1017 2671 1058 2724 5.:
1076 2664 1155 2722 multi
1171 2665 1275 2741 praeci-

827 2757 879 2833 piti
901 2754 963 2830 suga
985 2762 1093 2811 ruentes
1120 2750 1166 2808 alii
1193 2771 1276 2830 super

828 2824 896 2900 alios
926 2844 966 2898 in·
986 2843 1105 2919 angustis
1132 2849 1274 2918 portarum

827 2930 922 2987 obtriti
938 2925 1019 2998 sunt„
1090 2966 1093 2971 -
1116 2960 1121 2966 -

758 3015 802 3075 11.
827 3018 952 3072 necdum
970 3025 1052 3074 certa
1067 3014 1212 3073 Remotis
1232 3015 1273 3069 ui·

827 3106 923 3160 etoria
940 3115 1020 3161 erat:
1037 3102 1069 3163 P.
1081 3132 1114 3146 -··
1131 3099 1172 3158 bl:
1189 3120 1274 3156 naec-

828 3189 893 3246 dum
917 3199 989 3247 certa
1009 3191 1128 3247 romanis
1146 3189 1273 3244 uictoris·

827 3286 878 3336 rat.
905 3297 942 3336 m.
960 3280 1001 3337 ΩΑ
1022 3278 1136 3334 uictoria
1155 3285 1220 3334 erat.
1238 3304 1274 3318 -

827 3362 877 3420 ΡΜ
893 3363 967 3424 Harl.
985 3385 1002 3424 1.
1021 3363 1067 3424 ala
1086 3363 1138 3420 alia
1156 3366 1185 3420 in
1202 3381 1291 3418 cam·-

826 3472 891 3529 pum
909 3453 1043 3528 degressis
1060 3460 1199 3529 supererat
1216 3470 1273 3508 ruo·

825 3537 875 3595 les.
894 3573 925 3584 -
950 3538 1034 3597 Paulo
1055 3548 1118 3615 post
1136 3537 1164 3595 ll
1181 3540 1273 3597 m.1.:

826 3628 963 3684 exoriente
980 3630 1075 3683 aciem.
1260 3630 1263 3651 '

244 3703 344 3778 cipitis,
357 3710 686 3788 praecipespraecipitis“
757 3713 800 3772 15.
826 3733 983 3771 romanos.-
1007 3714 1050 3786 lll]
1073 3712 1212 3781 Romanus
1230 3710 1273 3781 (ll

242 3798 271 3845 et
288 3811 409 3869 „anceps
427 3798 539 3874 ancipis,
557 3815 686 3874 praeceps

826 3821 862 3860 m.
885 3805 912 3860 3.
934 3801 989 3871 P).
1016 3831 1049 3842 -
1077 3799 1100 3856 P
1123 3822 1159 3858 m.
1183 3804 1208 3859 1.
1233 3799 1272 3855 ll:

194 3881 197 3887 '
241 3879 399 3956 praeeipis“
413 3880 446 3937 ab
458 3885 576 3960 antiquis
588 3883 716 3956 forma-9
825 3908 973 3965 suppresse
990 3888 1101 3966 impetu.
1131 3887 1211 3981 Psm.
1230 3888 1272 3945 2:

242 3972 300 4021 tum
317 3984 376 4022 esse
394 3964 474 4026 docet
489 3967 575 4030 Prisc.
593 3972 623 4040 6,
641 3973 684 4028 18.

825 3994 979 4054 suppresso.

241 4051 285 4107 95.
310 4052 350 4108 sie
372 4055 503 4132 scriptum
525 4066 567 4113 eat
588 4076 628 4115 ex.
646 4077 684 4130 gr.
756 4060 799 4140 16.
825 4071 856 4118 et
874 4061 956 4138 quod
965 4065 1022 4120 ebs.
1036 4062 1108 4119 dum
1120 4065 1197 4120 inter
1211 4063 1273 4139 pri·
