2818 4728
562 276 673 354 umus
689 295 724 356 x.
1102 281 1194 387 '633
1265 325 1267 332 ι

84 455 152 548 sins
173 455 207 524 in
227 456 337 547 lugam
358 455 501 548 dissipati
522 467 612 541 sunt,
641 457 746 528 minor
768 459 882 529 caedes
898 482 1003 550 'quam
1024 483 1085 550 pro
1107 469 1194 528 tanta

81 559 221 629 victoria
243 561 317 630 fuit:
339 561 399 630 tria
420 557 507 630 milia
524 571 558 628 et
571 563 791 654 quadringenti
806 563 899 648 caesi,
922 564 1006 657 eapti
1023 563 1195 654 octingenti

81 665 190 743 ferme
212 676 245 734 ct
266 663 399 756 triginta,
422 666 511 758 signa
533 665 679 736 militaria
701 680 795 760 cepta
816 667 875 736 tn'a
898 677 932 736 et
953 667 1070 759 viginti.

176 769 251 838 XV.
296 768 490 838 Samnitibus
505 767 609 859 Apuli
624 793 661 839 se
683 785 758 842 aute
780 772 940 865 proelium
956 773 1195 841 coniunxisseut

81 874 120 940 ni
134 875 171 942 P.
185 873 307 942 Decius
330 874 442 942 consul
465 875 503 942 iis
526 874 566 940 ad
580 871 801 946 Maleventum
818 889 920 946 castra
937 876 1117 962 obiecisset,
1140 891 1229 948 etc-5

80 988 206 1046 tractus
229 978 344 1048 deinde
366 979 408 1045 ad
429 989 593 1046 certamen
608 979 753 1052 fudisset.
791 980 837 1050 ibi
857 1005 990 1074 quoque
1003 981 1077 1074 plus
1099 981 1194 1073 fugae

158 1125 242 1184 ferme
266 1137 294 1186 et
314 1147 368 1184 xxx
390 1127 466 1204 signa
487 1135 539 1187 cet.
567 1125 604 1185 P:

140 1216 235 1294 ‘⁴„tria
252 1215 327 1273 milia
345 1225 373 1278 ot
391 1233 453 1274 cccc
465 1217 544 1274 caesi.
562 1233 605 1272 ca·

156 1365 203 1434 pte
235 1303 310 1426 lece
343 1355 441 1416 termes
470 1367 491 1410 sc
516 1360 604 1415 xxx“.

157 1461 193 1501 m.
211 1443 251 1500 2:
262 1441 374 1516 ferme.
392 1443 503 1501 dubium
514 1449 604 1500 tamen

160 1538 202 1586 eat
213 1550 248 1587 an
255 1529 382 1593 librarius
394 1531 530 1607 antiquior
535 1529 604 1603 ser·

157 1635 210 1684 me¹
233 1621 250 1674 ἒ
280 1618 301 1676 i.
327 1637 351 1678 e.
382 1617 490 1687 „ferm
518 1621 605 1674 suut'‘

156 1703 240 1776 scribi
256 1703 380 1764 voluerit.
408 1705 481 1782 quod
500 1713 602 1762 eutece-

157 1789 199 1846 die
215 1800 261 1848 sut
278 1793 322 1849 od
337 1812 386 1848 ccc
408 1790 542 1867 siguificat
559 1801 605 1849 aut

156 1877 234 1936 dccc.
252 1876 296 1938 Cl.
305 1881 332 1947 3,
342 1881 399 1938 62:
410 1881 529 1936 sexcenti
540 1877 603 1938 lere.

60 2004 66 2038 ·.
100 1965 129 2024 5.
156 1973 311 2024 extractus
324 1967 433 2024 deinde
450 1967 495 2023 od
510 1975 603 2026 certa·

127 2085 130 2092 ‹
155 2073 222 2110 men
225 2051 465 2126 fudissetsLeid.
473 2072 491 2113 1.
503 2051 603 2112 tout

154 2138 205 2210 al]
225 2149 360 2214 extractos
377 2139 476 2198 deiude
494 2139 529 2197 ad
546 2159 602 2198 eer-

154 2235 245 2283 tamen
263 2226 386 2286 fudisset
404 2257 439 2270 -
460 2226 497 2285 P:
516 2235 602 2284 extru-

156 2322 220 2371 ctus
231 2313 329 2373 deinde
338 2313 372 2370 ad
383 2323 516 2372 certamen
519 2314 601 2388 fuis·

155 2410 209 2460 set.
228 2400 271 2460 M:
285 2409 442 2471 ‚‚extrectus
455 2401 554 2460 deinde
567 2399 603 2459 ad

156 2499 290 2547 certamen
304 2489 455 2552 luicdsset“
473 2492 510 2560 (i.
522 2511 546 2549 e.
559 2487 603 2547 vel

147 2576 265 2648 fuisset
281 2576 325 2634 vel
336 2577 491 2651 fudisset:
522 2577 557 2636 el.
576 2579 602 2644 l;

154 2665 214 2720 b'On
232 2665 375 2733 iuvenem).
392 2663 473 2724 Reec.
492 2664 602 2741 quidam

157 2747 250 2806 codd:
277 2757 305 2804 et
331 2759 465 2806 extractos
488 2760 539 2812 cet.
566 2781 603 2794 -

155 2832 258 2890 Facere
279 2855 335 2893 non
358 2839 436 2912 potui
454 2839 519 2915 quin
537 2837 565 2896 h.
583 2835 602 2897 l.

156 2922 297 2980 honorum.
321 2924 440 2980 omnium
476 2923 602 2981 codicum

154 3012 341 3067 auctoritatem
367 3030 503 3088 sequerer.
540 3031 602 3068 nom

155 3096 229 3172 quod
264 3100 431 3174 pronominis
462 3098 603 3157 cuiusdam

157 3187 325 3246 accusativus
348 3186 532 3255 desideratur,
553 3189 603 3244 mi·

155 3291 215 3334 tum
234 3293 294 3330 esse
311 3282 475 3353 uoupetest,
493 3294 553 3332 eum
565 3276 603 3330 si·

156 3358 221 3416 mile
233 3359 340 3418 dicendi
350 3381 432 3437 genus
444 3361 603 3438 saepissime

122 3519 130 3526 Ι
156 3449 306 3522 reperiatur
331 3447 382 3519 (cl.
404 3451 437 3516 3,
458 3451 498 3507 3.:
527 3447 602 3506 suue-

156 3543 225 3595 stsm
234 3533 437 3613 populationem
446 3535 519 3595 lecit.
530 3537 554 3605 5,
562 3541 602 3596 t:

155 3621 229 3697 quod
252 3623 286 3679 ad
309 3622 535 3698 perseverandum
554 3627 603 3682 sti·

156 3708 248 3770 molet.
266 3709 324 3780 al).
342 3731 393 3768 nec
409 3721 465 3770 tem
483 3712 542 3770 eius
559 3731 603 3768 ac·

158 3798 271 3855 cusetivi
285 3817 364 3860 cause
377 3799 604 3862 extractossori·

157 3893 234 3958 ptum
243 3885 359 3954 videtur,
377 3905 457 3964 quam
475 3886 548 3962 quod
560 3907 604 3943 ro·

157 3986 266 4027 manum
293 3972 389 4036 ducem
411 3972 542 4031 dedecere
564 3978 602 4032 vi·

157 4055 267 4116 deretur
284 4063 368 4134 megis
380 4071 529 4120 extractum
544 4083 605 4120 esse

157 4144 191 4202 od
204 4153 337 4204 certamen
350 4169 429 4226 quem
447 4154 603 4222 extraxisse,

183 4233 186 4257 Ι

746 1141 774 1188 et
797 1130 871 1207 quod
888 1129 972 1208 Apuli
993 1129 1135 1188 moenibus
1151 1131 1193 1186 in-

746 1217 815 1277 clusi
840 1216 983 1276 ltlaleventi
1008 1218 1095 1276 fuisse
1118 1215 1193 1274 vide·

746 1315 847 1367 rentur.
864 1304 915 1362 sed
926 1305 1109 1362 ferocissimos
1118 1303 1193 1380 Apu·

745 1392 834 1452 lorum
847 1391 931 1450 luisse
943 1395 1047 1450 animos
1059 1411 1119 1448 cum
1132 1391 1193 1448 aliis

746 1479 815 1538 locis
834 1483 892 1552 (cx.
910 1500 949 1556 gr.
961 1484 988 1550 3,
1000 1483 1043 1550 2.)
1061 1479 1193 1548 videmus,

745 1577 804 1626 tum
821 1563 953 1624 hocloco
971 1588 1026 1644 quo
1043 1567 1193 1644 Apulorum

747 1656 882 1714 exercitus
900 1656 929 1712 in
948 1653 1087 1710 Samnium
1104 1655 1192 1732 psole-

746 1751 837 1807 cturus
855 1741 938 1809 luisse
950 1740 1055 1798 dicatur
1072 1744 1126 1799 nisi
1138 1742 1192 1797 De·

747 1832 806 1893 clus
837 1831 877 1886 eis
908 1838 995 1892 eastre
1032 1831 1193 1889 obiecisset.

745 1916 856 1982 nolebat
882 1925 971 1973 autem
995 1913 1096 1982 Decius
1118 1915 1192 1972 illico
1285 1926 1288 1934 “

717 2013 726 2030 ·
744 2003 895 2083 periculum
913 2022 1032 2059 summae
1044 2001 1193 2071 collucere,

745 2095 800 2150 uisi
818 2101 894 2149 antea
907 2110 976 2168 quae
987 2109 1064 2146 suam
1077 2108 1135 2145 rem
1147 2089 1194 2156 ad·

744 2182 867 2243 iuvarent
875 2187 1068 2255 praeparasset.
1080 2179 1117 2233 ita
1128 2197 1191 2233 cuu-

745 2266 844 2329 ctando
853 2263 967 2322 Decium
977 2261 1127 2342 Apulorum
1138 2263 1194 2319 ani·

744 2375 805 2413 mos
824 2355 947 2422 auxisse,
973 2361 1004 2410 ut
1026 2371 1132 2409 summo
1150 2371 1192 2407 ar·

745 2443 813 2500 dore
834 2441 972 2499 Romanos
998 2439 1033 2497 ad
1059 2437 1213 2517 proelium'

744 2528 893 2588 ineundum
919 2536 1111 2607 provocarent,
1136 2546 1193 2582 non
1234 2517 1238 2534 '

744 2621 835 2676 miuus
853 2617 911 2674 veri
938 2614 1027 2672 simile
1050 2624 1091 2670 est
1113 2633 1193 2756 spuens
1220 2680 1223 2688 Ι

744 2704 818 2782 quod
837 2707 867 2760 iu
889 2705 1007 2778 antiquis
1030 2701 1107 2758 libris
1140 2703 1193 2776 egi·

744 2801 798 2858 tur,
816 2810 870 2846 non
881 2789 984 2867 Apulos
1002 2786 1052 2844 sed
1069 2786 1193 2855 Decium,

744 2886 839 2954 utpote
865 2879 912 2954 qui
934 2878 963 2932 iu
987 2876 1083 2930 casteis
1105 2876 1192 2964 mpsi-

744 2964 858 3021 tissimis
876 2962 990 3030 sederet,
1011 2963 1039 3017 iu
1059 2969 1193 3018 certamen
1293 2962 1296 2971 '

744 3059 891 3108 extractum
909 3050 1084 3128 processisse.
1114 3068 1192 3138 proe-

744 3139 783 3197 lio
802 3138 900 3196 deinde
909 3140 978 3195 inito
988 3169 1023 3180 -
1038 3156 1106 3214 quae
1118 3135 1193 3214 Apu·

744 3227 833 3300 lorum
856 3236 884 3283 ct
900 3219 1083 3296 Romanorum
1105 3225 1193 3282 virtus

745 3325 804 3378 erat
820 3315 849 3370 iu
871 3316 940 3370 iusta
964 3331 1052 3390 pugna
1071 3309 1193 3368 facienda
1215 3305 1220 3317 ”

744 3431 781 3445 -
799 3399 899 3458 Decius
916 3401 1009 3456 hostes
1027 3399 1110 3457 ludit:
1134 3408 1193 3456 tum
1268 3437 1269 3444 κ

745 3489 862 3558 demum,
880 3509 941 3546 cum
953 3487 1102 3565 Apulorum
1120 3487 1193 3544 vires

744 3585 976 3656 expectassem,
998 3585 1092 3652 spreto
1113 3573 1193 3630 hoste

745 3663 840 3721 consul
863 3663 1050 3740 insumptum
1073 3661 1192 3736 legiones

746 3750 832 3810 duxit.
845 3783 875 3796 ·-
891 3749 974 3808 Paulo
988 3761 1048 3808 ente
1062 3752 1193 3826 scriptum

746 3849 789 3905 est
805 3841 834 3896 in
847 3839 869 3895 t>
880 3837 957 3899 Leid.
970 3857 1001 3899 n:
1020 3839 1192 3898 obiecissent.

704 3935 708 3945 ⁴
747 3955 781 3968 -
799 3925 862 3984 PM:
881 3929 909 3984 ni
927 3948 955 4004 p.
973 3925 1066 3983 declus
1085 3930 1174 4002 conss.

692 4067 718 4126 6.
746 4067 788 4124 ibi
801 4083 920 4144 quoque
936 4068 1006 4140 plus
1018 4065 1192 4144 sugcefuit

745 4175 836 4231 quom
858 4157 980 4212 caedis:
1008 4151 1035 4211 ll
1059 4175 1094 4214 m.
1116 4158 1141 4213 3.
1159 4151 1194 4212 Ρ.»
1257 4157 1262 4160 ’
