2618 4590
521 176 697 303 crannus
768 239 770 242 ·
822 271 865 301 „
1094 227 1160 297 rar

62 415 154 471 natus
176 403 384 494 populusque
407 403 536 471 obviam
563 425 709 493 egressus
737 400 826 471 iustis
855 403 1003 471 omnibus
1024 403 1161 495 hospita·
1229 458 1235 473 Ι

60 507 143 574 libus
164 508 358 598 privatisque
382 519 414 574 et
435 507 571 598 publicis
593 507 732 598 fungitur
747 507 868 574 officiis.
906 531 1011 598 neque
1028 509 1089 575 illis
1110 532 1160 576 so

60 603 182 679 ciorurn
210 611 343 678 comitas
370 611 542 702 vultusque
572 611 699 701 benigni
726 621 759 678 et
787 611 935 702 adloquia
962 636 1029 678 non
1059 613 1157 680 modo

58 729 240 792 sermonem
262 714 376 797 elicere
398 718 456 782 sed
476 740 518 783 ne
539 725 576 783 ut
603 710 716 782 oculos
744 715 874 806 quidem
888 715 1082 788 ,attollerent
1095 725 1158 795 ¹aut

58 819 261 888 consolantes
282 820 401 886 amicos
417 829 526 886 contra
543 820 739 886 intuerentur
754 821 880 888 efficere
896 831 1051 911 poterant,
1075 820 1155 887 adeo
1173 836 1191 892 t
1232 868 1240 876 -
1273 906 1275 910 Α

58 949 155 1015 super
176 948 353 991 maerorem
374 925 480 1014 pudor
501 923 631 1014 quidam
652 923 762 1013 fugere
792 924 962 1015 conloquia
989 936 1022 992 et
1045 935 1156 991 coetus

57 1029 224 1096 hominurn
244 1028 411 1119 cogebant.
447 1014 577 1118 postero
600 1028 650 1095 die
673 1052 747 1096 curn
768 1028 899 1095 iuvenes
921 1028 1046 1095 nobiles
1068 1027 1155 1095 missi

58 1161 77 1201 a
92 1138 201 1224 Capua
224 1144 261 1200 ut
280 1132 517 1223 proficiscentes
540 1133 581 1198 ad
597 1134 694 1200 linem
710 1120 910 1222 Campanum
924 1154 1168 1225 prosequereu·⁸
1236 1196 1238 1201 ,

57 1251 108 1307 tur
130 1238 349 1321 revertissent,
371 1234 545 1327 vocatique'
563 1239 594 1305 in
616 1237 735 1306 curiam
757 1237 1036 1326 percunctantibus
1058 1237 1154 1305 maio·

51 1485 54 1488 >
125 1456 172 1514 al:
200 1427 300 1532 cgrbssi
323 1486 357 1498 -
380 1455 507 1532 iungitur.
533 1485 568 1498 -

123 1544 222 1602 Notum
245 1554 285 1600 cst
309 1544 417 1599 nomina
446 1553 568 1600 senatus

121 1633 310 1707 populusque
334 1650 389 1685 non
416 1628 498 1685 modo
520 1649 566 1686 ro·
602 1633 606 1648 “

123 1738 228 1773 monuo
247 1716 296 1772 sed
313 1718 393 1772 eliani
405 1713 516 1771 aliarum
529 1717 566 1772 ci·

123 1807 234 1862 vitatum
258 1805 329 1881 opud
352 1804 469 1882 optimos
488 1823 566 1880 qnos-

23 1944 26 1950 .
123 1913 176 1970 que
193 1894 338 1968 scriptores
356 1911 417 1949 cnm
438 1890 566 1966 singulari

122 1999 232 2038 nurnero
246 1981 386 2035 coniuncta
398 1976 458 2054 legi.
477 1978 510 2037 o'l.
524 1999 565 2037 ex.

121 2086 162 2140 gr.
180 2069 223 2134 28,
241 2062 299 2124 to:
317 2087 366 2124 nos
385 2065 477 2123 decern
495 2065 565 2142 lega·

120 2163 163 2210 tos
173 2153 335 2229 Saguntinos
352 2163 461 2210 senatus
478 2173 564 2233 popo·
586 2196 589 2209 .

119 2240 214 2318 losque
231 2240 266 2311 ad
284 2261 333 2296 vos
350 2244 434 2299 misit.
457 2271 491 2282 ·-
517 2242 565 2298 Iu·

121 2337 170 2385 sta
183 2328 345 2402 hospitalia
356 2337 419 2384 snut
430 2329 518 2383 ornuia
532 2348 562 2384 ea

119 2436 188 2491 quae
217 2417 310 2471 amicis
346 2416 378 2471 ab
409 2413 562 2492 hospitibus

117 2501 177 2558 fieri
194 2503 292 2559 iustum
310 2522 477 2579 aequumque
494 2513 545 2567 est,

64 2616 91 2673 2.
117 2633 228 2687 neque.-
246 2613 341 2679 „aber
359 2610 560 2669 dieseFreund-

116 2698 225 2755 lichlreit
238 2698 285 2752 der
294 2698 559 2774 Bundcs'geuosoen“

117 2808 144 2845 n.
156 2807 178 2858 s,
188 2806 224 2843 w.
238 2783 285 2875 Cf.
304 2786 330 2851 6,
349 2787 387 2839 4:
404 2785 542 2862 laborque.

63 2914 89 2970 i.
115 2931 152 2968 ne
170 2919 202 2966 ut
219 2910 321 2967 oculos
341 2907 461 2984 quidem
474 2907 562 2981 ottol-

116 3001 225 3056 lerent:
243 2994 281 3054 ul.
293 3027 325 3039 -
344 2992 379 3051 P:
398 3013 431 3050 ne
449 3003 480 3050 ut
497 3013 560 3050 ocn-

115 3085 158 3143 los
179 3081 346 3141 adtollereut.
376 3080 420 3142 Cf.
439 3083 483 3149 38,
500 3083 559 3137 22:

115 3183 232 3230 ceterum
258 3191 298 3229 ne,
323 3172 439 3247 primurn
469 3169 558 3227 eonio·

116 3268 188 3318 ctum
210 3257 324 3314 telorum
347 3255 465 3313 tolerunt
480 3254 558 3327 (cod.

115 3347 279 3420 Bamberg.).
298 3343 355 3402 Cic.
366 3343 427 3402 Cat.
438 3344 500 3402 moi.
514 3346 558 3412 11,

113 3440 172 3494 34:
194 3434 284 3509 itaquo
308 3450 362 3486 uon
384 3429 466 3486 modo
484 3430 559 3507 quod

113 3543 169 3580 non
186 3537 328 3598 possumus
346 3516 395 3573 sed
413 3537 450 3574 ne
475 3535 558 3595 quan·

113 3619 172 3667 tum
188 3623 333 3686 possumus
344 3591 463 3679 cogimur
480 3601 556 3672 (eod.

111 3697 241 3766 Erfurt.).-
253 3693 287 3753 al.

59 3826 85 3878 7.
112 3809 556 3896 cogebantsllcorl.Gcl.beirlr.]

113 3904 224 3978 cogebat
237 3902 289 3973 (Ρ).
304 3933 338 3945 -
358 3899 447 3956 Voces
468 3910 558 3972 cuper

114 4009 277 4047 maerorem
287 3990 386 4066 pudor
398 3991 434 4044 ita
453 3984 487 4040 ad
497 4003 556 4041 ver·

113 4079 177 4136 burn
189 4097 294 4157 cogere
304 4077 400 4134 referri
411 4079 559 4154 potnerunt

692 1468 694 1472 “
710 1457 1005 1534 utscriptorantdicerc
1016 1456 1154 1527 velletrnq·
1177 1488 1183 1525 ς

709 1547 795 1600 iorem
812 1544 865 1600 sibi
883 1544 970 1600 videri
977 1547 1038 1600 uim
1055 1545 1084 1600 in
1099 1564 1153 1619 pu·

709 1630 784 1689 dore
806 1651 885 1706 qnam
902 1633 932 1687 iu
953 1650 1088 1687 maerore
1104 1650 1154 1709 po·

637 1785 638 1788 p
707 1720 787 1774 sitam
806 1718 898 1785 fuisse,
915 1727 961 1773 aut
975 1728 1005 1775 nt
1016 1714 1098 1773 vellat
1107 1736 1152 1775 ex·

708 1807 838 1882 primere,
863 1824 914 1881 qua
933 1806 960 1861 vi
975 1805 1082 1879 pudor·
1097 1806 1152 1862 ani·

707 1912 766 1949 mos
788 1892 926 1948 bominum
949 1892 1083 1948 affecisset
1109 1908 1152 1947 oa·

707 1980 768 2037 dem
794 1978 881 2036 videri
910 1998 1075 2036 maerorem
1103 1997 1151 2036 m
1239 1981 1243 1993 “
1287 2005 1291 2012 ·

708 2067 859 2135 adflixisse,
876 2065 904 2125 h.
922 2087 946 2125 e.
964 2075 1151 2143 praeterquam

707 2153 1151 2232 qnodmaerorcoegissetcoegim

707 2244 786 2298 ctiam
808 2240 939 2318 pudorem
959 2239 1091 2316 quendam
1101 2239 1149 2296 in·
1243 2263 1244 2268 ¹

704 2348 767 2404 gere
779 2327 922 2404 colloquia.
942 2316 996 2383 hac‘
1010 2325 1092 2382 ultera
1109 2345 1150 2383 ra·
1201 2370 1205 2375 .

704 2420 778 2472 tione
800 2434 890 2490 snper
912 2433 1077 2472 maerorem
1095 2433 1149 2490 pu·

703 2504 762 2560 dor
779 2502 903 2578 quidam
920 2501 993 2558 idem
1014 2499 1149 2576 significat

703 2588 776 2667 qnod
806 2598 836 2645 et
855 2608 975 2646 maeror
996 2596 1026 2647 aet
1045 2587 1148 2662 pudor

703 2677 835 2753 quidam,
850 2685 878 2731 et
889 2674 1000 2752 pluralis
1012 2674 1088 2731 verbi
1100 2694 1146 2730 co·
1172 2728 1174 2735 ,

700 2764 810 2842 gabant
827 2781 881 2817 non
900 2764 989 2839 ninus
1006 2758 1087 2817 latine
1105 2769 1147 2816 est
1257 2792 1260 2799 ·

702 2868 782 2925 qnam
800 2849 844 2914 21,
858 2849 903 2904 60.
915 2847 1146 2919 ᾰιωιινηρνίη·

702 2935 814 3010 cipibus
832 2936 996 3008 capiuntur.
1015 2931 1050 2992 cf.
1067 2935 1094 2999 9,
1105 2936 1146 2992 e:
1192 2941 1195 2947 “

664 3023 667 3031 ’
703 3021 841 3080 debentur.
860 3052 894 3066 «-
917 3019 1015 3096 Super
1032 3038 1145 3077 maero-

663 3131 665 3135 ’
701 3129 763 3168 rem
781 3129 831 3166 nec
848 3107 911 3165 inl-³
928 3129 978 3165 nec
995 3106 1145 3180 iublscri·
1190 3172 1195 3178 .
1275 3157 1276 3162 ,

643 3226 650 3236 ·
699 3208 775 3279 ptum
785 3208 833 3256 est
851 3195 1071 3255 iuPin'rcnimos
1082 3192 1158 3264 „w

699 3308 749 3365 per
770 3289 945 3350 memorem.“,
968 3285 997 3338 io
1014 3281 1042 3338 tl
1064 3300 1099 3340 m.
1118 3283 1143 3340 1.
1169 3300 1172 3305 ·
1251 3296 1261 3324 ⁸

699 3391 804 3450 „super
829 3370 1027 3436 macmorem“‚
1056 3387 1094 3426 η,
1115 3369 1144 3435 ὁ,

699 3476 802 3535 „supin
822 3458 1016 3513 moerrorom“.
1038 3484 1073 3501 -υ
1099 3451 1141 3512 ll:

698 3547 759 3603 sive
779 3551 894 3611 „coetus
916 3543 1062 3598 ominum&
1083 3543 1142 3598 sivo
1220 3590 1221 3595 ,

699 3630 979 3701 „coetosomuinm“=
992 3628 1142 3695 recentiora
1178 3629 1183 3633 ’
1287 3629 1294 3634 ’

699 3720 762 3776 dein
784 3736 864 3773 mann
887 3710 1086 3783 „hominom‘fl'
1105 3745 1140 3761 -

695 3803 778 3861 Paulo
791 3812 854 3881 post
862 3801 901 3858 Mt
911 3844 928 3870 „
933 3803 1140 3878 prosequereris!

697 3897 779 3948 tnr“:
807 3911 867 3947 oum
885 3887 953 3945 nibil
974 3889 1140 3965 frequentina
1163 3933 1166 3937 .
1273 3896 1285 3905 '

697 3981 734 4034 sit
751 3998 829 4055 quam
849 3978 924 4032 utin
943 3975 998 4030 {ino
1015 3993 1140 4032 versuum
1224 3994 1227 4004 ¹

694 4085 728 4125 m
744 4085 795 4146 pro
808 4085 830 4124 n
841 4066 972 4142 scriptum
983 4061 1141 4124 inveniatur.
