2618 4590
165 262 210 332 96
297 330 300 339 ,
632 274 804 338 fluente

168 412 282 530 {lem
303 438 341 508 c.
363 437 532 509 somnum
553 437 600 507 n.
622 437 784 506 numum
804 438 842 508 n
864 438 1034 508 museum
1056 440 1152 508 aaut
1180 439 1269 506 nan.

165 542 233 626 liis,
262 545 351 634 quod
376 568 492 634 genere
517 544 663 635 plebeios
690 546 789 634 gratia
810 544 925 613 Iulium
952 544 1128 627 anteibant,
1156 542 1269 610 Vulsci

64 662 66 666 ‘
167 647 329 739 provincia
351 649 527 739 sinesorte
553 649 623 716 sine
650 649 876 739 conparatione
904 661 994 717 extra
1020 650 1165 717 ordinem
1188 650 1271 732 data,

168 755 420 844 nometipsos
445 755 619 843 postmodo
648 765 680 821 et
708 765 814 845 patres
841 752 897 844 qui
925 755 1078 823 dederant
1104 753 1270 844 paenituit.

19 840 24 867 ¹
72 931 75 942 ‚
134 857 369 948 tinexplorato
397 857 585 947 pabulatum
613 857 762 926 cohortes
789 858 919 927 misere:
956 859 1072 949 quibus
1100 857 1191 924 velut
1215 857 1273 923 cir·

166 963 343 1032 cumventis
364 1001 410 1013 -
432 986 507 1029 cum
528 962 561 1029 id
588 962 671 1031 falso
698 962 876 1030 nuntiatum
904 974 1056 1030 esset-
1078 963 1155 1028 dum
1181 984 1271 1050 prae-

165 1068 245 1135 sidio
267 1079 305 1134 ut
327 1078 436 1134 essent
457 1066 542 1134 citati
564 1066 716 1152 feruntur,
737 1091 779 1134 ne
802 1078 933 1135 auctore
950 1067 1080 1158 quidem
1102 1066 1269 1133 adservato

167 1172 224 1262 qui
251 1194 308 1239 eos
339 1170 442 1238 hostis
464 1169 595 1239 Latinus
622 1197 682 1263 pro
709 1171 810 1240 milite
830 1171 977 1239 Romano
1005 1172 1171 1239 frustratus
1194 1180 1271 1250 erat,

166 1275 227 1363 ipsi
248 1274 282 1339 in
302 1274 431 1341 insidias
452 1276 711 1368 praecipitavere.
747 1277 792 1344 ibi
813 1277 891 1343 dum
904 1276 1014 1366 iniquo
1030 1276 1103 1342 loco
1126 1274 1196 1341 sola
1210 1275 1271 1341 vir·

119 1391 156 1446 10
166 1388 235 1444 tute
256 1377 393 1444 militum
414 1391 570 1448 restantes
593 1382 730 1450 caedunt
751 1381 999 1471 caedumque,
1021 1392 1123 1447 castra
1143 1378 1270 1447 interim

165 1480 310 1579 Romana
331 1482 465 1552 iacentia
487 1486 521 1552 in
543 1510 659 1578 campo
681 1486 723 1554 ab
745 1485 843 1555 altera
864 1496 966 1576 parte·
981 1485 1091 1551 hostes
1113 1482 1269 1550 invasere.

167 1585 207 1652 ab
231 1587 365 1655 ducibus
387 1590 559 1683 utrobique
580 1592 726 1682 proditae
747 1589 926 1660 temeritate
947 1600 1044 1681 atque
1065 1588 1187 1665 inscitia
1201 1611 1270 1654 res:

823 1759 904 1815 unice
924 1776 988 1813 vera
1014 1755 1095 1813 buius
1121 1752 1176 1811 loci
1202 1755 1272 1810 scria

184 1752 209 1811 1.
234 1751 682 1818 MAlbiniumrP.-ltlliarl.r.2

234 1838 400 1901 mslbinium.
430 1874 466 1886 -
491 1843 523 1902 Iu
541 1845 609 1925 Cap.
627 1849 682 1904 tab.

234 1935 262 1982 et
285 1928 356 2006 apud
374 1929 457 1990 Diod.
478 1933 525 2002 15,
543 1937 587 1990 51.
610 1936 682 1993 inter

233 2022 296 2070 octo
314 2017 439 2074 tribunos
457 2022 537 2078 etiam
557 2023 589 2080 C.
606 2024 681 2080 Ere·

232 2104 338 2162 nucius
354 2103 391 2165 Ρ.
411 2107 576 2167 Trebonius
594 2112 681 2168 nomi·

232 2199 339 2250 uantur.

179 2348 215 2365 ·-
233 2320 373 2380 Manliis:
390 2322 421 2382 P.
440 2355 475 2366 --
495 2317 536 2377 llI:
555 2319 681 2381 manlius.

233 2440 269 2450 —
286 2407 314 2465 Μ
330 2431 366 2469 m.
386 2411 410 2470 1.
428 2409 466 2467 P:
493 2408 681 2487 quod‘gensrs

232 2494 354 2573 plebeios
372 2499 457 2574 gratiis
479 2496 574 2554 iulium
596 2499 680 2553 antei·

232 2584 304 2643 bant.
333 2582 361 2641 Μ
382 2605 418 2644 m.
441 2588 480 2643 Ἅι
505 2585 616 2663 'gratim
644 2613 680 2627 ·-

232 2667 309 2730 Leid.
328 2691 346 2730 ι.
364 2671 438 2731 Harl.
456 2692 488 2731 1.:
509 2670 626 2750 plebeio.
643 2698 680 2716 -

231 2754 306 2818 Harl.
319 2779 351 2817 ιε
366 2760 488 2831 ,anteibat
499 2769 529 2816 et
540 2757 634 2816 uolsci.
643 2786 679 2798 ·-·

231 2842 313 2906 Recc.
322 2848 396 2925 quid.
406 2846 499 2908 coddn
517 2844 679 2904 Volscorum

145 2978 148 2985 .
230 2936 380 3010 prouincia.
400 2935 444 2994 Cf.
454 2936 480 3003 5,
492 2936 533 2991 12.
546 2963 580 2974 -
592 2930 677 2988 Paulo

230 3031 296 3095 post
312 3021 355 3077 tt:
375 3024 451 3076 cuius
470 3031 496 3075 et
514 3022 585 3095 ipso.
603 3052 637 3062 -
655 3017 679 3074 P

229 3122 267 3172 m.
287 3111 325 3163 1.:
344 3109 391 3183 qui
409 3109 517 3162 derant.

177 3216 204 3274 9.
229 3216 330 3292 iniquo
349 3218 414 3273 loco
427 3218 496 3273 sola
508 3216 616 3273 uirtute
625 3213 678 3271 mi·

229 3303 316 3360 titum
328 3311 493 3361 restantes:
511 3301 560 3359 ΡΜ
572 3301 645 3360 Harl.
659 3321 677 3360 1.

227 3388 306 3450 Laid.
319 3409 337 3446 1.
350 3420 384 3438 -
403 3389 484 3450 Reec.
503 3389 598 3448 rodda
614 3387 677 3445 loco

148 3517 163 3524 -
228 3479 333 3552 iniquo.
345 3509 379 3520 —
397 3475 491 3536 Lovel.
503 3479 530 3536 cl.
547 3487 576 3533 et
593 3479 677 3553 antiq.

228 3563 291 3622 edd.
313 3584 398 3641 usque
426 3564 460 3621 ad
484 3564 579 3623 Frobe
602 3565 677 3620 resi·

227 3658 348 3710 stantes.
385 3649 428 3709 cf.
447 3653 474 3719 4,
493 3655 549 3710 os:
571 3671 675 3708 summu

227 3738 256 3794 vi
265 3747 366 3794 restare
375 3738 574 3795 nuntiabantur.
585 3740 611 3806 8,
616 3741 675 3796 39.:

204 3840 209 3854 ’
226 3835 359 3891 restantes
376 3847 407 3883 ac
420 3827 617 3882 circumventos
630 3843 675 3880 oc·

227 3911 303 3972 cidit.
322 3913 355 3973 ul.

79 4025 82 4029 ’
155 4025 200 4083 10.
225 4024 356 4081 caedunt
371 4021 612 4098 caeduntnrqner
634 4017 673 4089 Μ]

225 4104 674 4201 caedunturcaedoutque.-'·llaec

823 1855 903 1923 ptura
922 1853 971 1904 est.
998 1846 1045 1921 qui
1063 1844 1135 1899 enim
1146 1850 1269 1916 poterant

783 1986 789 1999 ,
824 1935 896 1989 caesi
917 1930 1044 1988 caedere!
1080 1930 1112 1986 lu
1132 1929 1155 1986 P
1178 1930 1272 2007 priore

774 2074 778 2091 ,
821 2021 905 2078 verbo
927 2019 1056 2075 caedunt
1077 2018 1179 2072 omisso
1206 2017 1274 2072 scri·

820 2116 899 2184 ptum
916 2115 959 2162 est
976 2113 1131 2173 „restantes
1151 2101 1279 2171 caedum.

822 2203 894 2270 turq.
916 2200 1002 2247 castra
1025 2191 1169 2244 iuterim“:
1196 2187 1270 2266 quod

823 2300 884 2338 cum
902 2277 1041 2335 serendum
1054 2275 1269 2344 manderetur,

822 2387 860 2426 m.
872 2369 898 2424 Μ.
913 2366 1023 2442 scripsit
1040 2372 1196 2432 „restantes
1209 2382 1269 2418 caeo

822 2454 922 2510 duntur
939 2461 1052 2528 castrsq.
1071 2451 1210 2507 interim‘⁴.
1236 2450 1269 2506 ln

820 2539 899 2600 Leid.
926 2561 944 2600 1.
959 2526 1193 2618 'praetermissum
1227 2546 1269 2592 est

819 2628 1000 2696 caeduntur,
1026 2624 1160 2700 similique
1177 2643 1270 2681 errore

821 2715 851 2771 iu
868 2708 980 2792 reliquii
999 2713 1077 2772 codd.
1097 2711 1141 2771 Gi.
1155 2711 1189 2770 T.
1205 2709 1269 2767 Livi

821 2800 841 2861 l.
857 2821 921 2862 xxx.
939 2823 967 2878 p.
984 2821 1078 2859 xxxrn.
1091 2801 1118 2858 5.

750 2890 793 2947 12.
820 2891 858 2946 ab
881 2891 1006 2947 ducibus
1033 2888 1189 2963 utrubique
1215 2881 1268 2954 (cl.

818 2980 851 3044 6,
868 2979 929 3046 27.)
943 2975 1082 3051 proditae
1103 2972 1268 3031 temeritate

820 3072 913 3140 atquc
930 3063 1123 3118 inscitiores:
1141 3058 1173 3119 P.
1191 3058 1222 3114 In
1234 3078 1267 3113 eo

820 3147 906 3216 libro,
931 3167 964 3203 ex
982 3167 1036 3224 quo
1054 3146 1115 3206 cod.
1131 3145 1202 3204 llerl.
1220 3144 1267 3200 de·

771 3277 778 3306 r
820 3237 938 3312 scriptus
965 3244 1019 3304 est,
1046 3235 1153 3291 videtur
1181 3233 1268 3289 luisse

822 3323 994 3398 utrubique:
1021 3321 1085 3378 binc
1107 3321 1269 3378 factumest

820 3411 897 3465 utin
916 3407 945 3465 Μ
961 3410 1123 3466 scriberetur
1140 3406 1196 3476 „ab
1218 3405 1268 3461 du-

818 3496 897 3552 cibus
914 3506 1006 3553 utrum
1018 3497 1128 3573 sibique
1145 3492 1265 3570 prodita!

817 3586 984 3641 etemeritate
993 3594 1074 3661 atque
1083 3583 1266 3639 inscitiares“.

818 3701 853 3712 -
874 3669 957 3732 Recc.
978 3671 1056 3729 multi
1083 3669 1175 3728 colli:
1201 3688 1266 3745 pro-

818 3757 885 3816 dito.
899 3757 978 3818 Voss.
997 3779 1014 3816 1.
1028 3758 1076 3816 al:
1094 3756 1202 3834 prodita
1213 3765 1267 3813 cst.

815 3876 851 3889 ·-·
872 3845 1034 3921 [stratique
1058 3855 1086 3900 et
1109 3843 1144 3899 ad
1165 3842 1266 3909 locum,

815 3952 870 4009 quo
882 3931 997 3990 Romani
1014 3933 1043 3988 in
1061 3931 1175 3988 insidias
1187 3950 1266 4007 prae·

816 4020 994 4097 cipitaveriut‚
1013 4027 1040 4075 ct
1052 4018 1088 4076 ad
1099 4027 1187 4074 castra
1202 4037 1266 4094 spe·

815 4115 890 4163 ctare
906 4124 986 4162 nemo
1004 4125 1060 4162 nou
1077 4105 1159 4164 videt
