2618 4590
171 264 235 334 158
629 270 737 333 hlBllli
754 271 811 333 vn.

171 464 373 532 nequaquam
395 449 519 507 tantum
539 437 667 528 publica
695 435 873 504 calamitate
902 435 1016 501 maesti
1044 446 1151 525 patres
1175 458 1272 527 qum-

171 557 242 613 tum
262 546 388 613 feroces
411 543 528 610 infelici
550 540 690 611 consulis
712 541 820 632 plebei
842 541 940 609 ductu
962 540 1103 607 fremunt
1124 541 1274 609 omnihus

74 640 77 649 ’
171 651 259 732 locis,
280 650 362 716 irent
383 659 527 717 crearent
548 647 696 715 eonsules
717 646 881 736 explebe,
905 646 1111 712 transferrent
1132 645 1273 734 auspicia

173 778 239 844 quo
261 754 351 821 nefas
374 765 473 821 esaetr
512 753 655 845 potuisse
677 760 784 842 patres
806 750 973 841 plebiscito
995 750 1071 841 pelli
1096 749 1273 817 honoribus

46 911 49 917 .
138 866 157 920 ὅ
175 858 256 925 suis:
278 894 323 908 —·-
344 881 424 925 num
446 858 542 926 etiam
562 857 596 922 in
619 856 697 924 deos
718 855 902 924 inmortales
916 855 1145 945 inauspicatam
1166 854 1274 945 legem

170 962 332 1029 valuisse?
368 962 546 1030 vindicasse
568 961 655 1052 ipsos
678 982 773 1029 suum
784 983 914 1028 numen
935 982 992 1026 sua
1015 960 1164 1049 auspicia,
1189 982 1273 1050 quae

170 1077 208 1132 ut
227 1067 368 1156 pn'mum
390 1079 536 1136 contacta
558 1066 620 1133 sint
642 1065 682 1132 ab
706 1089 746 1133 eo
770 1091 788 1132 a
812 1088 877 1156 quo
899 1086 960 1131 nec
981 1064 1030 1129 ius
1052 1086 1113 1130 nee
1134 1064 1183 1129 las
1206 1063 1272 1130 lue-

171 1172 220 1253 rit,
243 1172 385 1238 deletum
400 1196 475 1239 eum
489 1172 570 1238 duce
588 1170 763 1237 exercitum
774 1171 968 1239 documento
982 1169 1079 1236 fuisse
1095 1188 1137 1235 ne
1157 1168 1273 1236 deinde

170 1276 298 1343 turbato
321 1276 462 1366 gentium
483 1277 552 1343 iure
573 1275 701 1343 coniitia
723 1275 924 1348 haberentur.
961 1274 1011 1340 his
1028 1274 1162 1341 vocibus
1184 1275 1273 1342 curia

123 1379 330 1471 laetiorum
351 1391 512 1472 personat:
549 1380 611 1471 Ap.
634 1378 819 1464 Claudiurn,
847 1379 921 1470 quia
952 1379 1146 1446 dissuaserat
1165 1377 1273 1469 legem

170 1484 291 1552 maiore
314 1507 401 1552 nune
424 1484 611 1552 auctoritaie
639 1496 789 1579 eventum
816 1484 1000 1576 reprehensi
1028 1483 1068 1549 ab
1091 1505 1127 1550 se
1150 1483 1274 1550 consilii

170 1589 383 1673 incusantem‚
406 1578 594 1660 dictatorem
616 1615 775 1660 consensu
797 1589 1001 1680 patriciomm
1022 1587 1175 1656 Servilius
1198 1588 1273 1656 crin·

171 1695 223 1762 sul
245 1696 328 1778 dicit,
352 1696 551 1788 dilectusque
574 1709 607 1765 et
627 1696 782 1766 iustitium
802 1695 966 1762 indictum.

260 1800 329 1869 Vll.
373 1801 564 1892 Priusquam
579 1792 720 1870 'dictator
746 1800 952 1892 legionesque
980 1821 1085 1865 novae
1105 1797 1140 1864 in
1161 1797 1271 1865 Hemi-

237 2019 356 2077 hendum
373 2020 530 2090 ridebatur,
554 2021 628 2101 qued
646 2022 684 2078 ub

237 2106 341 2164 ‘insciis
364 2127 424 2164 cum
440 2106 494 2163 hoe
515 2110 597 2166 verbo
621 2129 684 2167 can·

82 2250 87 2259 x
174 2262 179 2274 Ι
239 2193 403 2268 iungendum
420 2204 500 2255 esset.
518 2216 586 2272 qnae
603 2199 685 2253 inter·

238 2285 354 2354 pretatis
366 2283 390 2336 si
403 2279 481 2339 Livio
494 2283 606 2361 probata
620 2282 685 2339 luis·

239 2375 295 2434 aet,
325 2387 379 2423 uon
407 2388 493 2445 quem
520 2369 685 2442 interfecis-

239 2463 307 2511 sent
322 2455 372 2511 sed
391 2476 477 2533 quem
489 2457 687 2533 interficerent

241 2561 301 2597 cum
319 2562 386 2602 rece.
410 2543 490 2602 codd.
513 2536 685 2602 scribendum

242 2639 307 2688 erat.
331 2649 424 2686 verum
442 2631 480 2686 ab
498 2632 599 2688 insciis
618 2630 684 2688 rele-

238 2717 351 2773 rendum
365 2729 406 2775 est
418 2719 453 2775 ad
462 2720 684 2787 circumuentus,

240 2813 268 2859 et
285 2805 418 2867 occidere
434 2803 462 2864 h.
480 2805 498 2865 l.
516 2807 584 2863 nihil
612 2806 685 2863 eliud

241 2912 321 2967 quam
333 2894 441 2950 cadero
451 2894 590 2969 siguificat.
609 2896 685 2965 „Das

240 2976 380 3050 Schiehsal
397 2980 490 3036 wollte
509 3002 539 3039 es
556 3002 602 3051 so,
622 2983 684 3038 dass

825 2020 896 2076 duos
926 2015 1071 2085 eccidisse,
1101 2036 1135 2074 ex
1165 2015 1271 2075 duobus

825 2107 946 2163 saucium
958 2104 1078 2171 alterum,
1090 2102 1202 2160 alterum
1213 2114 1271 2161 tutu

825 2195 925 2249 amisso
966 2193 1084 2251 exercitu
1120 2193 1168 2248 vix
1199 2181 1270 2248 ‘cum

826 2281 1015 2359 quinquaginta
1033 2279 1189 2337 hominihus
1206 2280 1270 2338 effu·

826 2369 904 2443 gisse.
923 2366 970 2426 al.'
1043 2387 1046 2391 ·

773 2456 799 2515 2.
826 2453 942 2527 infelici
956 2450 1094 2513 consulis
1103 2451 1205 2531 plebei
1218 2455 1271 2512 du·

785 2551 788 2555 '
826 2552 890 2599 ctu.-
923 2538 988 2614 ΡΜ]
1018 2540 1120 2598 infelici
1152 2543 1270 2598 consulis

825 2629 925 2707 plebeii
944 2629 1034 2687 ductu.
1047 2661 1081 2672 —
1099 2628 1181 2687 Reec.
1193 2629 1271 2687 multi

774 2791 777 2797 Δ
825 2716 917 2775 codd:
953 2715 1136 2785 „inleliclu‘fi‘
1171 2715 1270 2773 iidem:

825 2808 918 2872 „irent
936 2809 1085 2862 creatum“.
1107 2834 1141 2846 -
1167 2801 1203 2859 P:
1223 2804 1270 2860 dn-

820 2901 871 2966 Ιεῑὶι
886 2899 1022 2967 premunt.
1032 2896 1075 2961 j-
1098 2887 1140 2946 ill:
1158 2890 1247 2947 transl
1260 2925 1271 2938 ·

827 2988 897 3034 rent.

189 3072 192 3077 '
241 3062 377 3119 Genucius
395 3066 424 3119 ln
443 3069 520 3121 einen
534 3067 686 3123 Hinterhalt
771 3059 799 3125 7'.
827 3074 963 3121 contactu
984 3066 1060 3122 siut.-
1080 3038 1206 3133 ΓΜ.
1235 3098 1270 3110 -

222 3149 358 3224 geneth,
382 3151 438 3207 und
457 3152 532 3220 dass,
554 3154 686 3229 nachdem

241 3236 286 3293 die
312 3232 449 3312 Legionen
475 3239 561 3296 durch
592 3241 685 3300 diesen

240 3334 438 3382 unerwarteten
457 3325 576 3386 schreci
592 3331 621 3386 in
640 3330 685 3387 die

238 3410 336 3470 flueht
345 3415 431 3490 gejagt
439 3435 540 3485 waren,
553 3415 602 3473 der
610 3415 683 3472 Con·

238 3501 281 3558 aul
305 3503 423 3576 umringt
445 3502 503 3559 und
520 3504 684 3579 angegriii'en

238 3607 293 3645 van
305 3588 468 3646 leindliehen
481 3589 619 3660 Soldaten‚
638 3591 683 3649 die

238 3675 316 3731 nicht
326 3680 451 3733 wnssten‘
465 3696 526 3733 weu
539 3679 579 3733 sie
592 3678 683 3753 geidd·

175 3766 178 3773 '
239 3771 293 3832 tet,
315 3762 393 3823 iiel“.
430 3763 474 3824 Cl'.
494 3762 540 3833 10,
558 3767 618 3821 ih:
644 3767 683 3821 ita

240 3869 318 3906 caesa
335 3851 369 3907 ah
385 3859 460 3926 tergo
473 3851 541 3928 legio
560 3861 639 3929 atque
652 3854 681 3908 in

238 3937 342 4007 medio,
371 3958 431 3995 cum
455 3938 541 3997 hostis
561 3940 681 4016 undique

238 4035 370 4104 urgueret,
385 4026 617 4087 circumventuri.
635 4029 679 4092 23,

237 4116 295 4174 ssa
321 4134 356 4174 ex
379 4123 506 4193 quattuor
526 4112 679 4172 consulibus

826 3151 901 3211 Pm.
927 3156 950 3210 l.
973 3148 1015 3208 ΜΞ
1043 3146 1188 3223 condaem-
1205 3155 1269 3214 sint.

827 3237 870 3296 Cl.
889 3240 915 3307 4,
934 3244 992 3300 15.=
1011 3236 1135 3317 hunaqh'e'
1147 3250 1269 3298 contacta

823 3329 920 3405 pretiis
950 3331 1025 3404 regni
1054 3326 1200 3388 mercdndi.
1235 3360 1269 3371 -

762 3406 765 3413 ¹
823 3412 846 3469 P
871 3412 949 3474 Voss.
971 3435 1000 3474 n.
1025 3414 1073 3475 al.:
1100 3414 1270 3474 ⁸documenta

826 3493 918 3562 luisse.
936 3536 970 3546 -
989 3502 1065 3563 Leid.
1083 3522 1114 3562 n:
1132 3524 1167 3560 ue
1183 3500 1257 3571 iride.

754 3592 797 3651 11.
824 3593 937 3648 rnaiore
968 3611 1045 3648 nunc
1079 3592 1270 3649 auctoritate:

822 3679 851 3737 ii
868 3678 945 3738 Leid.
957 3699 974 3734 1.
994 3679 1021 3738 h.
1033 3700 1057 3737 e.
1075 3680 1178 3735 maiore
1190 3676 1270 3757 duam

824 3777 901 3824 antea
912 3768 1078 3826 auctoritate.
1089 3766 1154 3823 -P
1166 3764 1240 3824 Harl.
1251 3787 1268 3826 r.

822 3853 869 3913 al:
891 3855 993 3910 maiore
1016 3874 1077 3909 cum
1103 3856 1269 3915 auctoritate.

824 3971 858 3984 -·
888 3939 957 4000 cot
980 3939 1036 4016 sig.
1060 3951 1086 3997 et
1113 3941 1161 3998 alli
1184 3944 1270 4000 renni

821 4030 884 4106 quia
894 4006 1058 4086 dissuaserai
1065 4028 1151 4104 legem
1163 4032 1193 4086 in
1204 4050 1269 4086 cun·

786 4174 795 4181 Ν
821 4114 903 4174 tiene.
923 4147 956 4206 -j
973 4112 1037 4172 Pil:
1056 4114 1233 4195 dilectusque.
