2618 4590
163 223 231 295 396

164 401 212 471 rei
232 400 374 470 militaris
401 411 434 469 et
462 398 622 467 dietatmis
648 399 788 468 edictum
815 424 876 490 pro
903 399 1039 472 numine.
1061 420 1197 490 semper
1216 401 1263 468 ola

166 517 327 574 servatum
349 517 382 572 et
403 505 563 571 lllanliana
585 504 716 596 imperia
738 515 772 572 et
793 505 974 596 posthabita
995 503 1051 569 lilii
1074 504 1192 571 caritas
1215 530 1262 595 pu·

135 638 137 643 ¹
165 610 267 678 bli'cae
289 610 416 677 utilitati
442 609 654 678 iactabanturr
689 608 754 676 hou
785 611 881 678 etiam
902 608 940 676 L.
962 609 1097 675 Brutum
1126 611 1261 677 condita

164 712 233 783 ram
259 714 424 782 Romanae
456 713 610 781 libertatis
643 724 736 780 antea
768 713 801 780 in
835 714 960 780 duobus
991 712 1099 780 liberis
1137 713 1260 781 fecisse:

134 830 250 887 bunne
270 830 383 909 patres
400 841 509 887 comes
531 829 565 885 et
586 842 679 886 senes
700 817 809 886 faciles
834 818 873 885 de
889 817 993 885 aliena
1006 817 1146 908 imperio
1160 830 1261 909 spreta

82 956 86 965 ¹
163 960 208 973 —
229 935 395 1015 tamquam
416 924 463 992 rei
482 947 600 1013 parvae
623 962 668 973 -
691 922 873 1014 disciplinae
900 921 1040 989 militaris
1067 947 1204 991 eversae
1224 924 1261 990 in-

162 1028 285 1096 v'sntuti
312 1028 444 1119 gratiam
471 1028 586 1094 lacere.
625 1051 661 1094 se
689 1038 797 1095 tamen
826 1037 1040 1118 perstaturum
1070 1026 1104 1092 in
1138 1027 1261 1118 incepto

163 1157 225 1201 nec
253 1132 282 1200 ei
311 1132 367 1222 qui
395 1131 547 1198 adversus
576 1131 696 1198 dictum
723 1156 818 1199 suum
846 1130 978 1199 turbatis
1000 1129 1208 1220 religionibus
1228 1158 1261 1200 ac

164 1237 267 1305 dubiis
289 1234 435 1326 auspiciis
456 1247 629 1325 pugnasset
651 1236 824 1327 quicquam
845 1260 887 1303 ex
914 1237 995 1302 iusta
1021 1258 1129 1325 poena
1159 1237 1260 1305 remis-

117 1352 152 1408 tt)
164 1365 285 1410 surum.
321 1341 471 1409 maiestas
492 1340 616 1432 imperii
630 1354 785 1434 perpetua
808 1365 849 1409 ne
863 1351 958 1424 esset,
980 1363 1046 1407 uon
1065 1364 1138 1408 esse
1161 1343 1196 1408 iu
1209 1366 1261 1410 sua

820 1549 1262 1627 tamastanus-rm.

180 1553 208 1611 5.
233 1571 312 1608 uuna
325 1560 429 1628 patres
440 1571 539 1610 comes
550 1561 581 1617 et
591 1573 679 1612 renes

225 1639 341 1714 faciles
367 1638 406 1696 de
430 1639 529 1696 aliena
556 1641 678 1716 imperio

231 1735 332 1812 spreta
350 1725 406 1798 (th
419 1730 542 1869 adpraeto)
554 1729 680 1804 tammari

233 1816 279 1893 rei
292 1833 407 1890 paruae
442 1815 594 1890 isciplirmc
613 1823 677 1873 cet:

231 1898 289 1959 ΡΜ.
308 1932 343 1941 -
361 1899 400 1956 ll:
420 1899 563 1980 disciplina
580 1899 677 1976 milli·

230 1999 395 2060 unesanerse
413 1989 545 2045 iuuentuti
567 1993 678 2063 gratiam

231 2076 328 2136 lacere.
346 2075 381 2132 P:
401 2075 556 2151 discipliuae
568 2075 677 2132 militari

232 2185 325 2222 euersa
346 2167 479 2221 iuuentuti
502 2165 614 2237 gratiam
639 2164 676 2218 ia-

232 2272 301 2313 cere.
324 2283 359 2293 —
389 2250 477 2323 Quem
505 2250 539 2305 ad
567 2249 676 2308 madum

152 2370 168 2389 .·
230 2341 257 2405 3,
279 2342 303 2396 1.
326 2336 438 2410 legimus
457 2338 617 2410 principem
639 2340 677 2393 ci·

229 2425 331 2479 vitatis
349 2422 507 2498 largiendo
527 2422 565 2478 de
578 2426 676 2480 alieno

232 2507 360 2578 (,‚(lurcl1
396 2508 440 2563 die
469 2506 678 2585 Verschealrung

230 2595 350 2654 iremden
364 2595 574 2671 Eigsntlrums“)
584 2618 676 2674 popu·

202 2748 206 2755 ¹
230 2685 325 2741 larem
338 2683 427 2761 fieri,
453 2685 494 2739 sic
520 2682 547 2744 h.
570 2683 588 2745 l.
610 2687 676 2742 scri·

228 2781 307 2851 ptum
323 2781 378 2839 est,
403 2769 465 2827 illos
484 2791 574 2831 comas
592 2783 619 2829 et
637 2772 674 2829 la-

230 2857 295 2916 siles
320 2878 399 2915 sanes
420 2862 532 2934 gratiam
556 2859 674 2938 discipli-

228 2967 279 3004 uae
287 2945 410 3002 militanis
421 2967 528 3003 eversae
541 2957 676 3025 tamquam

167 3017 176 3041 ’
229 3036 269 3090 rei
286 3053 385 3110 parvae
398 3031 485 3088 iacere
497 3036 629 3091 iuventuti
641 3037 676 3092 «le

228 3121 315 3176 aliano
333 3121 448 3197 imperio
466 3130 571 3197 spreto:
590 3125 676 3194 „jatzt
735 3164 739 3169 -

226 3213 347 3264 wtissten
372 3206 446 3262 diese
470 3206 570 3264 mildeu
593 3207 676 3265 Vttter

227 3293 284 3351 unrl
292 3292 432 3370 gettlligen
442 3293 537 3351 Greisa
547 3295 600 3352 den
608 3296 673 3354 Um-

225 3392 299 3438 stura
318 3381 561 3458 derKriegszuclrt,
580 3384 619 3441 als
637 3384 673 3440 ob

227 3468 277 3525 das
299 3469 388 3527 niehts
407 3472 503 3526 weiter
524 3491 556 3527 za
574 3471 672 3528 bedeu-

225 3566 272 3613 tan
284 3555 362 3626 habe,
380 3557 429 3614 der
438 3557 543 3634 tugend
557 3578 590 3620 zu
601 3558 672 3615 Gnte

225 3663 260 3699 au
278 3642 368 3700 haltau
386 3645 441 3702 und
460 3667 533 3702 zwar
554 3646 602 3702 aul
615 3645 671 3703 Uu-

224 3729 321 3788 lrasten
331 3731 378 3787 dra
385 3731 599 3801 Belehlshabers,
612 3733 672 3789 (les-

224 3839 274 3877 sen
295 3818 496 3894 Auordnnngen
522 3839 577 3876 ran
604 3820 672 3876 ebes

224 3907 300 3979 jener
316 3904 422 3980 lugenti
440 3909 490 3964 mit
506 3905 528 3962 F
530 3912 610 3964 iissen
627 3926 671 3983 ge·

168 4018 169 4022 ¹
224 4001 311 4052 neren
328 3992 473 4052 wordum&

172 4082 197 4137 7.
224 4099 259 4136 se
283 4089 384 4136 tamen
411 4086 613 4155 perstaturum
641 4078 672 4135 irs

820 1641 859 1698 1.:
876 1647 1064 1716 prestaturum.
1082 1659 1119 1698 m.
1135 1642 1177 1698 22
1191 1649 1261 1718 pstr-

819 1735 917 1793 turum,
943 1725 1023 1782 Reae.
1042 1725 1155 1803 quidam
1172 1727 1261 1786 radda

818 1822 998 1892 perstaturum
1007 1815 1124 1888 incepta.
1136 1845 1172 1855 ·-
1188 1814 1262 1875 Voss.

819 1919 849 1960 11.
879 1899 927 1959 al.:
963 1902 1118 1971 „aduersus
1148 1901 1262 1958 edietum

816 1994 932 2046 suum“:
949 1989 999 2046 sed
1017 1993 1052 2048 at.
1070 1992 1115 2057 ti,
1126 1991 1172 2048 25.
1184 2019 1217 2032 —-
1229 1988 1261 2047 P:

819 2097 853 2133 ex
870 2078 940 2133 iusta
958 2097 1035 2155 pena.

749 2166 791 2224 10.
818 2165 960 2221 maiestas
984 2164 1100 2238 imperii
1121 2173 1263 2238 perpetua

817 2271 857 2308 na
883 2261 979 2332 asset:
1004 2250 1026 2306 P
1049 2249 1083 2308 sl.
1111 2283 1146 2293 —-
1175 2251 1208 2308 Si
1234 2272 1262 2308 ea

818 2358 900 2416 quam
925 2340 954 2394 iu
975 2336 997 2394 P
1024 2338 1177 2395 invenimus
1199 2339 1261 2394 scri·

817 2435 977 2504 plurarem
1003 2433 1058 2494 est,
1073 2445 1119 2481 -ne
1137 2444 1193 2480 nan
1212 2434 1262 2480 tam

816 2533 868 2590 pra
908 2511 1031 2568 enclitiaa
1073 2514 1261 2586 interrogativa

817 2621 897 2676 quam
914 2619 965 2676 prs
982 2598 1057 2655 finali
1074 2601 1263 2656 eaniuuutiane

815 2685 967 2742 habendum
991 2706 1050 2741 esse
1076 2687 1208 2755 arbitror,
1235 2696 1263 2743 ut

817 2772 941 2850 Papirius
959 2772 1048 2828 dicere
1065 2773 1191 2842 valuerit,
1209 2794 1262 2831 aon

816 2880 877 2917 esse
904 2863 933 2916 in
958 2880 1007 2916 saa
1029 2871 1161 2937 potestate
1186 2861 1262 2937 quid·

817 2968 896 3025 quam
910 2947 1058 3004 concedere
1073 2967 1126 3024 qua
1139 2950 1262 3004 maiesta-

814 3044 869 3092 tem
888 3036 995 3111 imperii
1014 3037 1133 3091 imminui
1150 3054 1263 3093 neeesse

817 3130 901 3177 esset:
927 3131 1027 3179 tantam
1047 3125 1116 3178 eninr
1135 3141 1196 3178 esse
1214 3126 1262 3178 im-

816 3210 886 3283 perii
909 3210 1073 3265 maiestatem
1098 3220 1128 3265 ut
1150 3231 1165 3265 a
1189 3209 1261 3266 nullo

816 3314 868 3352 nes
894 3295 954 3352 lieri
976 3317 1026 3353 nec
1048 3297 1162 3361 concedi
1185 3297 1261 3372 quid·

814 3402 897 3460 quam
916 3380 1035 3451 deberet,
1053 3405 1107 3460 quo
1120 3385 1261 3462 impedire·

814 3479 860 3527 tur
877 3491 911 3526 ue
928 3479 1057 3548 perpetua
1075 3491 1106 3527 ea
1118 3482 1191 3536 esset
1208 3494 1260 3528 ma-

814 3557 907 3613 iestas:
918 3568 1025 3626 „etwas
1035 3559 1196 3634 zuzugeben,
1205 3580 1260 3615 wo·

816 3643 902 3700 rlursh
925 3644 971 3700 die
988 3644 1088 3700 Hoheit
1109 3646 1158 3702 des
1177 3645 1261 3702 Ober-

798 3726 918 3786 ‘bel'elrls
936 3730 1011 3788 nicht
1028 3735 1056 3787 iu
1073 3732 1148 3789 ihrer
1157 3732 1260 3791 quer·

814 3815 979 3875 letaliehleit
1001 3820 1121 3876 aulrseht
1142 3820 1262 3876 erlralten

814 3905 916 3973 werde,
935 3907 1002 3963 darn
1014 3907 1083 3962 habe
1095 3929 1125 3964 er
1137 3915 1263 3982 remitige

814 3995 904 4049 rainer
916 3992 1037 4068 Stellung
1051 3993 1185 4051 durahans
1200 3995 1263 4050 lein

812 4076 930 4140 Restm.
966 4078 1049 4140 Cam.
1068 4080 1263 4158 Heusingerus,
