2618 4590
523 247 632 308 LIBER
650 247 694 311 vt.
1116 241 1155 349 il

60 415 109 482 scr
129 416 340 504 invectusque
363 407 489 478 ordines
511 408 718 499 pugnantium
740 410 887 499 dissipa“.
923 413 969 481 sic
991 437 1092 506 eques
1112 417 1159 484 sic

59 520 159 608 pedes
181 532 219 586 ut
239 527 446 608 praeceperat
466 524 617 604 pugnant,
638 536 699 613 nec
714 513 780 580 dux
794 515 933 604 legiones
950 544 1009 593 nec
1032 522 1158 591 fortuna

61 625 175 691 fefellit
198 626 326 691 ducem.
482 618 485 623 ’

148 728 232 794 Xlll.
276 725 444 793 Multitudo
466 723 607 790 bostium
621 722 700 789 nulli
714 723 760 789 rei
774 735 900 814 praeter
915 750 1010 815 quam
1025 754 1158 798 numero
1210 722 1217 730 ¹

60 833 145 898 freta
173 843 206 899 et
232 830 330 897 oculis
356 840 524 919 utramque
556 828 692 895 metiens
721 828 823 894 aciem
850 840 971 896 temere
1002 835 1187 920 proelium5

61 936 145 1018 iniit,
172 947 291 1003 temere
314 933 433 1003 omisit:
461 933 601 999 clamore
623 943 745 999 tantum
773 932 1009 1023 missilibusque
1035 937 1105 1002 telis
1128 949 1160 1007 et

59 1040 165 1130 primo
186 1063 311 1130 pugnae
333 1039 456 1128 impetu
478 1038 569 1104 ferox
590 1036 711 1126 gladios
737 1048 771 1104 et
798 1038 961 1105 conlatum
989 1040 1107 1129 pedem
1129 1051 1162 1105 et

58 1145 184 1213 vultum
205 1145 307 1212 hostis
330 1144 442 1211 ardore
465 1139 560 1207 aninri
581 1140 752 1210 micantem
774 1142 855 1208 ferre
877 1167 943 1209 non
965 1145 1078 1233 potuit.
1117 1144 1161 1209 iu·

56 1248 151 1339 pulsa
170 1247 261 1323 frons
283 1247 385 1338 prima
408 1258 441 1313 at
454 1245 622 1335 trepidatio
639 1245 785 1313 subsidiis
800 1245 910 1313 inlata:
932 1259 966 1314 et
984 1271 1078 1315 sumn
1100 1261 1162 1314 ter·
1219 1320 1222 1325 .

58 1377 166 1420 rorem
186 1351 292 1419 intulit
319 1374 433 1443 eques:
470 1348 555 1439 rupti
581 1349 655 1416 inde
677 1351 785 1424 multis
806 1351 885 1418 locis
912 1352 1038 1419 ordines
1060 1365 1209 1428 mota-10

60 1482 124 1548 que
148 1458 255 1526 omnia
277 1468 310 1524 et
330 1453 510 1523 fluctuantis
532 1452 642 1520 similis
664 1455 748 1522 acies
776 1467 854 1525 erat.
891 1457 964 1529 dein
989 1467 1161 1546 postquam

60 1562 247 1630 cadentibus
268 1559 378 1650 primis
399 1560 464 1633 iam
491 1559 589 1625 adse
612 1559 746 1648 quisque
776 1571 1000 1648 perventuram
1029 1562 1162 1628 caedem

60 1667 221 1749 cernebat,
244 1677 333 1755 terga
353 1675 492 1732 vertunt
526 1663 643 1736 instare
664 1664 843 1748 Romanus,
872 1676 905 1731 et
928 1665 1030 1731 donoc
1051 1665 1163 1739 armati

133 1884 206 1941 rell:
232 1884 284 1942 alio
306 1882 407 1938 labore.
430 1914 465 1924 -
492 1883 579 1955 Inser
649 1886 693 1946 11.
720 1887 790 1944 dein
799 1894 975 1962 postquam:
988 1883 1037 1941 ΡΜ
1048 1883 1120 1943 Harl.
1133 1885 1164 1955 u]

136 1983 164 2028 et
181 1973 311 2047 dissipa,
336 1991 391 2027 non
409 1970 532 2042 inserta,
550 1979 581 2025 ut

135 2058 311 2134 responderet
340 2057 508 2118 antecedenti
540 2065 583 2119 te-

133 2166 217 2203 neas.

80 2236 106 2291 1.
134 2230 579 2310 sieequessiepedesutpraece·

131 2330 240 2398 perant
247 2330 398 2398 pugnant:
414 2319 464 2375 ΡΜ
475 2318 552 2377 Leid.
561 2338 578 2378 r.

133 2407 220 2464 Aliter
237 2408 357 2464 sehabet
368 2416 488 2475 terrent,
506 2405 579 2483 quod

133 2497 177 2553 30.
196 2497 240 2553 33.
257 2496 287 2550 in
305 2504 372 2570 optt.
388 2493 466 2550 libris
483 2502 532 2552 est.
545 2525 579 2536 -

133 2581 156 2638 P
182 2602 217 2640 m.
245 2584 284 2641 1.:
311 2581 427 2638 necdum
453 2579 580 2656 legiones.

136 2669 158 2725 P
176 2691 212 2728 m.
224 2671 250 2729 i.
262 2666 302 2725 tt:
321 2688 371 2725 nec
386 2668 440 2729 dux
452 2667 580 2742 legiones.

80 2757 110 2815 4.
135 2758 214 2819 nulli
235 2758 280 2816 rei
298 2765 511 2832 praeterquam
528 2775 580 2810 reu·

136 2864 216 2904 mero
230 2844 334 2915 freta:
353 2841 410 2903 ΡΜ.
429 2841 473 2899 Cf.
485 2844 511 2909 t,
524 2843 581 2898 37.:

136 2931 260 2990 fortunae
278 2929 371 2987 fretus.
389 2930 422 2996 6,
441 2932 485 2987 31.
505 2960 539 2973 --
561 2924 582 2985 l.

135 3017 181 3091 Pr.
193 3017 289 3080 Grou.:
308 3017 395 3072 nulla
408 3036 448 3074 re.
462 3013 534 3071 -bl
547 3034 582 3075 m.

139 3107 178 3166 1.:
196 3105 328 3161 mentiens
348 3105 441 3166 aciem,

83 3193 112 3250 6.
137 3193 359 3265 missilibusque
373 3191 459 3248 telis:
477 3188 535 3252 ΡΜ.
548 3221 583 3231 -

54 3305 58 3324 =
137 3275 219 3336 Recc.
238 3277 345 3355 quidam
361 3275 455 3334 codd:
474 3275 584 3344 missili-

139 3363 242 3438 busque
260 3373 287 3418 et
310 3363 384 3421 telis.
421 3363 465 3422 Cf.
488 3365 519 3430 Μ,
541 3365 584 3420 65.

141 3450 175 3507 al.
192 3481 225 3490 -
243 3449 271 3505 Μ
283 3449 355 3509 Harl.
367 3470 384 3509 1.
398 3449 479 3508 Voss.
491 3469 517 3508 11.
536 3446 585 3514 alt

142 3547 171 3592 et
201 3535 303 3596 uultum
337 3537 424 3594 bostis
460 3537 586 3592 ardorem

142 3623 224 3683 animi
242 3622 391 3687 micantem.
417 3623 453 3684 P:
477 3633 504 3680 et
527 3622 585 3680 uul-

141 3720 200 3768 tum
227 3709 315 3767 hostis
338 3708 463 3769 ardorem
486 3711 585 3770 animis

142 3800 294 3859 micantem.

721 1971 817 2027 deinde
834 1983 986 2047 postquam.
1003 2002 1037 2012 -
1059 1970 1095 2027 P:
1113 1991 1164 2026 cea·

722 2057 845 2115 dentibus
863 2061 967 2139 primis.

652 2145 695 2200 12.
723 2146 782 2199 iam
799 2146 886 2223 adse
900 2147 1028 2221 quisque
1042 2163 1166 2218 peruen-

721 2241 819 2287 turam
832 2232 953 2288 eaedem
966 2232 1117 2287 cernebat:
1135 2230 1165 2287 P.

721 2349 756 2361 ·-
785 2317 826 2375 ll:
860 2318 976 2388 „codem
1005 2337 1050 2374 cre
1065 2322 1070 2388 Ι
1086 2317 1167 2373 debat

721 2407 795 2462 alibi
827 2408 964 2464 cernebat
997 2415 1071 2480 terga
1106 2425 1165 2461 aer-

721 2501 781 2548 tunt
791 2492 796 2565 Ι
806 2497 830 2550 “.
849 2515 884 2552 m.
898 2495 936 2548 Ἅι
956 2501 1052 2567 „terga
1065 2495 1166 2556 uerti“,

721 2580 795 2636 ldem
813 2582 953 2638 credebat
974 2582 1047 2637 alibi
1068 2599 1166 2634 cerne·

722 2668 773 2722 bat
795 2665 941 2722 Rhenanus
966 2669 994 2722 in
1019 2687 1068 2722 suo
1096 2665 1167 2721 libro

722 2756 833 2811 invenit.
853 2753 896 2812 cf.
909 2756 934 2818 ἓ,
950 2757 988 2811 7.:
995 2754 1078 2827 fieri.
1097 2750 1168 2808 Cum

722 2839 845 2896 hocloco
859 2841 893 2900 ad
903 2839 1011 2895 alteram
1025 2838 1168 2895 lectionem

725 2925 846 2983 additum
857 2929 893 2980 sit
902 2927 983 2991 alibi,
994 2925 1065 2999 quod
1075 2923 1168 2984 simili·

724 3012 775 3073 bus
791 3013 887 3070 horum
897 3012 1027 3068 librorum
1042 3011 1109 3088 locis
1122 3011 1168 3068 ad·

724 3103 855 3179 scriptum
877 3101 990 3176 reperiri
1012 3120 1067 3155 non
1091 3099 1169 3166 solet,

723 3189 753 3244 in
778 3192 942 3269 antiquiore,
965 3209 998 3245 ex
1016 3209 1069 3264 quo
1089 3187 1170 3244 codd.

724 3274 811 3335 Rhen.
830 3287 857 3331 et
869 3275 964 3334 bledic.
978 3275 1121 3340 fluxerunt,
1139 3274 1170 3329 li-

725 3363 774 3418 bro
792 3363 930 3419 credebat
942 3362 1048 3422 videtur
1060 3362 1089 3414 iu
1108 3380 1170 3415 con·

726 3450 800 3504 tibua
819 3453 941 3503 oratione
956 3449 1046 3506 fuisse.
1065 3467 1115 3502 nec
1132 3457 1171 3504 ta.

726 3557 788 3594 meu
800 3535 853 3592 boc
865 3536 1024 3609 integritatis
1041 3534 1172 3598 indicium

726 3644 776 3698 per
798 3644 828 3677 se
852 3623 917 3678 satis
940 3642 1018 3696 grave
1041 3632 1096 3690 est,
1122 3643 1172 3679 nec

726 3709 778 3769 hoc
796 3709 857 3766 loco
870 3710 1007 3772 credebat
1017 3713 1108 3787 potius
1126 3710 1172 3767 ba-

728 3797 805 3852 beam
823 3818 902 3874 quam
919 3799 1064 3859 cernebat.

74 3874 117 3944 1'1.
143 3894 172 3942 et
187 3883 367 3958 fluctuantis
385 3881 492 3938 similis
509 3883 589 3938 acies
660 3885 704 3944 13.
731 3885 1174 3948 instareltamanus:editFrob.

143 3981 223 4033 erat:
241 3971 269 4028 Μ
291 3971 350 4032 cod.
370 3969 470 4042 liban]
492 3977 519 4026 at
538 3968 588 4027 ttu-

146 4061 245 4119 ctaauti
264 4068 313 4141 cet.
332 4057 394 4129 (P).

731 3975 809 4030 1531.
822 4005 856 4017 -
873 3971 923 4032 ΡΜ
940 3970 1011 4029 rell:
1030 3982 1112 4034 stare
1128 3995 1175 4030 ro·
1268 4048 1272 4063 Ι
1290 4034 1293 4039 ,

730 4075 845 4120 traaas.
872 4091 906 4102 -
934 4059 998 4120 PM:
1026 4069 1055 4119 et
1082 4061 1176 4123 dome
