2618 4590
153 254 219 323 29⁰
609 262 720 325 umus
735 261 807 326 vlit.

155 431 259 500 menis
282 429 457 500 ferociores
483 427 569 496 fecit.
605 424 713 516 iteqne
735 450 794 517 per
815 427 957 517 speciem
974 426 1127 495 adversus
1142 425 1264 494 Samni-

155 550 206 607 tas
233 536 309 605 belli
329 533 462 627 parandi
483 531 598 601 crebre
619 530 754 600 concilia
775 534 950 602 indicentes
969 531 1118 599 omnibus
1141 533 1265 601 comd-

159 641 331 710 tntionibus
359 640 441 706 inter
469 662 505 707 se
536 637 695 731 principes
726 639 851 707 occulte
873 640 1055 706 Romanum
1085 637 1268 727 coquebant

158 745 292 813 bellum.
332 743 408 811 hnic
430 767 562 834 quoque
585 744 737 812 adversus
759 755 937 811 servatores
960 766 1037 810 suos
1065 742 1153 811 bello
1177 742 1266 809 Cam-

129 866 264 941 bponus
287 849 407 917 aderat.
447 850 505 917 sed
527 872 723 939 quamquam
746 849 853 915 omnia
881 848 921 915 dc
948 847 1101 914 industria
1124 846 1267 915 celaban-

158 966 212 1023 tur
232 994 278 1007 —-
298 953 488 1045 priusquam
510 965 717 1023 moverentur
730 953 866 1022 Romani
888 953 958 1020 tolli
981 952 1021 1018 ab
1043 964 1133 1042 tergo
1147 952 1268 1020 Somni-

163 1070 233 1126 tem
254 1058 383 1126 hostem
404 1059 626 1127 volebant-
652 1071 760 1128 tamen
787 1083 846 1150 per
873 1058 1032 1148 quosdam
1057 1057 1189 1148 privetis
1214 1057 1269 1124 ho-

161 1163 264 1254 spitiis
292 1163 645 1255 necessitudinibusque
680 1164 867 1232 coniunctos
896 1163 1010 1231 indicia
1045 1160 1270 1231 coniurationis

163 1269 233 1339 eius
249 1269 393 1337 Romam
415 1281 619 1353 emonnnmt,
646 1268 804 1360 iussisque
833 1280 905 1335 onte
928 1279 1056 1357 tempus
1086 1267 1271 1334 consulibus

38 1428 43 1441 .
117 1389 153 1445 10
164 1372 311 1441 abdicere
334 1396 371 1440 se
393 1373 594 1465 magistratu,
622 1397 689 1465 quo
710 1373 865 1442 maturius
891 1374 967 1441 novi
988 1372 1139 1441 consules
1162 1372 1271 1439 adver·

186 1574 212 1631 1.
239 1570 409 1630 Samnitas:
420 1571 458 1645 P]
472 1572 607 1631 Samnites
620 1572 689 1644 (tl).

238 1656 283 1718 Cf,
319 1657 352 1717 C.
387 1657 420 1719 L.
456 1659 606 1718 Schneider
639 1659 686 1720 lat

237 1744 356 1805 Gremm.
380 1766 407 1806 ιι.
431 1750 455 1806 l.
477 1769 504 1824 p.
527 1750 588 1806 314.
624 1747 686 1807 Liv.

237 1835 282 1903 26,
300 1835 342 1889 24.
363 1834 397 1893 ιΙ.
421 1865 454 1878 ·-
480 1835 523 1892 tl:
543 1836 685 1909 omnibuis!

241 1921 479 1981 consolationibus.
498 1953 532 1965 -
555 1922 621 1980 PM:
641 1943 686 1980 oc-

238 2007 311 2066 cnlte
323 2029 462 2065 romanum
472 2011 625 2088 coquebant
633 2010 687 2067 bel·

238 2095 304 2156 lum.
329 2095 373 2155 Cf.
392 2099 418 2166 3,
436 2097 493 2157 tu:
512 2099 614 2155 cotidie
631 2102 687 2155 coi·

239 2182 305 2238 bunt
323 2182 398 2253 (scil.
418 2185 578 2252 decemviri)
600 2206 687 2242 remo·

238 2269 276 2323 tis
303 2269 418 2327 arbitris.
452 2271 516 2327 inde
542 2275 688 2349 inpotenti·

239 2354 290 2410 bns
308 2356 434 2413 instructi
459 2357 594 2428 consiliis,
619 2381 688 2436 quae

239 2449 344 2496 secreto
373 2442 406 2497 ob
437 2443 498 2501 eliis
527 2446 687 2521 coquebant,

178 2578 182 2585 ,
241 2535 292 2584 cet.
312 2529 356 2598 40,
374 2532 431 2589 11.:
450 2531 506 2588 illic
524 2543 586 2588 ante
599 2538 688 2591 omnia

240 2612 405 2673 clandestino
413 2629 541 2677 concocta
551 2629 616 2677 sunt
625 2643 688 2679 con·

240 2699 312 2762 silia.
330 2701 363 2762 ιΙ.

187 2787 214 2848 4.
241 2786 312 2846 huic
331 2811 450 2869 quoque
465 2793 616 2854 aduersus
628 2818 688 2854 eer-

176 2870 180 2877 ’
242 2887 364 2936 rectores
382 2901 456 2938 suos
473 2883 550 2941 bello
565 2886 689 2960 Campo·

238 2985 297 3022 nus
314 2965 436 3026 aderat.-
454 2967 476 3025 P
494 2990 529 3029 ιιι.
548 2971 572 3027 2.
591 2970 626 3028 tt
655 3003 690 3015 -

241 3050 264 3108 P
290 3072 325 3110 ιιι.
357 3056 393 3113 1.:
425 3053 470 3111 bic
501 3077 609 3133 quoquc
639 3071 691 3119 cet.

242 3136 325 3195 Recc.
344 3138 418 3215 quid.
430 3140 525 3199 codd:
543 3141 607 3199 hinc
624 3166 690 3222 quo·

243 3243 305 3301 que.
326 3254 360 3266 -
382 3225 460 3288 Leid.
475 3247 508 3289 1.:
535 3228 690 3291 aduersato-

243 3330 378 3372 resonos.

190 3399 216 3454 b.
241 3401 300 3458 sed
322 3421 504 3480 quamquam
526 3405 625 3462 omnio
652 3405 692 3462 dc

244 3487 394 3546 industria
411 3492 598 3550 celabantur:
615 3493 645 3552 P.
656 3525 690 3535 --

243 3570 271 3627 tl
288 3575 369 3634 Voss.
384 3595 412 3637 ιι.
431 3577 478 3638 ab:
507 3579 540 3636 dc
557 3581 691 3639 industrie

245 3656 420 3723 celebrantur.
536 3680 542 3687 '

95 3770 98 3775 ·
191 3742 221 3802 6.
244 3745 421 3822 priusquam
434 3755 691 3814 monerenturlio·

244 3833 342 3889 mani:
369 3834 419 3893 ΡΜ
440 3837 514 3900 Harl.
536 3859 556 3900 1.
576 3840 654 3902 Leid.
673 3862 690 3903 1.

180 4000 183 4007 1
245 3916 296 3992 nb]
313 3922 443 4001 priusque
460 3947 540 4002 quom
552 3950 690 3987 moreren-

243 4014 290 4079 tur
318 4007 444 4093 domant.
466 4044 508 4057 1-—
539 4015 691 4094 Priusque

245 4109 336 4165 quam
360 4111 556 4181 moverentur,
571 4106 690 4171 scriben-

828 1571 892 1629 dum
904 1570 1054 1640 videbator,
1071 1569 1146 1650 qnod
1159 1571 1226 1626 haec
1237 1566 1272 1625 ai·

828 1670 884 1716 tera
909 1662 1038 1716 orationis
1061 1679 1125 1739 pers
1147 1679 1203 1714 non
1226 1658 1274 1714 mi-

828 1769 879 1804 nus
906 1768 985 1824 quom
1007 1747 1083 1824 prior
1110 1743 1145 1802 ad
1174 1765 1275 1822 quam·

830 1855 921 1910 quom
947 1833 1086 1890 referenda
1114 1843 1195 1892 esset.
1230 1853 1276 1890 ve·

828 1942 888 1978 rum
912 1920 979 1977 boec
1002 1920 1089 1977 medie
1112 1921 1194 1978 verbo
1221 1940 1276 1976 non

828 2009 863 2065 ed
873 2029 1055 2084 quamquam
1066 2013 1202 2086 pertinere
1213 2028 1276 2085 pos·

829 2105 903 2164 suut,
920 2097 1020 2172 quippo
1038 2098 1178 2173 inquibus
1197 2115 1275 2152 consa

830 2184 896 2239 insit
905 2193 1104 2261 propterquam
1114 2181 1205 2239 Latini
1215 2203 1277 2239 con·

815 2271 889 2326 ·silio
916 2291 965 2325 suo
988 2291 1111 2327 emanare
1133 2270 1278 2338 noluerint,

829 2357 879 2414 sed
906 2378 937 2413 ea
959 2358 1129 2434 parenthesis
1152 2358 1213 2415 loco
1237 2361 1276 2414 in-

829 2447 960 2521 terposito
979 2457 1055 2514 sunt,
1076 2456 1105 2503 ut
1124 2449 1148 2503 si
1166 2448 1277 2502 coninn·

830 2535 884 2589 ctio
908 2533 1039 2610 quaedem
1062 2533 1213 2591 adiicienda
1238 2535 1277 2589 vi·

830 2619 947 2689 deretur,
957 2621 1277 2698 particulacensnlisscri-

829 2705 937 2764 berctur
955 2719 1101 2785 oporteret
1131 2708 1162 2765 In
1181 2709 1277 2765 codice

830 2792 926 2854 Ktoct.
949 2799 1079 2874 scriptum
1102 2818 1161 2854 esse
1180 2798 1279 2852 dicitnr

832 2891 861 2939 et
879 2886 1057 2961 priusquam
1078 2893 1280 2950 mouerentur,

831 2970 905 3045 qnod
923 2981 1043 3028 rectore
1062 2969 1160 3026 babere
1178 2978 1281 3055 potest,

832 3077 892 3112 cum
907 3056 940 3117 L.
958 3056 1086 3139 particulo
1104 3066 1134 3115 et
1152 3078 1281 3134 coquom

832 3143 878 3200 bic
886 3143 962 3203 locus
970 3144 1088 3224 postulet
1095 3165 1178 3201 sensu
1188 3142 1280 3213 (‚‚und

833 3238 941 3304 zwar“)
960 3236 1000 3292 uti
1017 3233 1114 3291 solitus
1132 3232 1178 3290 sit.
1197 3263 1233 3301 ···,
1254 3228 1280 3286 id

833 3339 869 3378 m.
889 3323 926 3380 1.:
945 3322 1068 3390 „indicia
1087 3319 1279 3376 coniurationi-

832 3408 885 3464 bus
898 3411 987 3479 cius“,
999 3409 1048 3465 sed
1061 3409 1100 3465 bu
1113 3428 1217 3464 erasum
1231 3416 1280 3464 est.

763 3495 807 3554 10.
835 3516 894 3572 quo
924 3499 1072 3554 maturius
1101 3498 1176 3552 noui
1203 3499 1280 3553 0055.

832 3583 982 3642 aduersus
1018 3594 1133 3641 tantam
1173 3584 1281 3639 molem

832 3672 906 3729 belli
920 3682 1109 3730 crearentur.-
1127 3669 1178 3727 PM
1196 3668 1229 3728 nl.
1246 3700 1278 3710 -

832 3757 926 3819 Lovel.
944 3764 982 3819 b:
1010 3770 1114 3816 tontum
1137 3754 1211 3831 belli¹
1224 3776 1282 3812 mo·

832 3843 894 3906 lem.
913 3879 948 3891 -
969 3846 997 3903 M
1014 3867 1050 3906 m.
1070 3851 1109 3906 1.:
1127 3844 1225 3920 religio
1244 3847 1283 3900 in·

832 3937 916 3992 cessit
932 3935 966 3991 ab
985 3936 1024 3991 cis
1037 3952 1154 4012 quorum
1166 3934 1283 3990 inminu-

829 4030 888 4079 tum
915 4023 1058 4098 imperium
1074 4030 1080 4092 Ι
1096 4022 1180 4077 cessit
1207 4020 1284 4077 mitia

831 4109 934 4167 iuberi.
953 4130 988 4169 m.
1002 4113 1042 4169 3.:
1056 4110 1167 4167 comitia
1180 4107 1285 4164 baberi.
