2618 4590
169 261 242 345 aro'
327 288 337 296 ·
631 221 741 384 tmen
758 283 815 347 vn.

171 454 256 546 sipat
275 451 308 519 iu
329 449 456 518 hisdem
477 447 603 542 oppidis
625 458 660 517 et
679 471 764 516 anno
786 457 863 540 post
883 445 1038 539 praesidia
1060 447 1269 520 hibernatura.

172 554 272 626 divisa
299 556 385 624 enim
412 565 503 623 erant
528 576 588 646 per
609 552 802 646 Campaniae
830 552 926 621 urbes
958 565 1230 648 manaverantque
1253 581 1268 625 a

98 666 102 673 ’
141 688 143 699 ·
171 660 284 754 Capua
306 660 440 729 consilia
461 659 495 728 in
517 659 694 728 exercitum
714 682 855 726 omnem.
889 681 931 726 eo
952 658 1137 728 laxamento
1161 661 1267 752 cogita·

168 765 314 856 tionibus
331 766 406 833 dato
428 765 549 856 qrrievit
569 766 602 831 in
624 764 803 856 praesentia
825 762 948 832 seditio.
1303 794 1308 891 p

138 880 158 937 t
256 870 407 940 XXXIX.
451 867 573 938 Consul
593 867 757 937 eductoin
779 869 898 938 aestiva
913 867 1022 952 milite,
1045 867 1124 936 dum
1147 869 1265 961 quietos

169 976 331 1044 Samnites
353 975 506 1059 habehat,
536 974 711 1042 exereitum
733 998 867 1067 purgare
888 971 1092 1041 missionibus
1114 974 1267 1044 turbulen-

169 1094 278 1177 torum
294 1080 462 1149 hominnm
477 1079 620 1164 instituit,
641 1079 709 1147 aiiis
726 1081 856 1148 emerita
871 1078 1005 1146 dicendo
1021 1079 1179 1170 stipendia
1194 1103 1267 1162 esse,

170 1186 251 1253 alios
273 1208 386 1276 graves
407 1184 473 1252 iam
494 1196 598 1253 aetate
621 1197 676 1253 aut
695 1184 814 1254 viribus
834 1208 947 1277 parum
969 1183 1109 1252 validos:
1144 1183 1267 1276 quidam

170 1289 205 1356 in
227 1301 427 1357 commeatus
449 1285 668 1374 mittebantur,
701 1289 815 1382 singuli
836 1291 940 1381 primo
969 1289 1083 1358 deinde
1107 1302 1140 1358 et
1163 1289 1271 1358 cohor-

125 1405 221 1466 10tes
244 1395 412 1486 quaedam,
435 1393 509 1485 quia
532 1394 706 1487 proculab
730 1395 827 1462 domo
850 1417 888 1461 ac
909 1394 1005 1461 rebus
1026 1392 1092 1463 suis
1113 1394 1270 1463 hibernas

170 1508 258 1567 sent:
295 1522 353 1589 per
375 1498 517 1590 speciem
539 1500 636 1567 etiam
661 1498 844 1566 militarium
871 1520 1005 1582 usuum,
1039 1522 1114 1566 cum
1136 1498 1192 1567 alii
1212 1498 1270 1568 alio

168 1602 377 1688 mitterentur,
399 1629 514 1698 magna
536 1628 610 1696 pars
632 1603 784 1695 ablegati:
821 1626 920 1695 quam
941 1602 1180 1673 multitudinem
1201 1629 1272 1673 oon-

169 1708 221 1777 snl
248 1709 329 1777 alter
350 1710 473 1778 Romae
500 1721 692 1801 praetorque
721 1707 797 1776 alias
827 1731 869 1776 ex
898 1708 966 1776 aliis
993 1708 1143 1800 fingendo
1167 1734 1272 1778 moras

170 1813 336 1883 retinebat.
374 1826 408 1883 et
428 1815 532 1907 primo
555 1814 686 1906 qrridem
707 1813 807 1904 ignari
827 1812 1049 1882 ludificationis
1075 1813 1210 1892 minime
1231 1816 1274 1882 in-

113 1930 160 1986 -15
170 1918 226 1988 viti
248 1920 364 1988 domos
378 1920 575 1988 revisebant:
598 1931 772 2011 postquam
793 1942 898 2010 neque
914 1917 1030 1986 reverti
1047 1917 1088 1985 ad
1102 1918 1193 2011 signa
1215 1920 1275 2011 pri·

168 2048 242 2095 mos
264 2049 326 2094 nec
347 2024 451 2094 terme
473 2024 571 2093 alium
599 2049 698 2117 quam
720 2023 776 2116 qui
802 2023 836 2091 in
858 2021 1033 2116 Campania
1053 2022 1276 2095 hibernassent

238 2243 290 2318 ab]
310 2243 441 2304 frustrari.
460 2242 505 2303 Cf.
522 2241 608 2303 Prisc.
620 2245 647 2312 8,
658 2244 687 2303 t.

240 2333 285 2390 15.
303 2333 348 2392 20.
366 2363 400 2374 —
429 2329 471 2388 tl:
489 2329 602 2387 militari
615 2332 620 2403 Ι
636 2333 686 2387 im-

240 2427 333 2494 petum
346 2418 443 2474 frustra
456 2438 620 2474 rerumorem
632 2418 687 2474 dis·

240 2504 353 2580 sipatim
380 2504 497 2562 hisdem·
513 2504 609 2584 oppidi
637 2503 687 2562 aad

235 2611 321 2664 ,anno
339 2591 367 2649 Μ
384 2613 420 2653 m.
438 2593 478 2652 ΞΛ
496 2599 670 2652 rerhmorem.

825 2242 897 2299 inter
913 2243 1040 2300 consilia
1058 2244 1089 2300 in
1111 2245 1276 2315 exereitum

826 2338 856 2387 et
867 2331 1029 2388 exercitum
1038 2349 1174 2411 purgare
1184 2331 1277 2411 legun·

827 2425 880 2488 tur,
898 2418 996 2474 omissa
1015 2426 1086 2485 sunt.

774 2519 802 2581 6.
829 2523 991 2578 exercitum
1005 2536 1141 2601 purgare
1158 2523 1277 2583 missio·

829 2608 932 2665 nibus:
953 2607 981 2665 Μ
1005 2607 1071 2664 atP
1093 2610 1124 2666 in
1146 2612 1278 2687 margine.

189 2702 216 2762 1.
241 2703 273 2758 in
290 2701 407 2760 hisdem
424 2703 496 2774 ('‚‚in
514 2703 581 2760 eben
595 2704 688 2760 diesen
829 2723 865 2736 ···
882 2694 917 2752 P:
936 2698 1080 2771 exetcjtum
1092 2701 1215 2775 Pllss'we
1226 2700 1278 2757 mi·

238 2787 392 2860 stateem)
420 2790 538 2866 oppidis
560 2800 589 2849 ιι
606 2811 687 2849 anno
827 2783 960 2844 sionibus.

235 2863 471 2955 post'pmedl'dl'a
479 2878 703 2936 hibernaturatr
774 2890 801 2948 9,
828 2887 938 2944 deinde
963 2895 993 2945 et
1018 2886 1156 2945 whom!
1184 2907 1277 2964 quae.

237 2962 280 3035 P]
299 2966 328 3020 in
345 2964 443 3035 iisdem
461 2975 512 3026 cet.
533 2966 607 3022 ldem
625 2966 686 3023 his·
827 2975 900 3032 dam
917 2975 989 3050 quia
1003 2975 1111 3050 procul
1126 2960 1166 3032 db
1184 2975 1277 3035 domo
1297 2991 1303 2996 '

239 3051 308 3106 dem
324 3052 354 3105 in
367 3050 394 3107 M
407 3071 466 3107 esso
479 3054 532 3107 iam
546 3072 626 3127 supra
645 3051 685 3108 di·
827 3061 1039 3119 acrebnasuia
1050 3059 1277 3120 hibernassent:

241 3145 416 3194 otumest.—
428 3135 542 3194 Iuliani.
554 3156 572 3192 1.
584 3135 686 3198 Leidr.
827 3147 886 3209 ΡΜ,
904 3179 938 3190 -
955 3145 1100 3210 L0701‚4,;
1119 3147 1220 3207 deinde
1232 3170 1277 3206 ω.

239 3221 385 3300 musti⁸qt¹0
403 3222 463 3281 &liis
481 3222 582 3289 excidii
600 3233 637 3282 ct·
827 3233 920 3292 hortea
931 3235 1132 3314 quaedamqnin
1144 3237 1180 3295 ab
1193 3237 1276 3296 domo

827 3343 860 3379 ae
877 3323 958 3379 rebus
976 3325 1033 3379 suis
1051 3321 1250 3385 hibernassent.

758 3427 801 3486 11.
824 3445 880 3502 per
902 3428 1028 3503 speciem
1048 3428 1138 3485 etiam
1166 3430 1276 3487 militn-

826 3515 905 3570 rinm
922 3534 1031 3571 nouum
1052 3534 1120 3571 cum
1139 3517 1198 3573 alii
1213 3517 1275 3574 alio

826 3603 1012 3658 mitterentur
1022 3620 1133 3682 magna
1139 3622 1216 3679 pars
1225 3604 1276 3663 ab

185 3334 215 3394 3.
240 3353 275 3392 eo
304 3334 477 3392 laxamento
503 3336 687 3414 cogitationi·

238 3422 295 3479 hus
318 3422 389 3479 dato
415 3423 526 3497 quieuit
549 3423 580 3478 in
599 3443 686 3498 prae·

239 3511 338 3567 santia
355 3510 479 3567 sedatio:
501 3507 563 3566 PM:
582 3511 686 3578 „nach-

238 3595 301 3652 dem
320 3595 372 3652 den
398 3595 569 3674 ansgeregterr
587 3597 704 3673 Gemi-p

237 3681 317 3738 thern
345 3682 433 3740 dieser
461 3685 600 3742 Anfschnb
624 3706 686 3744 zum

142 3824 145 3839 ‚
238 3768 352 3845 rubigen
363 3769 544 3830 Naehdenken
557 3774 624 3830 tiber
642 3771 687 3830 ihr

238 3855 384 3914 Vorhaben
411 3857 531 3934 gelassen
553 3880 625 3928 war,
652 3881 684 3916 so

237 3941 327 4000 sellu
354 3943 413 4000 sich
438 3945 481 4002 hir
504 3947 557 4004 den
578 3948 685 4024 Augen·

225 4029 310 4088 'blielr
327 4030 467 4090 die'Ruhe
483 4034 588 4092 wieder
604 4033 685 4095 her“.

128 4180 131 4185 >
239 4145 275 4158 -—
292 4115 324 4175 In
340 4116 415 4179 Harl.
423 4107 442 4182 1.
459 4123 549 4179 omnia
566 4141 598 4178 ea
616 4140 685 4198 quae

827 3688 1276 3768 legatier.2.M.7-Pm.1.a

825 3797 904 3834 usum
922 3797 981 3835 oum
1001 3777 1054 3835 alio
1073 3777 1126 3835 alio
1137 3779 1277 3836 mitteren-

809 3872 877 3921 tur.
894 3893 925 3907 -
938 3864 960 3921 P
978 3886 1013 3925 m.
1034 3868 1072 3925 1.:
1090 3865 1201 3940 figendo
1218 3885 1276 3924 mo·

824 3968 877 4010 ras.
895 3950 918 4008 P
934 3971 970 4011 m.
988 3955 1014 4012 91.
1032 3950 1073 4009 hl:
1092 3952 1231 4029 fingendo.

756 4035 799 4096 11,
827 4046 857 4094 et
870 4040 967 4113 primo
987 4039 1123 4117 quidem:
1146 4040 1174 4097 hl
1192 4059 1229 4100 m.
1249 4041 1276 4100 2.

826 4123 1031 4187 1³.-tt1m.1.s
1049 4127 1275 4206 etprimoqnam.
