2618 4590
171 279 235 348 tta
637 272 808 355 tumn

171 457 216 525 tia
244 450 442 525 tribunonrm
474 454 612 523 militum
639 452 824 521 tollentibus
851 477 909 544 per
942 453 1194 544 quinquennium
1222 475 1270 518 ur·

170 563 247 630 bem
268 563 377 631 tenuit.
525 595 530 620 ι

125 666 128 671 “
180 712 184 729 ,ι
302 663 453 734 XXXVI.
497 661 568 731 Alia
595 660 680 729 bella
709 674 889 754 opportune
917 663 1081 754 quievere:
1116 661 1273 730 Velitcmi

170 771 280 841 coloni
300 769 472 861 gestientes
494 767 576 850 otio,
612 770 700 858 quod
722 767 830 834 nullus
860 768 1017 835 exercitus
1038 768 1202 835 Romanus
1225 789 1272 833 cs-

143 881 236 959 5set,
265 886 298 942 et
319 898 430 964 agrum
451 874 634 940 Romanum
656 872 845 963 aliquotiens
872 873 1073 940 incursavere
1095 883 1129 939 et
1150 871 1272 938 Tuscu·

170 979 239 1046 lum
261 1001 446 1071 oppugnare
470 977 572 1045 adorti
592 987 679 1045 sunt:
702 1001 806 1068 eaque
825 1001 878 1045 res
899 978 1089 1045 Tusculanis
1110 976 1272 1045 veteribus

169 1084 265 1179 sociis
286 1084 379 1150 novis
402 1083 523 1152 civibus
546 1106 644 1174 opem
664 1081 827 1149 orantibus
841 1082 1032 1150 verecundia
1054 1082 1271 1149 maximenon

169 1196 276 1279 patres
298 1188 396 1255 modo
419 1189 477 1255 sed
499 1186 596 1255 etiam
618 1186 748 1277 plebem
768 1186 886 1255 movitt
922 1186 1155 1254 remittentibus
1176 1186 1272 1253 trihu·

168 1293 219 1359 nis
241 1293 345 1384 plebis
367 1292 495 1360 comitia
517 1316 575 1382 per
596 1289 788 1382 interregem
809 1302 884 1358 sunt
905 1290 1012 1359 habita
1042 1292 1204 1382 creatique
1222 1289 1272 1356 tri-

124 1402 160 1458 10
171 1397 250 1464 huni
271 1397 408 1465 militurn
429 1397 465 1463 L.
488 1396 601 1463 Furius
623 1394 662 1463 A.
684 1395 822 1491 Manlius
843 1397 913 1493 Ser.
928 1396 1088 1487 Sulpicius
1110 1395 1180 1464 Ser.
1196 1393 1272 1460 Cor-

169 1500 273 1569 nelius
295 1501 333 1570 P.
356 1513 389 1569 et
403 1500 442 1570 C.
456 1500 566 1570 Valeri
587 1500 837 1592 haudquaquam
858 1513 926 1569 tarn
949 1501 1153 1569 obedientem
1172 1500 1207 1566 in
1229 1498 1272 1569 di

169 1605 257 1673 lectu
278 1630 375 1696 quam
397 1606 430 1672 in
452 1603 587 1672 comitiis
606 1605 737 1696 plebem
759 1606 916 1688 habuere,
937 1605 1120 1696 ingentique
1143 1616 1272 1673 conten-

168 1709 256 1777 tione
277 1711 419 1778 exercitu
440 1710 558 1800 s'cripto
581 1711 717 1801 profecti
738 1733 805 1778 non
832 1711 873 1778 ab
895 1710 1038 1778 'llrsculo
1066 1711 1164 1777 modo
1186 1732 1271 1776 sum-

144 1798 300 1885 ‘movere
322 1815 451 1883 hostem
473 1815 531 1882 scd
552 1815 634 1883 intra
656 1826 782 1884 suamet
802 1814 909 1909 ipsum
935 1814 1062 1883 moenia
1088 1814 1271 1905 conpulere,

236 2034 304 2093 Pll:
320 2057 376 2114 per
388 2037 621 2114 quinquennium
635 2056 683 2094 ur·

236 2124 413 2182 temnant.-
426 2123 629 2182 iortiusdictum
642 2133 685 2180 est

238 2229 320 2286 quam
330 2213 563 2288 „quinquennium
576 2213 605 2268 in
617 2212 684 2268 urbe

236 2297 363 2353 tenuit“:
402 2306 433 2353 ut
462 2298 564 2354 urbem
592 2299 685 2355 tenuit

237 2379 311 2438 idem
322 2381 446 2439 videatur
457 2403 516 2440 esso
528 2385 602 2462 qnod
619 2403 684 2453 „aaa
702 2451 706 2460 ι

237 2484 352 2545 spensos
382 2481 539 2550 erectosque
564 2473 683 2530 omnium

237 2556 342 2613 animos
359 2558 478 2618 tenuit“.

182 2663 210 2723 3.
237 2666 301 2723 alio
318 2668 399 2725 bella
417 2679 579 2745 opportune
602 2671 682 2749 quie·

236 2773 322 2811 uere:
339 2755 375 2815 tt.
401 2786 437 2799 -
466 2757 503 2815 P:
525 2766 683 2835 oportunae.

236 2859 272 2899 nr.
290 2845 329 2902 Ἅι
348 2855 534 2923 oportune-
551 2845 592 2903 ll:
611 2848 682 2905 ocio.

183 2948 209 3007 5.
236 2952 433 3028 aliquotiens:
451 2954 511 3030 ΡΜ]
530 2956 681 3034 aliquoties.

181 3051 208 3107 b.
236 3072 331 3129 eaque
361 3077 412 3114 res
438 3089 473 3100 «-
501 3058 682 3116 uerecundia

235 3142 365 3200 maxime
389 3154 456 3204 eet:
479 3143 536 3204 Pht.
563 3171 598 3184 -
626 3145 681 3200 lae.

233 3222 336 3286 Potin:
363 3246 447 3308 eaque
469 3251 507 3290 re.
530 3262 565 3273 -
591 3229 681 3300 „Uud

233 3311 294 3370 dies
320 3315 425 3375 erlhllte
450 3318 527 3376 nieht
553 3337 605 3375 nur
635 3318 680 3375 die

233 3398 316 3459 Vtter
332 3405 452 3463 eundern
468 3405 537 3464 auch
547 3406 601 3474 ¹die
618 3404 678 3463 Ple·

230 3487 305 3562 bejer
339 3492 389 3550 anf
420 3493 468 3551 das
504 3493 593 3551 tieiste
628 3496 679 3550 mit

231 3573 446 3655 Schaamgelfihl,
467 3580 507 3640 als
520 3580 564 3638 die
574 3578 677 3639 Tuscu·

230 3658 328 3720 laner“
346 3687 372 3726 u.
389 3685 412 3728 s.
430 3689 467 3728 vs.

178 3770 205 3828 8.
233 3775 447 3837 remittentibus
455 3789 492 3838 tr.
503 3780 544 3854 pi.
557 3778 677 3836 comitia

232 3866 297 3921 eet:
315 3861 376 3919 PM:
395 3864 422 3924 h.
435 3886 459 3927 e.
476 3885 531 3922 non
549 3867 674 3923 resisten-

229 3945 316 4016 tibus,
347 3971 403 4008 nou
432 3952 674 4009 intercedentibus:

228 4030 274 4091 illa
291 4037 452 4094 verecundia
476 4041 547 4096 enim
564 4042 673 4096 remise-

228 4129 270 4177 rat
293 4126 472 4183 eeertamine
488 4129 602 4186 animos.
638 4157 673 4170 -

825 2034 889 2096 Pil.-
927 2037 1080 2115 mentique
1119 2043 1156 2093 tr.
1195 2034 1272 2091 mil..-

827 2125 951 2194 ‚‚sber“:
970 2124 1005 2184 el.
1022 2126 1048 2193 6,
1066 2123 1108 2182 b:
1126 2120 1271 2196 laborque.

756 2214 799 2272 11.
828 2212 952 2279 Valeri.-
974 2209 1095 2269 MLetd.
1112 2210 1140 2280 1.]
1161 2206 1271 2265 Valerii.

826 2329 861 2342 —
874 2299 912 2356 At
928 2297 996 2355 inhl
1013 2299 1143 2375 scripturn
1162 2305 1204 2352 est
1221 2313 1271 2362 „eu

824 2398 853 2446 tr.
874 2406 899 2445 c,
926 2386 1053 2445 velerit
1082 2386 1111 2441 in
1137 2383 1161 2439 P
1186 2391 1214 2438 et
1242 2383 1271 2436 in

753 2490 766 2541 ’,
825 2472 895 2549 cap.
912 2471 1006 2547 fragm.
1024 2471 1080 2541 „P.
1099 2479 1126 2527 et
1144 2468 1177 2528 C.
1195 2467 1270 2527 Vale·

825 2562 891 2620 rii“.
911 2591 946 2602 -
969 2558 1032 2616 Pht:
1050 2567 1105 2614 tam
1124 2555 1270 2615 oboedien-

825 2655 888 2705 um.
902 2677 937 2689 -
954 2646 989 2704 1²2
1007 2647 1059 2714 „in
1077 2644 1210 2702 ddectu“.
1228 2641 1269 2698 ll:

826 2736 878 2804 „in
901 2732 1068 2791 ddeetum“:
1098 2752 1154 2789 non
1180 2732 1270 2786 minus

824 2821 939 2891 latine„
954 2842 1014 2879 cum
1042 2820 1183 2877 obediens
1209 2835 1271 2873 cum

824 2907 916 2967 dativo
934 2910 1060 2982 coniungi
1083 2905 1191 2964 soleret.
1221 2902 1270 2960 sed

823 3016 885 3053 cunr
902 2999 934 3052 in
951 2996 1063 3052 dilectu
1084 3002 1111 3050 et
1132 2995 1164 3049 in
1180 2992 1269 3047 comi·

816 3085 874 3139 niu
892 3082 946 3138 sihi
964 3080 1128 3159 respondere
1144 3078 1269 3138 videren-

821 3177 873 3238 tur,
891 3179 919 3226 et
935 3171 995 3247 ipse
1013 3168 1135 3226 codicem
1151 3165 1174 3224 P
1190 3185 1269 3224 secu·

821 3262 867 3312 tus
883 3275 952 3318 sum.
1034 3268 1037 3273 '

752 3342 795 3403 12.
821 3342 993 3422 ingentique
1009 3343 1194 3401 conuentione
1215 3359 1267 3397 eu·

819 3433 913 3488 crcitu
931 3429 1113 3507 scriptoriis
1132 3425 1213 3498 „und
1227 3424 1267 3483 als

819 3517 949 3576 wiewohl
966 3528 1043 3576 onter
1060 3516 1187 3590 heltigem
1205 3513 1266 3570 Wi-

820 3600 964 3663 derstando
977 3607 1020 3663 ein
1032 3605 1103 3662 Heer
1115 3623 1148 3659 zu
1162 3601 1266 3658 Stande

819 3692 947 3768 gebracht
960 3694 1074 3752 worden
1082 3696 1108 3751 “.
1120 3723 1154 3733 -
1166 3686 1201 3745 P:
1220 3709 1265 3746 ex·

817 3783 927 3840 orcitus.
943 3812 978 3824 -
996 3777 1035 3838 ll:
1055 3777 1208 3855 conpulere.
1226 3774 1262 3832 Pr

757 3922 761 3951 ;
817 3867 989 3945 conpuluere.
1003 3899 1037 3911 -
1052 3869 1085 3924 l’:
1098 3860 1170 3922 haud
1180 3863 1262 3941 paulo

754 4008 761 4023 ,
815 3955 844 4010 ui
854 3956 954 4011 maiore
963 3953 1074 4010 uelitrae
1083 3963 1144 4010 tum
1156 3955 1207 4024 (m.
1220 3953 1262 4009 2:

756 4030 760 4036 ¹
815 4046 915 4116 quam
950 4041 1083 4099 tusculum
1120 4040 1262 4096 obsessum

814 4124 907 4197 luerat.
920 4125 958 4185 ll:
971 4129 1057 4187 obsen
1072 4131 1078 4199 Ι
1092 4147 1153 4194 sum
1165 4126 1260 4185 fuerat.
