2618 4590
522 289 631 353 11111111
647 289 692 352 vt.

1089 277 1155 347 115

57 464 133 559 11111Ι
152 414 272 537 solvit,
299 476 417 544 corpus
441 452 474 521 in
495 474 629 521 nervum
656 476 695 521 ec
723 452 877 545 supplicia
898 456 1028 550 dorcet
1047 476 1153 548 grega-

47 559 116 626 tim
137 559 253 626 cotidie
276 558 317 625 de
339 557 410 625 foro
432 557 575 625 addictos
596 556 680 626 duci'
697 569 731 631 et
755 558 870 650 repleri
890 560 1000 628 vinctis
1028 558 1153 628 nobiles

58 664 174 729 domus
198 673 239 745 et,
262 661 455 752 ubicumque
476 653 626 754 petricius
647 658 782 748 habitet,
810 659 854 730 ibi
874 686 1033 732 carcerem
1052 662 1151 755 priva·

56 778 128 835 tum
150 766 243 834 esse?

147 869 310 939 XXXVII.
343 859 443 939 'Haec
455 871 581 962 indigne
595 871 839 965 miserandaque
855 870 963 939 auditu
981 894 1055 939 cum
1069 871 1153 960 apud
1170 876 1188 932 5

58 977 205 1043 timentes
226 974 353 1043 sibimet
373 975 460 1067 ipsos
480 976 602 1045 maiore
618 975 813 1044 audientimn
825 973 1038 1066 indignatione
1060 998 1158 1065 quam

56 1102 115 1146 sua
136 1077 380 1169 increpuissent,
409 1080 498 1170 atqui
524 1102 586 1149 nec
614 1104 706 1172 agros
735 1079 913 1173 occupandi
939 1078 1073 1147 modum
1099 1101 1159 1146 nec

57 1182 170 1249 fenore
192 1181 522 1273 uueidandiplebem
543 1185 642 1252 alium
666 1185 808 1276 patribus
835 1178 991 1275 umquam
1012 1183 1081 1252 iore
1103 1183 1156 1249 ed·
1250 1224 1255 1238 ι

15 1308 17 1323 ·
54 1278 238 1370 sumebant,
265 1286 326 1354 nisi
348 1272 484 1356 alterum
506 1304 561 1357 ex'·
577 1288 673 1382 plebe
695 1289 861 1358 consulem
889 1288 1056 1366 custodem
1077 1310 1155 1355 suae

54 1390 207 1457 libertatis
223 1389 326 1480 plebis
342 1392 480 1462 fecisset.
510 1393 672 1464 contemni
685 1394 750 1462 iem
763 1395 905 1463 tribunos
922 1392 1019 1486 plebi,
1033 1390 1152 1485 qnippe
1166 1396 1201 1451 ¹0

71 1513 99 1572 2.
125 1511 259 1569 cottidie.-
275 1509 333 1572 Pul.
364 1512 407 1572 Ab
430 1514 482 1572 hoc
507 1513 571 1572 inde

123 1597 184 1655 loco
202 1618 309 1679 semper
334 1604 492 1678 scripsimus
510 1623 571 1660 cum

123 1683 244 1745 Potesne
262 1688 384 1756 cotidie,
411 1709 571 1767 quamquam

103 1826 107 1835 ,
124 1775 154 1830 in
164 1771 193 1829 tl
204 1770 361 1850 plerumque
372 1777 493 1833 cottidie
504 1778 570 1833 scri·

122 1869 200 1937 ptum
219 1858 261 1916 'est
279 1859 372 1918 eedem
388 1863 442 1919 nisi
454 1861 571 1920 fallimur

124 1950 238 2015 ratione,
266 1968 317 2025 qus
335 1949 469 2025 Iuppiter
487 1958 570 2025 quot·

65 2040 72 2057 ⁸
123 2043 192 2091 tuor
215 2033 351 2112 multaque
373 2035 424 2092 elia
451 2035 570 2113 duplice·

107 2123 160 2178 1111
177 2120 275 2178 littoris
292 2122 388 2179 mediis
400 2123 483 2179 scribi
501 2122 570 2179 sole·

125 2208 196 2269 brut.
214 2240 248 2250 —
266 2208 302 2265 P:
320 2209 354 2265 do
369 2208 428 2266 fero
446 2209 570 2265 addictos

125 2294 195 2353 duci.
208 2295 248 2351 tl:
262 2295 365 2352 defore
378 2297 487 2354 addicto
497 2296 568 2356 duci.

71 2414 106 2426 -
126 2383 239 2438 nobiles
262 2382 386 2440 domus:
408 2383 468 2457 ΡΜ]
491 2385 568 2441 nobi·

124 2468 163 2524 les
173 2468 275 2529 domos.
289 2467 332 2528 Cf,
342 2472 369 2538 1,
378 2471 422 2531 nt.
432 2474 475 2529 40.
486 2470 520 2530 el.
534 2500 568 2512 -

124 2553 201 2612 Multi
225 2575 295 2614 cecc.
317 2556 410 2614 codd:
437 2558 569 2616 nobilium

125 2643 229 2702 domos.
438 2655 441 2661 '

68 2731 96 2790 5.
117 2731 202 2805 opud
208 2731 342 2787 timentes
352 2731 570 2805 sibinctipsos:

122 2815 183 2875 PM.
201 2845 237 2859 -·
254 2815 327 2875 Heri.
344 2834 376 2874 t.:
395 2817 426 2872 in
443 2816 510 2871 haee
527 2819 570 2872 iu·

123 2901 258 2976 111111·-
282 2902 490 2980 sibimetipsis.
526 2901 570 2963 Cf.

125 2993 150 3059 1,
169 2992 229 3048 st:
247 2989 322 3048 hoec
338 2989 464 3046 Aricinus
481 2989 510 3044 iu
528 3008 569 3044 re·

124 3097 184 3154 gem
203 3096 342 3135 romonum
359 3079 501 3154 increpans
519 3084 569 3135 111.

67 3168 97 3226 7.
125 3167 211 3241 otqui
226 3187 280 3223 nee
297 3185 389 3244 agros
408 3163 574 3238 occupandi

124 3253 246 3309 modum
268 3251 465 3323 neefoeuor'c
483 3250 571 3306 truci·

124 3339 222 3395 dandi
235 3340 351 3414 plebem
363 3340 426 3395 1Ζὶιῖ
435 3338 571 3413 patribus

124 3425 570 3501 umquumforcodflrmobont:

121 3510 163 3582 dl¹
177 3532 213 3570 m.
236 3516 277 3570 3.:
308 3532 362 3579 „so
388 3510 571 3568 versicherten

121 3600 163 3655 sie
179 3598 241 3654 dces
255 3598 299 3654 die
312 3598 393 3655 Vttter
405 3598 499 3673 gewiis
513 3599 568 3652 nie·

48 3728 55 3737 ,
121 3683 463 3753 1111111111111111111111111ι
473 3703 568 3744 u.s.w.

121 3804 157 3815 —
168 3773 202 3829 P:
213 3793 287 3840 „noo
296 3771 405 3845 foenore
414 3770 569 3827 trucidandi

120 3857 569 3936 piebemausciliumpatribusum·

94 3988 97 3993 .
121 3946 485 4022 quemioreediirmsbant“.
501 3964 571 4022 quae

122 4052 177 4087 vox
194 4037 343 4091 auxilium
361 4054 422 4091 cum
442 4026 523 4088 etism
541 4034 570 4089 in

123 4116 185 4175 11111
197 4120 276 4181 codd,
288 4124 362 4213 insit,
377 4122 443 4176 etin
456 4119 482 4175 Μ
495 4138 530 4178 m.
544 4123 568 4178 1.

710 1519 841 1596 scriptum
876 1516 1024 1593 reperiatur
1059 1513 1154 1581 eliud,

711 1605 800 1662 conici
820 1604 951 1679 potuerit,
977 1604 1065 1679 primo
1088 1602 1154 1657 scri·

711 1701 788 1768 ptum
817 1689 931 1746 totusue
960 1687 1044 1745 inisse
1068 1687 1154 1745 euxi-

710 1779 784 1835 lium
812 1775 899 1832 eliud
928 1775 1064 1852 putribus
1094 1792 1155 1831 um·

712 1883 802 1941 quam
812 1862 903 1936 sore:
928 1860 1002 1939 qnod
1025 1880 1059 1917 ne
1076 1859 1155 1915 nobis

711 1951 884 2028 probaretur,
910 1968 966 2006 non
987 1957 1043 2004 tam
1068 1946 1155 2002 truci·

712 2039 811 2094 dandi
826 2056 905 2114 quem
918 2035 1053 2111 putribus
1065 2032 1156 2110 prohi-

711 2124 789 2181 bere·
806 2122 955 2182 ridebatur.
981 2152 1015 2163 -
1042 2118 1116 2178 Harl.
1140 2138 1155 2173 1.
1176 2122 1193 2165 fl

710 2209 789 2271 Leid.
812 2229 830 2270 1.
856 2211 904 2270 eL:
941 2218 1021 2286 „atqt
1050 2209 1078 2263 ui
1107 2225 1157 2261 nee

711 2302 813 2375 agros“
836 2306 887 2356 cet.
922 2294 984 2354 PM:
1008 2295 1082 2372 atqui
1106 2312 1156 2351 nec

710 2394 761 2443 cet.
797 2383 963 2450 ct.·1‚36.:
985 2401 1047 2440 cnm
1064 2380 1109 2439 ille
1127 2383 1156 2436 in

710 2473 821 2547 augurio
843 2491 901 2529 rem
924 2479 1050 2549 expertus
1066 2467 1155 2546 proie-

709 2569 756 2617 cto
775 2558 891 2615 futuram
910 2558 1032 2626 dixisset,
1049 2554 1158 2632 „etqui

710 2643 765 2702 hoc
790 2646 880 2702 animo
909 2646 1031 2720 agitari“
1061 2644 1157 2719 inquit,

712 2740 763 2800 „te
780 2731 911 2790 novacula
929 2743 1017 2788 cotem
1031 2729 1156 2787 discissu-

710 2822 805 2875 rum“.
823 2820 850 2884 3,
869 2819 912 2875 52.
931 2816 964 2875 sl.

641 2902 685 2960 10.
709 2903 806 2979 plebis
816 2902 958 2976 fecisset]
970 2901 1062 2980 plebes
1080 2898 1159 2956 secis-

650 3034 652 3039 .
712 2997 754 3045 set
772 2993 858 3062 (rece.
876 2988 950 3067 qnid.
969 2986 1074 3058 codd).
1090 2985 1158 3047 Ple·

711 3076 758 3134 dis
786 3076 981 3135 restituendum
1008 3073 1158 3141 ridebatur,

712 3163 787 3241 quod
804 3164 870 3222 haec
893 3163 1051 3222 nominativi
1073 3161 1157 3219 forms

712 3252 848 3310 interdum
870 3255 899 3309 in
922 3262 990 3331 optt.
1013 3250 1090 3306 libris
1116 3270 1158 3306 re·

712 3341 847 3415 periretur
864 3339 916 3408 (11.
934 3341 961 3404 6,
979 3340 1023 3392 35.
1037 3338 1113 3404 init.)
1130 3343 1159 3391 et

712 3424 766 3481 hoc
777 3423 837 3481 loco
846 3426 875 3481 in
884 3424 934 3480 PM
944 3421 1017 3480 Harl.
1027 3442 1044 3482 ι.
1053 3421 1130 3479 Leid.
1139 3439 1158 3481 1.

672 3582 675 3587 .
710 3513 793 3587 plebi
806 3511 937 3583 fecisset
960 3512 1068 3566 inesset.
1097 3528 1159 3565 nam
1197 3504 1200 3509 ’

709 3619 745 3654 ne
764 3598 792 3654 id
810 3598 883 3675 quod
901 3599 930 3654 in
947 3597 975 3656 Μ
992 3605 1028 3656 m.
1046 3599 1071 3656 1.
1090 3597 1157 3654 scri·

710 3694 787 3761 ptum
806 3694 848 3743 est
865 3685 962 3763 „plebi
979 3686 1112 3742 iecissc't“
1130 3682 1158 3742 h.

710 3772 890 3843 ejecissent
901 3773 980 3830 nobis
990 3770 1158 3850 probandum

712 3859 857 3929 rideretur,
882 3861 964 3917 verba
996 3856 1157 3928 „custodem

712 3967 786 4003 suae
803 3946 936 4004 libertatis
944 3953 961 3980 ‘⁶
980 3947 1107 4001 fecerunt.

659 4061 693 4072 -*
712 4030 1158 4104 contemniiomtrihuoosplebi:

712 4118 744 4191 P]
767 4122 902 4176 contemni
920 4149 955 4160 -
979 4116 1067 4194 plebis
1090 4122 1100 4183 (
1107 4115 1156 4184 11).

908 4208 931 4271 8
942 4207 956 4236 r
