<?xml version="1.0" encoding="UTF-8"?>
<!DOCTYPE html PUBLIC "-//W3C//DTD XHTML 1.0 Transitional//EN"
    "http://www.w3.org/TR/xhtml1/DTD/xhtml1-transitional.dtd">
<html xmlns="http://www.w3.org/1999/xhtml" xml:lang="en" lang="en">
 <head>
  <title>
</title>
<meta http-equiv="Content-Type" content="text/html;charset=utf-8" />
  <meta name='ocr-system' content='tesseract 3.04.00' />
  <meta name='ocr-capabilities' content='ocr_page ocr_carea ocr_par ocr_line ocrx_word'/>
</head>
<body>
  <div class='ocr_page' id='page_1' title='image "./titilivirerumro01alscgoog_0571.png"; bbox 0 0 2618 4590; ppageno 0'>
   <div class='ocr_carea' id='block_1_1' title="bbox 519 200 1156 311">
    <p class='ocr_par' dir='ltr' id='par_1_1' title="bbox 519 200 1156 311">
     <span class='ocr_line' id='line_1_1' title="bbox 519 200 1156 311; baseline 0.002 -8"><span class='ocrx_word' id='word_1_1' title='bbox 519 244 627 305; x_wconf 74' lang='lat' dir='ltr'>tmen</span> <span class='ocrx_word' id='word_1_2' title='bbox 644 246 692 307; x_wconf 62' lang='lat' dir='ltr'>lx.</span> <span class='ocrx_word' id='word_1_3' title='bbox 1091 200 1156 311; x_wconf 59' lang='grc'>565</span> 
     </span>
    </p>
   </div>
   <div class='ocr_carea' id='block_1_2' title="bbox 57 406 1288 1964">
    <p class='ocr_par' dir='ltr' id='par_1_2' title="bbox 57 406 1288 1964">
     <span class='ocr_line' id='line_1_2' title="bbox 57 406 1156 502; baseline 0.002 -24"><span class='ocrx_word' id='word_1_4' title='bbox 57 411 142 481; x_wconf 88' lang='lat' dir='ltr'>solet</span> <span class='ocrx_word' id='word_1_5' title='bbox 163 409 275 501; x_wconf 90' lang='lat' dir='ltr'>ingens</span> <span class='ocrx_word' id='word_1_6' title='bbox 295 421 397 479; x_wconf 84' lang='lat' dir='ltr'>terror</span> <span class='ocrx_word' id='word_1_7' title='bbox 418 419 525 500; x_wconf 87' lang='lat' dir='ltr'>patres</span> <span class='ocrx_word' id='word_1_8' title='bbox 551 406 667 476; x_wconf 83' lang='lat' dir='ltr'>invasit</span> <span class='ocrx_word' id='word_1_9' title='bbox 693 407 944 499; x_wconf 77' lang='lat' dir='ltr'><strong>dictatoremque</strong></span> <span class='ocrx_word' id='word_1_10' title='bbox 971 410 1032 481; x_wconf 90' lang='lat' dir='ltr'>dici</span> <span class='ocrx_word' id='word_1_11' title='bbox 1045 412 1156 502; x_wconf 78' lang='lat' dir='ltr'>,plaee-</span> 
     </span>
     <span class='ocr_line' id='line_1_3' title="bbox 58 511 1288 605; baseline 0.001 -22"><span class='ocrx_word' id='word_1_12' title='bbox 58 516 205 598; x_wconf 74' lang='lat' dir='ltr'>batnec</span> <span class='ocrx_word' id='word_1_13' title='bbox 228 513 305 605; x_wconf 90' lang='lat' dir='ltr'>quin</span> <span class='ocrx_word' id='word_1_14' title='bbox 320 511 439 581; x_wconf 82' lang='lat' dir='ltr'>Cursor</span> <span class='ocrx_word' id='word_1_15' title='bbox 453 511 596 604; x_wconf 80' lang='lat' dir='ltr'>Papirius</span> <span class='ocrx_word' id='word_1_16' title='bbox 611 513 777 596; x_wconf 78' lang='lat' dir='ltr'>diceretur,</span> <span class='ocrx_word' id='word_1_17' title='bbox 798 514 830 580; x_wconf 92' lang='lat' dir='ltr'>in</span> <span class='ocrx_word' id='word_1_18' title='bbox 852 537 918 603; x_wconf 90' lang='lat' dir='ltr'>quo</span> <span class='ocrx_word' id='word_1_19' title='bbox 939 526 1009 582; x_wconf 90' lang='lat' dir='ltr'>tum</span> <span class='ocrx_word' id='word_1_20' title='bbox 1030 538 1157 599; x_wconf 76' lang='lat' dir='ltr'>sumum¹</span> <span class='ocrx_word' id='word_1_21' title='bbox 1280 588 1288 603; x_wconf 48' lang='grc'><strong>,</strong></span> 
     </span>
     <span class='ocr_line' id='line_1_4' title="bbox 57 616 1157 709; baseline -0.001 -23"><span class='ocrx_word' id='word_1_22' title='bbox 57 620 104 687; x_wconf 90' lang='lat' dir='ltr'>rei</span> <span class='ocrx_word' id='word_1_23' title='bbox 125 618 259 687; x_wconf 84' lang='lat' dir='ltr'><strong>bellicae</strong></span> <span class='ocrx_word' id='word_1_24' title='bbox 286 617 480 709; x_wconf 87' lang='lat' dir='ltr'>ponebatur,</span> <span class='ocrx_word' id='word_1_25' title='bbox 508 617 640 686; x_wconf 90' lang='lat' dir='ltr'>dubium</span> <span class='ocrx_word' id='word_1_26' title='bbox 667 616 816 708; x_wconf 81' lang='lat' dir='ltr'>cuiquam</span> <span class='ocrx_word' id='word_1_27' title='bbox 844 628 926 685; x_wconf 86' lang='lat' dir='ltr'>erat:</span> <span class='ocrx_word' id='word_1_28' title='bbox 964 619 1023 686; x_wconf 88' lang='lat' dir='ltr'>sed</span> <span class='ocrx_word' id='word_1_29' title='bbox 1042 619 1157 709; x_wconf 57' lang='lat' dir='ltr'>necsip</span> 
     </span>
     <span class='ocr_line' id='line_1_5' title="bbox 57 720 1158 813; baseline 0.004 -22"><span class='ocrx_word' id='word_1_30' title='bbox 57 722 226 791; x_wconf 86' lang='lat' dir='ltr'>Samnium</span> <span class='ocrx_word' id='word_1_31' title='bbox 247 722 393 790; x_wconf 89' lang='lat' dir='ltr'>nuntium</span> <span class='ocrx_word' id='word_1_32' title='bbox 415 722 547 813; x_wconf 82' lang='lat' dir='ltr'>perferri</span> <span class='ocrx_word' id='word_1_33' title='bbox 569 721 719 803; x_wconf 83' lang='lat' dir='ltr'>omnibus</span> <span class='ocrx_word' id='word_1_34' title='bbox 740 720 861 789; x_wconf 77' lang='lat' dir='ltr'>infestis</span> <span class='ocrx_word' id='word_1_35' title='bbox 883 732 1074 812; x_wconf 65' lang='lat' dir='ltr'>intepuisse,</span> <span class='ocrx_word' id='word_1_36' title='bbox 1095 747 1158 797; x_wconf 79' lang='lat' dir='ltr'>nec</span> 
     </span>
     <span class='ocr_line' id='line_1_6' title="bbox 59 824 1194 900; baseline 0.004 -5"><span class='ocrx_word' id='word_1_37' title='bbox 59 829 166 895; x_wconf 84' lang='lat' dir='ltr'>vivere</span> <span class='ocrx_word' id='word_1_38' title='bbox 188 827 346 895; x_wconf 87' lang='lat' dir='ltr'>Marcium</span> <span class='ocrx_word' id='word_1_39' title='bbox 373 826 539 895; x_wconf 90' lang='lat' dir='ltr'>consulem</span> <span class='ocrx_word' id='word_1_40' title='bbox 566 826 643 892; x_wconf 91' lang='lat' dir='ltr'>satis</span> <span class='ocrx_word' id='word_1_41' title='bbox 665 824 820 893; x_wconf 83' lang='lat' dir='ltr'>fidebant:</span> <span class='ocrx_word' id='word_1_42' title='bbox 859 827 939 894; x_wconf 90' lang='lat' dir='ltr'>alter</span> <span class='ocrx_word' id='word_1_43' title='bbox 967 827 1080 896; x_wconf 90' lang='lat' dir='ltr'>consul</span> <span class='ocrx_word' id='word_1_44' title='bbox 1101 828 1194 900; x_wconf 77' lang='lat' dir='ltr'>lla-5</span> 
     </span>
     <span class='ocr_line' id='line_1_7' title="bbox 59 928 1273 1028; baseline 0.002 -30"><span class='ocrx_word' id='word_1_45' title='bbox 59 931 132 999; x_wconf 90' lang='lat' dir='ltr'>bius</span> <span class='ocrx_word' id='word_1_46' title='bbox 158 931 292 1001; x_wconf 84' lang='lat' dir='ltr'>infestus</span> <span class='ocrx_word' id='word_1_47' title='bbox 319 930 467 1022; x_wconf 90' lang='lat' dir='ltr'>privatim</span> <span class='ocrx_word' id='word_1_48' title='bbox 493 928 619 1019; x_wconf 92' lang='lat' dir='ltr'>Papirio</span> <span class='ocrx_word' id='word_1_49' title='bbox 647 940 727 1012; x_wconf 86' lang='lat' dir='ltr'>erat‚</span> <span class='ocrx_word' id='word_1_50' title='bbox 760 954 844 1021; x_wconf 88' lang='lat' dir='ltr'>quae</span> <span class='ocrx_word' id='word_1_51' title='bbox 870 931 984 1001; x_wconf 88' lang='lat' dir='ltr'>neira</span> <span class='ocrx_word' id='word_1_52' title='bbox 1018 932 1161 1001; x_wconf 83' lang='lat' dir='ltr'>obstaret</span> <span class='ocrx_word' id='word_1_53' title='bbox 1265 1016 1273 1028; x_wconf 26' lang='grc' dir='ltr'>ν</span> 
     </span>
     <span class='ocr_line' id='line_1_8' title="bbox 59 1026 1285 1128; baseline -0.002 -24"><span class='ocrx_word' id='word_1_54' title='bbox 59 1037 147 1105; x_wconf 90' lang='lat' dir='ltr'>bono</span> <span class='ocrx_word' id='word_1_55' title='bbox 169 1036 309 1127; x_wconf 80' lang='lat' dir='ltr'>publico,</span> <span class='ocrx_word' id='word_1_56' title='bbox 329 1035 452 1128; x_wconf 88' lang='lat' dir='ltr'>legatos</span> <span class='ocrx_word' id='word_1_57' title='bbox 474 1059 516 1103; x_wconf 83' lang='lat' dir='ltr'>ex</span> <span class='ocrx_word' id='word_1_58' title='bbox 537 1034 752 1103; x_wconf 85' lang='lat' dir='ltr'>consularium</span> <span class='ocrx_word' id='word_1_59' title='bbox 773 1058 909 1104; x_wconf 89' lang='lat' dir='ltr'>numero</span> <span class='ocrx_word' id='word_1_60' title='bbox 930 1037 1104 1105; x_wconf 87' lang='lat' dir='ltr'>mittendos</span> <span class='ocrx_word' id='word_1_61' title='bbox 1119 1034 1160 1103; x_wconf 87' lang='lat' dir='ltr'>ad</span> <span class='ocrx_word' id='word_1_62' title='bbox 1281 1026 1285 1037; x_wconf 56' lang='lat'><strong>¹</strong></span> 
     </span>
     <span class='ocr_line' id='line_1_9' title="bbox 60 1140 1161 1231; baseline -0.001 -21"><span class='ocrx_word' id='word_1_63' title='bbox 60 1165 136 1210; x_wconf 91' lang='lat' dir='ltr'>eum</span> <span class='ocrx_word' id='word_1_64' title='bbox 157 1153 287 1210; x_wconf 91' lang='lat' dir='ltr'>senatus</span> <span class='ocrx_word' id='word_1_65' title='bbox 308 1141 440 1224; x_wconf 88' lang='lat' dir='ltr'>censuit,</span> <span class='ocrx_word' id='word_1_66' title='bbox 463 1140 597 1231; x_wconf 74' lang='lat' dir='ltr'>(parisus</span> <span class='ocrx_word' id='word_1_67' title='bbox 619 1160 750 1230; x_wconf 90' lang='lat' dir='ltr'>quoque</span> <span class='ocrx_word' id='word_1_68' title='bbox 773 1154 848 1204; x_wconf 85' lang='lat' dir='ltr'>eum</span> <span class='ocrx_word' id='word_1_69' title='bbox 870 1160 935 1206; x_wconf 91' lang='lat' dir='ltr'>non</span> <span class='ocrx_word' id='word_1_70' title='bbox 960 1141 1089 1231; x_wconf 84' lang='lat' dir='ltr'>publice</span> <span class='ocrx_word' id='word_1_71' title='bbox 1110 1164 1161 1209; x_wconf 91' lang='lat' dir='ltr'>so·</span> 
     </span>
     <span class='ocr_line' id='line_1_10' title="bbox 58 1241 1160 1337; baseline 0.001 -25"><span class='ocrx_word' id='word_1_72' title='bbox 58 1244 129 1313; x_wconf 90' lang='lat' dir='ltr'>lum</span> <span class='ocrx_word' id='word_1_73' title='bbox 149 1245 336 1315; x_wconf 86' lang='lat' dir='ltr'>auctoritate</span> <span class='ocrx_word' id='word_1_74' title='bbox 358 1256 527 1313; x_wconf 86' lang='lat' dir='ltr'>moverent</span> <span class='ocrx_word' id='word_1_75' title='bbox 547 1254 584 1310; x_wconf 89' lang='lat' dir='ltr'>ut</span> <span class='ocrx_word' id='word_1_76' title='bbox 605 1241 794 1311; x_wconf 84' lang='lat' dir='ltr'>memoriam</span> <span class='ocrx_word' id='word_1_77' title='bbox 809 1243 1018 1313; x_wconf 82' lang='lat' dir='ltr'>simultatium</span> <span class='ocrx_word' id='word_1_78' title='bbox 1039 1244 1160 1337; x_wconf 79' lang='lat' dir='ltr'>patriae</span> 
     </span>
     <span class='ocr_line' id='line_1_11' title="bbox 58 1346 1209 1442; baseline 0.003 -25"><span class='ocrx_word' id='word_1_79' title='bbox 58 1350 242 1421; x_wconf 87' lang='lat' dir='ltr'>remitteret.</span> <span class='ocrx_word' id='word_1_80' title='bbox 279 1349 416 1442; x_wconf 84' lang='lat' dir='ltr'>profecti</span> <span class='ocrx_word' id='word_1_81' title='bbox 436 1348 533 1440; x_wconf 90' lang='lat' dir='ltr'>legati</span> <span class='ocrx_word' id='word_1_82' title='bbox 554 1348 595 1415; x_wconf 89' lang='lat' dir='ltr'>ad</span> <span class='ocrx_word' id='word_1_83' title='bbox 615 1346 751 1414; x_wconf 89' lang='lat' dir='ltr'>Fabium</span> <span class='ocrx_word' id='word_1_84' title='bbox 779 1371 855 1415; x_wconf 91' lang='lat' dir='ltr'>cum</span> <span class='ocrx_word' id='word_1_85' title='bbox 879 1361 1010 1418; x_wconf 88' lang='lat' dir='ltr'>senatus</span> <span class='ocrx_word' id='word_1_86' title='bbox 1036 1349 1209 1429; x_wconf 78' lang='lat' dir='ltr'>consul-10</span> 
     </span>
     <span class='ocr_line' id='line_1_12' title="bbox 60 1451 1162 1545; baseline -0.001 -23"><span class='ocrx_word' id='word_1_87' title='bbox 60 1464 131 1522; x_wconf 89' lang='lat' dir='ltr'>tum</span> <span class='ocrx_word' id='word_1_88' title='bbox 146 1456 349 1524; x_wconf 84' lang='lat' dir='ltr'>tradidissent</span> <span class='ocrx_word' id='word_1_89' title='bbox 363 1454 615 1545; x_wconf 79' lang='lat' dir='ltr'>adiecissentque</span> <span class='ocrx_word' id='word_1_90' title='bbox 627 1451 804 1521; x_wconf 82' lang='lat' dir='ltr'>oraticnem</span> <span class='ocrx_word' id='word_1_91' title='bbox 818 1456 1062 1523; x_wconf 86' lang='lat' dir='ltr'>convenientem</span> <span class='ocrx_word' id='word_1_92' title='bbox 1075 1477 1162 1521; x_wconf 91' lang='lat' dir='ltr'>man·</span> 
     </span>
     <span class='ocr_line' id='line_1_13' title="bbox 60 1556 1163 1642; baseline 0.002 -19"><span class='ocrx_word' id='word_1_93' title='bbox 60 1557 158 1642; x_wconf 90' lang='lat' dir='ltr'>datis,</span> <span class='ocrx_word' id='word_1_94' title='bbox 186 1561 300 1627; x_wconf 87' lang='lat' dir='ltr'>consul</span> <span class='ocrx_word' id='word_1_95' title='bbox 329 1559 473 1627; x_wconf 88' lang='lat' dir='ltr'>demissis</span> <span class='ocrx_word' id='word_1_96' title='bbox 487 1557 533 1623; x_wconf 92' lang='lat' dir='ltr'>·in</span> <span class='ocrx_word' id='word_1_97' title='bbox 558 1567 676 1624; x_wconf 90' lang='lat' dir='ltr'>terram</span> <span class='ocrx_word' id='word_1_98' title='bbox 703 1556 804 1623; x_wconf 88' lang='lat' dir='ltr'>oculis</span> <span class='ocrx_word' id='word_1_99' title='bbox 831 1558 944 1625; x_wconf 86' lang='lat' dir='ltr'>tacitus</span> <span class='ocrx_word' id='word_1_100' title='bbox 973 1559 1014 1624; x_wconf 91' lang='lat' dir='ltr'>ab</span> <span class='ocrx_word' id='word_1_101' title='bbox 1034 1557 1163 1627; x_wconf 87' lang='lat' dir='ltr'>incertis</span> 
     </span>
     <span class='ocr_line' id='line_1_14' title="bbox 60 1650 1162 1753; baseline 0.001 -25"><span class='ocrx_word' id='word_1_102' title='bbox 60 1662 213 1753; x_wconf 89' lang='lat' dir='ltr'>quidnam</span> <span class='ocrx_word' id='word_1_103' title='bbox 235 1675 364 1731; x_wconf 88' lang='lat' dir='ltr'>acturus</span> <span class='ocrx_word' id='word_1_104' title='bbox 386 1650 473 1730; x_wconf 85' lang='lat' dir='ltr'>esset</span> <span class='ocrx_word' id='word_1_105' title='bbox 492 1659 604 1751; x_wconf 86' lang='lat' dir='ltr'>legatis</span> <span class='ocrx_word' id='word_1_106' title='bbox 631 1660 777 1727; x_wconf 83' lang='lat' dir='ltr'>recessit:</span> <span class='ocrx_word' id='word_1_107' title='bbox 812 1650 906 1729; x_wconf 85' lang='lat' dir='ltr'>nocte</span> <span class='ocrx_word' id='word_1_108' title='bbox 935 1661 1162 1729; x_wconf 87' lang='lat' dir='ltr'>deinde-silen-</span> 
     </span>
     <span class='ocr_line' id='line_1_15' title="bbox 61 1756 1163 1857; baseline -0.002 -23"><span class='ocrx_word' id='word_1_109' title='bbox 61 1767 105 1835; x_wconf 89' lang='lat' dir='ltr'>tio</span> <span class='ocrx_word' id='word_1_110' title='bbox 127 1779 164 1836; x_wconf 93' lang='lat' dir='ltr'>ut</span> <span class='ocrx_word' id='word_1_111' title='bbox 185 1792 258 1836; x_wconf 90' lang='lat' dir='ltr'>mos</span> <span class='ocrx_word' id='word_1_112' title='bbox 288 1777 338 1835; x_wconf 88' lang='lat' dir='ltr'>est</span> <span class='ocrx_word' id='word_1_113' title='bbox 359 1766 395 1835; x_wconf 87' lang='lat' dir='ltr'>L.</span> <span class='ocrx_word' id='word_1_114' title='bbox 418 1762 580 1857; x_wconf 86' lang='lat' dir='ltr'>Papirium</span> <span class='ocrx_word' id='word_1_115' title='bbox 609 1756 807 1833; x_wconf 77' lang='lat' dir='ltr'>dictatorem</span> <span class='ocrx_word' id='word_1_116' title='bbox 824 1766 912 1835; x_wconf 87' lang='lat' dir='ltr'>dixit.</span> <span class='ocrx_word' id='word_1_117' title='bbox 950 1766 1001 1833; x_wconf 91' lang='lat' dir='ltr'>cui</span> <span class='ocrx_word' id='word_1_118' title='bbox 1024 1791 1099 1835; x_wconf 91' lang='lat' dir='ltr'>curn</span> <span class='ocrx_word' id='word_1_119' title='bbox 1120 1765 1163 1833; x_wconf 88' lang='lat' dir='ltr'>ob</span> 
     </span>
     <span class='ocr_line' id='line_1_16' title="bbox 61 1860 1210 1964; baseline 0.003 -24"><span class='ocrx_word' id='word_1_120' title='bbox 61 1871 204 1940; x_wconf 83' lang='lat' dir='ltr'>animum</span> <span class='ocrx_word' id='word_1_121' title='bbox 234 1872 359 1964; x_wconf 76' lang='lat' dir='ltr'>egregie</span> <span class='ocrx_word' id='word_1_122' title='bbox 382 1871 509 1943; x_wconf 84' lang='lat' dir='ltr'>..victum</span> <span class='ocrx_word' id='word_1_123' title='bbox 529 1868 624 1958; x_wconf 90' lang='lat' dir='ltr'>legati</span> <span class='ocrx_word' id='word_1_124' title='bbox 650 1868 765 1961; x_wconf 78' lang='lat' dir='ltr'>gratias</span> <span class='ocrx_word' id='word_1_125' title='bbox 797 1881 941 1962; x_wconf 82' lang='lat' dir='ltr'>agerent,</span> <span class='ocrx_word' id='word_1_126' title='bbox 969 1860 1164 1959; x_wconf 72' lang='lat' dir='ltr'>obstipatum</span> <span class='ocrx_word' id='word_1_127' title='bbox 1177 1888 1210 1943; x_wconf 84' lang='lat'>15</span> 
     </span>
    </p>
   </div>
   <div class='ocr_carea' id='block_1_3' title="bbox 64 1999 589 4157">
    <p class='ocr_par' dir='ltr' id='par_1_3' title="bbox 64 1999 589 3910">
     <span class='ocr_line' id='line_1_17' title="bbox 132 1999 578 2077; baseline -0.007 -19"><span class='ocrx_word' id='word_1_128' title='bbox 132 2002 245 2061; x_wconf 81' lang='lat' dir='ltr'>alterum</span> <span class='ocrx_word' id='word_1_129' title='bbox 264 1999 407 2061; x_wconf 82' lang='lat' dir='ltr'>consulem</span> <span class='ocrx_word' id='word_1_130' title='bbox 417 2002 453 2077; x_wconf 89' lang='lat' dir='ltr'>Q.</span> <span class='ocrx_word' id='word_1_131' title='bbox 465 2000 578 2058; x_wconf 67' lang='lat' dir='ltr'>fabium</span> 
     </span>
     <span class='ocr_line' id='line_1_18' title="bbox 134 2074 579 2169; baseline -0.007 -23"><span class='ocrx_word' id='word_1_132' title='bbox 134 2089 244 2169; x_wconf 80' lang='lat' dir='ltr'>Papirio</span> <span class='ocrx_word' id='word_1_133' title='bbox 263 2074 532 2157; x_wconf 66' lang='lat' dir='ltr'>intercurrebant,</span> <span class='ocrx_word' id='word_1_134' title='bbox 549 2096 579 2144; x_wconf 89' lang='lat' dir='ltr'>ut</span> 
     </span>
     <span class='ocr_line' id='line_1_19' title="bbox 133 2175 579 2253; baseline -0.011 -18"><span class='ocrx_word' id='word_1_135' title='bbox 133 2180 180 2235; x_wconf 82' lang='lat' dir='ltr'>vix</span> <span class='ocrx_word' id='word_1_136' title='bbox 198 2178 375 2235; x_wconf 85' lang='lat' dir='ltr'>dubitandum</span> <span class='ocrx_word' id='word_1_137' title='bbox 387 2175 542 2253; x_wconf 67' lang='lat' dir='ltr'>umqum</span> <span class='ocrx_word' id='word_1_138' title='bbox 554 2175 579 2231; x_wconf 89' lang='lat' dir='ltr'>is</span> 
     </span>
     <span class='ocr_line' id='line_1_20' title="bbox 64 2262 580 2344; baseline -0.012 -21"><span class='ocrx_word' id='word_1_139' title='bbox 64 2300 67 2309; x_wconf 83' lang='lat'><em>=</em></span> <span class='ocrx_word' id='word_1_140' title='bbox 132 2263 270 2344; x_wconf 78' lang='lat' dir='ltr'>Papirium</span> <span class='ocrx_word' id='word_1_141' title='bbox 300 2265 460 2322; x_wconf 84' lang='lat' dir='ltr'>dictatorem</span> <span class='ocrx_word' id='word_1_142' title='bbox 489 2262 580 2320; x_wconf 86' lang='lat' dir='ltr'>dicere</span> 
     </span>
     <span class='ocr_line' id='line_1_21' title="bbox 134 2352 580 2428; baseline -0.009 -19"><span class='ocrx_word' id='word_1_143' title='bbox 134 2352 226 2412; x_wconf 85' lang='lat' dir='ltr'>nollet.</span> <span class='ocrx_word' id='word_1_144' title='bbox 245 2384 280 2396; x_wconf 96' lang='lat'>-</span> <span class='ocrx_word' id='word_1_145' title='bbox 300 2352 362 2411; x_wconf 77' lang='lat' dir='ltr'>Pil:</span> <span class='ocrx_word' id='word_1_146' title='bbox 381 2353 432 2420; x_wconf 87' lang='lat' dir='ltr'>„in</span> <span class='ocrx_word' id='word_1_147' title='bbox 451 2368 504 2428; x_wconf 86' lang='lat' dir='ltr'>que</span> <span class='ocrx_word' id='word_1_148' title='bbox 522 2359 580 2405; x_wconf 81' lang='lat' dir='ltr'>tum</span> 
     </span>
     <span class='ocr_line' id='line_1_22' title="bbox 134 2436 581 2517; baseline -0.009 -21"><span class='ocrx_word' id='word_1_149' title='bbox 134 2443 302 2498; x_wconf 81' lang='lat' dir='ltr'>summersi</span> <span class='ocrx_word' id='word_1_150' title='bbox 325 2439 437 2497; x_wconf 87' lang='lat' dir='ltr'>bellicae</span> <span class='ocrx_word' id='word_1_151' title='bbox 462 2436 581 2517; x_wconf 85' lang='lat' dir='ltr'>poneba·</span> 
     </span>
     <span class='ocr_line' id='line_1_23' title="bbox 134 2524 581 2605; baseline -0.011 -20"><span class='ocrx_word' id='word_1_152' title='bbox 134 2532 210 2588; x_wconf 86' lang='lat' dir='ltr'>tur“.</span> <span class='ocrx_word' id='word_1_153' title='bbox 235 2524 377 2586; x_wconf 85' lang='lat' dir='ltr'>Leveliani</span> <span class='ocrx_word' id='word_1_154' title='bbox 395 2528 484 2605; x_wconf 83' lang='lat' dir='ltr'>quarti</span> <span class='ocrx_word' id='word_1_155' title='bbox 499 2524 581 2581; x_wconf 90' lang='lat' dir='ltr'>libra·</span> 
     </span>
     <span class='ocr_line' id='line_1_24' title="bbox 134 2613 582 2692; baseline -0.007 -21"><span class='ocrx_word' id='word_1_156' title='bbox 134 2617 201 2682; x_wconf 86' lang='lat' dir='ltr'>rius,</span> <span class='ocrx_word' id='word_1_157' title='bbox 220 2634 281 2671; x_wconf 88' lang='lat' dir='ltr'>cum</span> <span class='ocrx_word' id='word_1_158' title='bbox 299 2617 328 2671; x_wconf 90' lang='lat' dir='ltr'>in</span> <span class='ocrx_word' id='word_1_159' title='bbox 343 2613 433 2692; x_wconf 84' lang='lat' dir='ltr'>alique</span> <span class='ocrx_word' id='word_1_160' title='bbox 451 2633 582 2670; x_wconf 86' lang='lat' dir='ltr'>summam</span> 
     </span>
     <span class='ocr_line' id='line_1_25' title="bbox 137 2700 584 2774; baseline -0.007 -18"><span class='ocrx_word' id='word_1_161' title='bbox 137 2703 177 2757; x_wconf 85' lang='lat' dir='ltr'>rei</span> <span class='ocrx_word' id='word_1_162' title='bbox 203 2700 316 2756; x_wconf 85' lang='lat' dir='ltr'>bellicae</span> <span class='ocrx_word' id='word_1_163' title='bbox 342 2720 409 2758; x_wconf 81' lang='lat' dir='ltr'>esse</span> <span class='ocrx_word' id='word_1_164' title='bbox 436 2718 491 2755; x_wconf 88' lang='lat' dir='ltr'>nen</span> <span class='ocrx_word' id='word_1_165' title='bbox 510 2700 584 2774; x_wconf 81' lang='lat' dir='ltr'>poni</span> 
     </span>
     <span class='ocr_line' id='line_1_26' title="bbox 135 2784 582 2865; baseline -0.013 -21"><span class='ocrx_word' id='word_1_166' title='bbox 135 2807 218 2865; x_wconf 87' lang='lat' dir='ltr'>pesse</span> <span class='ocrx_word' id='word_1_167' title='bbox 244 2795 365 2865; x_wconf 85' lang='lat' dir='ltr'>putaret,</span> <span class='ocrx_word' id='word_1_168' title='bbox 391 2787 474 2842; x_wconf 86' lang='lat' dir='ltr'>scribi</span> <span class='ocrx_word' id='word_1_169' title='bbox 495 2784 582 2841; x_wconf 82' lang='lat' dir='ltr'>voluit</span> 
     </span>
     <span class='ocr_line' id='line_1_27' title="bbox 136 2873 583 2953; baseline -0.011 -22"><span class='ocrx_word' id='word_1_170' title='bbox 136 2877 189 2944; x_wconf 90' lang='lat' dir='ltr'>„in</span> <span class='ocrx_word' id='word_1_171' title='bbox 207 2894 261 2953; x_wconf 87' lang='lat' dir='ltr'>quo</span> <span class='ocrx_word' id='word_1_172' title='bbox 279 2883 337 2930; x_wconf 86' lang='lat' dir='ltr'>tum</span> <span class='ocrx_word' id='word_1_173' title='bbox 354 2873 515 2930; x_wconf 73' lang='lat' dir='ltr'>summersi</span> <span class='ocrx_word' id='word_1_174' title='bbox 533 2891 583 2948; x_wconf 88' lang='lat' dir='ltr'>pu·</span> 
     </span>
     <span class='ocr_line' id='line_1_28' title="bbox 136 2955 582 3041; baseline -0.013 -22"><span class='ocrx_word' id='word_1_175' title='bbox 136 2960 417 3041; x_wconf 83' lang='lat' dir='ltr'>blicaeponebatnr“:</span> <span class='ocrx_word' id='word_1_176' title='bbox 434 2978 527 3016; x_wconf 82' lang='lat' dir='ltr'>rerum</span> <span class='ocrx_word' id='word_1_177' title='bbox 536 2955 582 3014; x_wconf 85' lang='lat' dir='ltr'>Li-</span> 
     </span>
     <span class='ocr_line' id='line_1_29' title="bbox 138 3046 583 3124; baseline -0.013 -17"><span class='ocrx_word' id='word_1_178' title='bbox 138 3052 199 3107; x_wconf 80' lang='lat' dir='ltr'>vius</span> <span class='ocrx_word' id='word_1_179' title='bbox 221 3050 311 3106; x_wconf 89' lang='lat' dir='ltr'>dicere</span> <span class='ocrx_word' id='word_1_180' title='bbox 337 3046 426 3104; x_wconf 82' lang='lat' dir='ltr'>uoluit</span> <span class='ocrx_word' id='word_1_181' title='bbox 445 3046 583 3124; x_wconf 78' lang='lat' dir='ltr'>Papirium</span> 
     </span>
     <span class='ocr_line' id='line_1_30' title="bbox 139 3133 584 3212; baseline -0.011 -19"><span class='ocrx_word' id='word_1_182' title='bbox 139 3138 248 3193; x_wconf 87' lang='lat' dir='ltr'>unicum</span> <span class='ocrx_word' id='word_1_183' title='bbox 260 3136 356 3193; x_wconf 87' lang='lat' dir='ltr'>ducem</span> <span class='ocrx_word' id='word_1_184' title='bbox 359 3135 465 3207; x_wconf 75' lang='lat' dir='ltr'>fuisse</span> <span class='ocrx_word' id='word_1_185' title='bbox 476 3136 523 3212; x_wconf 92' lang='lat' dir='ltr'>qui</span> <span class='ocrx_word' id='word_1_186' title='bbox 535 3133 584 3189; x_wconf 86' lang='lat' dir='ltr'>hu·</span> 
     </span>
     <span class='ocr_line' id='line_1_31' title="bbox 136 3222 583 3301; baseline -0.004 -23"><span class='ocrx_word' id='word_1_187' title='bbox 136 3223 225 3279; x_wconf 84' lang='lat' dir='ltr'>stibus</span> <span class='ocrx_word' id='word_1_188' title='bbox 254 3222 403 3280; x_wconf 81' lang='lat' dir='ltr'>victoribus</span> <span class='ocrx_word' id='word_1_189' title='bbox 434 3240 583 3301; x_wconf 82' lang='lat' dir='ltr'>oppenere·</span> 
     </span>
     <span class='ocr_line' id='line_1_32' title="bbox 138 3307 582 3379; baseline -0.011 -13"><span class='ocrx_word' id='word_1_190' title='bbox 138 3321 191 3379; x_wconf 87' lang='lat' dir='ltr'>tur,</span> <span class='ocrx_word' id='word_1_191' title='bbox 210 3310 259 3366; x_wconf 84' lang='lat' dir='ltr'>sed</span> <span class='ocrx_word' id='word_1_192' title='bbox 278 3331 337 3366; x_wconf 88' lang='lat' dir='ltr'>eum</span> <span class='ocrx_word' id='word_1_193' title='bbox 351 3313 460 3366; x_wconf 83' lang='lat' dir='ltr'>unicum</span> <span class='ocrx_word' id='word_1_194' title='bbox 472 3307 582 3364; x_wconf 85' lang='lat' dir='ltr'>bellate·</span> 
     </span>
     <span class='ocr_line' id='line_1_33' title="bbox 139 3397 582 3474; baseline -0.002 -20"><span class='ocrx_word' id='word_1_195' title='bbox 139 3418 196 3454; x_wconf 87' lang='lat' dir='ltr'>rem</span> <span class='ocrx_word' id='word_1_196' title='bbox 208 3397 356 3474; x_wconf 83' lang='lat' dir='ltr'>ducemque</span> <span class='ocrx_word' id='word_1_197' title='bbox 369 3397 501 3454; x_wconf 78' lang='lat' dir='ltr'>habitum</span> <span class='ocrx_word' id='word_1_198' title='bbox 515 3414 582 3453; x_wconf 87' lang='lat' dir='ltr'>esse.</span> 
     </span>
     <span class='ocr_line' id='line_1_34' title="bbox 139 3483 583 3552; baseline -0.009 -11"><span class='ocrx_word' id='word_1_199' title='bbox 139 3516 173 3528; x_wconf 90' lang='lat'>-</span> <span class='ocrx_word' id='word_1_200' title='bbox 197 3483 232 3541; x_wconf 84' lang='lat' dir='ltr'>P:</span> <span class='ocrx_word' id='word_1_201' title='bbox 256 3504 329 3552; x_wconf 87' lang='lat' dir='ltr'>„uec</span> <span class='ocrx_word' id='word_1_202' title='bbox 346 3486 438 3540; x_wconf 88' lang='lat' dir='ltr'>uiuere</span> <span class='ocrx_word' id='word_1_203' title='bbox 455 3483 583 3538; x_wconf 80' lang='lat' dir='ltr'>marcium</span> 
     </span>
     <span class='ocr_line' id='line_1_35' title="bbox 141 3570 583 3640; baseline -0.011 -11"><span class='ocrx_word' id='word_1_204' title='bbox 141 3577 220 3631; x_wconf 74' lang='lat' dir='ltr'>coi.“</span> <span class='ocrx_word' id='word_1_205' title='bbox 247 3570 288 3629; x_wconf 82' lang='lat' dir='ltr'>M:</span> <span class='ocrx_word' id='word_1_206' title='bbox 316 3591 388 3640; x_wconf 86' lang='lat' dir='ltr'>„nec</span> <span class='ocrx_word' id='word_1_207' title='bbox 405 3572 497 3627; x_wconf 89' lang='lat' dir='ltr'>uiuere</span> <span class='ocrx_word' id='word_1_208' title='bbox 513 3589 583 3626; x_wconf 88' lang='lat' dir='ltr'>mar·</span> 
     </span>
     <span class='ocr_line' id='line_1_36' title="bbox 140 3657 589 3718; baseline -0.009 -2"><span class='ocrx_word' id='word_1_209' title='bbox 140 3663 207 3716; x_wconf 86' lang='lat' dir='ltr'>tium</span> <span class='ocrx_word' id='word_1_210' title='bbox 237 3664 336 3718; x_wconf 77' lang='lat' dir='ltr'>cons.‘⁴</span> <span class='ocrx_word' id='word_1_211' title='bbox 365 3658 459 3716; x_wconf 83' lang='lat' dir='ltr'>itidem</span> <span class='ocrx_word' id='word_1_212' title='bbox 486 3657 515 3714; x_wconf 88' lang='lat' dir='ltr'>ln</span> <span class='ocrx_word' id='word_1_213' title='bbox 541 3674 589 3714; x_wconf 84' lang='lat' dir='ltr'>se··</span> 
     </span>
     <span class='ocr_line' id='line_1_37' title="bbox 139 3750 585 3825; baseline 0.002 -22"><span class='ocrx_word' id='word_1_214' title='bbox 139 3750 233 3825; x_wconf 89' lang='lat' dir='ltr'>quenti</span> <span class='ocrx_word' id='word_1_215' title='bbox 249 3767 330 3804; x_wconf 84' lang='lat' dir='ltr'>versu</span> <span class='ocrx_word' id='word_1_216' title='bbox 348 3756 376 3804; x_wconf 89' lang='lat' dir='ltr'>et</span> <span class='ocrx_word' id='word_1_217' title='bbox 392 3753 452 3806; x_wconf 73' lang='lat' dir='ltr'>coi.</span> <span class='ocrx_word' id='word_1_218' title='bbox 465 3754 493 3802; x_wconf 86' lang='lat' dir='ltr'>st</span> <span class='ocrx_word' id='word_1_219' title='bbox 503 3750 585 3804; x_wconf 79' lang='lat' dir='ltr'>esni.</span> 
     </span>
     <span class='ocr_line' id='line_1_38' title="bbox 138 3838 515 3910; baseline -0.013 -19"><span class='ocrx_word' id='word_1_220' title='bbox 138 3838 268 3910; x_wconf 88' lang='lat' dir='ltr'>scriptum</span> <span class='ocrx_word' id='word_1_221' title='bbox 287 3843 337 3891; x_wconf 83' lang='lat' dir='ltr'>est.</span> <span class='ocrx_word' id='word_1_222' title='bbox 512 3892 515 3897; x_wconf 58' lang='grc'>,</span> 
     </span>
    </p>

    <p class='ocr_par' dir='ltr' id='par_1_4' title="bbox 86 3927 586 4157">
     <span class='ocr_line' id='line_1_39' title="bbox 86 3927 586 4000; baseline -0.01 -19"><span class='ocrx_word' id='word_1_223' title='bbox 86 3927 113 3983; x_wconf 86' lang='grc'>8.</span> <span class='ocrx_word' id='word_1_224' title='bbox 141 3927 195 4000; x_wconf 82' lang='lat' dir='ltr'>qui</span> <span class='ocrx_word' id='word_1_225' title='bbox 216 3943 273 3980; x_wconf 80' lang='lat' dir='ltr'>suo</span> <span class='ocrx_word' id='word_1_226' title='bbox 296 3942 415 3998; x_wconf 81' lang='lat' dir='ltr'>quoque</span> <span class='ocrx_word' id='word_1_227' title='bbox 437 3938 504 3978; x_wconf 76' lang='lat' dir='ltr'>essm</span> <span class='ocrx_word' id='word_1_228' title='bbox 525 3940 586 3977; x_wconf 80' lang='lat' dir='ltr'>non</span> 
     </span>
     <span class='ocr_line' id='line_1_40' title="bbox 139 4009 586 4086; baseline -0.002 -19"><span class='ocrx_word' id='word_1_229' title='bbox 139 4011 259 4086; x_wconf 82' lang='lat' dir='ltr'>publiea</span> <span class='ocrx_word' id='word_1_230' title='bbox 285 4011 385 4067; x_wconf 84' lang='lat' dir='ltr'>solum</span> <span class='ocrx_word' id='word_1_231' title='bbox 411 4009 586 4066; x_wconf 72' lang='lat' dir='ltr'>auctoritate</span> 
     </span>
     <span class='ocr_line' id='line_1_41' title="bbox 140 4098 585 4157; baseline -0.007 -1"><span class='ocrx_word' id='word_1_232' title='bbox 140 4108 294 4157; x_wconf 81' lang='lat' dir='ltr'>mouerent</span> <span class='ocrx_word' id='word_1_233' title='bbox 311 4107 343 4154; x_wconf 78' lang='lat' dir='ltr'>ut</span> <span class='ocrx_word' id='word_1_234' title='bbox 357 4099 529 4156; x_wconf 78' lang='lat' dir='ltr'>memoriam</span> <span class='ocrx_word' id='word_1_235' title='bbox 546 4098 585 4154; x_wconf 82' lang='lat' dir='ltr'>si·</span> 
     </span>
    </p>
   </div>
   <div class='ocr_carea' id='block_1_4' title="bbox 717 2002 1167 2245">
    <p class='ocr_par' dir='ltr' id='par_1_5' title="bbox 717 2002 1167 2245">
     <span class='ocr_line' id='line_1_42' title="bbox 717 2002 1166 2077; baseline 0.004 -20"><span class='ocrx_word' id='word_1_236' title='bbox 717 2002 887 2059; x_wconf 77' lang='lat' dir='ltr'>multetr&#39;um</span> <span class='ocrx_word' id='word_1_237' title='bbox 900 2003 1018 2077; x_wconf 80' lang='lat' dir='ltr'>patriae</span> <span class='ocrx_word' id='word_1_238' title='bbox 1039 2003 1166 2059; x_wconf 76' lang='lat' dir='ltr'>remitte-</span> 
     </span>
     <span class='ocr_line' id='line_1_43' title="bbox 719 2086 1167 2165; baseline 0.007 -22"><span class='ocrx_word' id='word_1_239' title='bbox 719 2097 786 2144; x_wconf 75' lang='lat' dir='ltr'>rstr·</span> <span class='ocrx_word' id='word_1_240' title='bbox 796 2086 855 2146; x_wconf 75' lang='lat' dir='ltr'>Pla</span> <span class='ocrx_word' id='word_1_241' title='bbox 872 2086 936 2148; x_wconf 80' lang='lat' dir='ltr'>Car.</span> <span class='ocrx_word' id='word_1_242' title='bbox 954 2088 1011 2165; x_wconf 72' lang='lat' dir='ltr'>sig.</span> <span class='ocrx_word' id='word_1_243' title='bbox 1027 2090 1094 2145; x_wconf 61' lang='lat' dir='ltr'>uun?</span> <span class='ocrx_word' id='word_1_244' title='bbox 1105 2108 1167 2146; x_wconf 86' lang='lat' dir='ltr'>me·</span> 
     </span>
     <span class='ocr_line' id='line_1_44' title="bbox 721 2174 1166 2245; baseline 0.002 -13"><span class='ocrx_word' id='word_1_245' title='bbox 721 2185 824 2233; x_wconf 65' lang='lat' dir='ltr'>renent</span> <span class='ocrx_word' id='word_1_246' title='bbox 842 2174 892 2233; x_wconf 88' lang='lat' dir='ltr'>sed</span> <span class='ocrx_word' id='word_1_247' title='bbox 913 2185 1073 2245; x_wconf 63' lang='lat' dir='ltr'>monerent.</span> <span class='ocrx_word' id='word_1_248' title='bbox 1082 2177 1166 2233; x_wconf 86' lang='lat' dir='ltr'>scribi</span> 
     </span>
    </p>
   </div>
   <div class='ocr_carea' id='block_1_5' title="bbox 652 2258 1271 2603">
    <p class='ocr_par' dir='ltr' id='par_1_6' title="bbox 652 2258 1271 2603">
     <span class='ocr_line' id='line_1_45' title="bbox 708 2258 1167 2335; baseline 0 -16"><span class='ocrx_word' id='word_1_249' title='bbox 708 2262 813 2335; x_wconf 78' lang='lat' dir='ltr'>iussit:</span> <span class='ocrx_word' id='word_1_250' title='bbox 834 2260 884 2319; x_wconf 85' lang='lat' dir='ltr'>sed</span> <span class='ocrx_word' id='word_1_251' title='bbox 901 2271 1053 2321; x_wconf 76' lang='lat' dir='ltr'>moverent</span> <span class='ocrx_word' id='word_1_252' title='bbox 1062 2258 1167 2319; x_wconf 78' lang='lat' dir='ltr'>¹lartius</span> 
     </span>
     <span class='ocr_line' id='line_1_46' title="bbox 692 2336 1166 2431; baseline 0.004 -27"><span class='ocrx_word' id='word_1_253' title='bbox 692 2416 695 2420; x_wconf 9' lang='lat' dir='ltr'>q</span> <span class='ocrx_word' id='word_1_254' title='bbox 721 2360 771 2419; x_wconf 70' lang='lat' dir='ltr'>est,</span> <span class='ocrx_word' id='word_1_255' title='bbox 789 2380 824 2392; x_wconf 90' lang='lat'>-</span> <span class='ocrx_word' id='word_1_256' title='bbox 843 2348 888 2408; x_wconf 79' lang='lat' dir='ltr'>Cf.</span> <span class='ocrx_word' id='word_1_257' title='bbox 905 2352 933 2419; x_wconf 88' lang='grc'>7,</span> <span class='ocrx_word' id='word_1_258' title='bbox 949 2351 1007 2431; x_wconf 68' lang='grc' dir='ltr'>40.ς</span> <span class='ocrx_word' id='word_1_259' title='bbox 1025 2336 1056 2407; x_wconf 78' lang='lat' dir='ltr'>dl</span> <span class='ocrx_word' id='word_1_260' title='bbox 1072 2359 1166 2429; x_wconf 80' lang='lat' dir='ltr'>petus·</span> 
     </span>
     <span class='ocr_line' id='line_1_47' title="bbox 652 2428 1269 2521; baseline 0.002 -29"><span class='ocrx_word' id='word_1_261' title='bbox 652 2436 656 2441; x_wconf 84' lang='lat'>&#39;</span> <span class='ocrx_word' id='word_1_262' title='bbox 699 2436 774 2493; x_wconf 85' lang='lat' dir='ltr'>¹rim</span> <span class='ocrx_word' id='word_1_263' title='bbox 792 2467 826 2521; x_wconf 82' lang='lat'>&#39;.&#39;.</span> <span class='ocrx_word' id='word_1_264' title='bbox 845 2428 940 2519; x_wconf 80' lang='lat' dir='ltr'>censul</span> <span class='ocrx_word' id='word_1_265' title='bbox 956 2438 1079 2521; x_wconf 71' lang='lat' dir='ltr'>patribps</span> <span class='ocrx_word' id='word_1_266' title='bbox 1097 2458 1168 2516; x_wconf 81' lang='lat' dir='ltr'>quo-</span> <span class='ocrx_word' id='word_1_267' title='bbox 1259 2478 1269 2493; x_wconf 78' lang='grc'><strong>.</strong></span> 
     </span>
     <span class='ocr_line' id='line_1_48' title="bbox 707 2516 1271 2603; baseline 0.004 -23"><span class='ocrx_word' id='word_1_268' title='bbox 707 2516 790 2603; x_wconf 64' lang='lat' dir='ltr'>&#39;que&#39;</span> <span class='ocrx_word' id='word_1_269' title='bbox 804 2524 881 2603; x_wconf 74' lang='lat' dir='ltr'>lem</span> <span class='ocrx_word' id='word_1_270' title='bbox 902 2542 962 2581; x_wconf 89' lang='lat' dir='ltr'>esse</span> <span class='ocrx_word' id='word_1_271' title='bbox 983 2545 1044 2603; x_wconf 72' lang='lat' dir='ltr'>uon</span> <span class='ocrx_word' id='word_1_272' title='bbox 1069 2526 1168 2583; x_wconf 84' lang='lat' dir='ltr'>solum</span> <span class='ocrx_word' id='word_1_273' title='bbox 1268 2546 1271 2551; x_wconf 90' lang='lat'>·</span> 
     </span>
    </p>
   </div>
   <div class='ocr_carea' id='block_1_6' title="bbox 723 2609 1168 2687">
    <p class='ocr_par' dir='ltr' id='par_1_7' title="bbox 723 2609 1168 2687">
     <span class='ocr_line' id='line_1_49' title="bbox 723 2609 1168 2687; baseline 0.004 -21"><span class='ocrx_word' id='word_1_274' title='bbox 723 2609 804 2687; x_wconf 83' lang='lat' dir='ltr'>plebi.</span> <span class='ocrx_word' id='word_1_275' title='bbox 824 2644 857 2656; x_wconf 89' lang='lat'>·-</span> <span class='ocrx_word' id='word_1_276' title='bbox 882 2610 1086 2687; x_wconf 77' lang='lat' dir='ltr'>Simultatium</span> <span class='ocrx_word' id='word_1_277' title='bbox 1102 2614 1168 2669; x_wconf 87' lang='lat' dir='ltr'>scri·</span> 
     </span>
    </p>
   </div>
   <div class='ocr_carea' id='block_1_7' title="bbox 723 2694 1168 2852">
    <p class='ocr_par' dir='ltr' id='par_1_8' title="bbox 723 2694 1168 2852">
     <span class='ocr_line' id='line_1_50' title="bbox 723 2694 1167 2779; baseline 0.011 -27"><span class='ocrx_word' id='word_1_278' title='bbox 723 2709 800 2774; x_wconf 89' lang='lat' dir='ltr'>ptum</span> <span class='ocrx_word' id='word_1_279' title='bbox 822 2709 864 2754; x_wconf 89' lang='lat' dir='ltr'>est</span> <span class='ocrx_word' id='word_1_280' title='bbox 886 2719 993 2775; x_wconf 89' lang='lat' dir='ltr'>quoque</span> <span class='ocrx_word' id='word_1_281' title='bbox 1015 2694 1138 2779; x_wconf 17' lang='lat' dir='ltr'>intlreitl.</span> <span class='ocrx_word' id='word_1_282' title='bbox 1150 2719 1167 2759; x_wconf 84' lang='grc'>1.</span> 
     </span>
     <span class='ocr_line' id='line_1_51' title="bbox 724 2782 1168 2852; baseline 0.011 -13"><span class='ocrx_word' id='word_1_283' title='bbox 724 2782 790 2842; x_wconf 89' lang='lat' dir='ltr'>Pall.</span> <span class='ocrx_word' id='word_1_284' title='bbox 809 2787 834 2842; x_wconf 94' lang='lat'>1.</span> <span class='ocrx_word' id='word_1_285' title='bbox 858 2787 884 2843; x_wconf 86' lang='grc'>3.</span> <span class='ocrx_word' id='word_1_286' title='bbox 906 2782 941 2843; x_wconf 88' lang='lat' dir='ltr'>al.</span> <span class='ocrx_word' id='word_1_287' title='bbox 969 2784 1002 2842; x_wconf 83' lang='lat' dir='ltr'>cf.</span> <span class='ocrx_word' id='word_1_288' title='bbox 1022 2787 1052 2852; x_wconf 91' lang='lat'>1,</span> <span class='ocrx_word' id='word_1_289' title='bbox 1069 2788 1113 2851; x_wconf 84' lang='lat'>60.</span> <span class='ocrx_word' id='word_1_290' title='bbox 1134 2785 1168 2846; x_wconf 80' lang='lat' dir='ltr'>el.</span> 
     </span>
    </p>
   </div>
   <div class='ocr_carea' id='block_1_8' title="bbox 725 2857 1168 3045">
    <p class='ocr_par' dir='ltr' id='par_1_9' title="bbox 725 2857 1168 3045">
     <span class='ocr_line' id='line_1_52' title="bbox 725 2857 1168 2933; baseline 0.02 -8"><span class='ocrx_word' id='word_1_291' title='bbox 725 2901 758 2911; x_wconf 92' lang='lat'>-</span> <span class='ocrx_word' id='word_1_292' title='bbox 782 2869 859 2930; x_wconf 84' lang='lat' dir='ltr'>Leid.</span> <span class='ocrx_word' id='word_1_293' title='bbox 871 2891 889 2930; x_wconf 94' lang='grc' dir='ltr'>ι.</span> <span class='ocrx_word' id='word_1_294' title='bbox 911 2870 988 2931; x_wconf 85' lang='lat' dir='ltr'>Voss.</span> <span class='ocrx_word' id='word_1_295' title='bbox 1006 2857 1040 2931; x_wconf 68' lang='grc' dir='ltr'>ιι.</span> <span class='ocrx_word' id='word_1_296' title='bbox 1056 2868 1124 2932; x_wconf 78' lang='lat' dir='ltr'>Ldv.</span> <span class='ocrx_word' id='word_1_297' title='bbox 1143 2876 1168 2933; x_wconf 79' lang='lat' dir='ltr'>l.</span> 
     </span>
     <span class='ocr_line' id='line_1_53' title="bbox 725 2954 1097 3045; baseline 0.003 -28"><span class='ocrx_word' id='word_1_298' title='bbox 725 2954 772 3017; x_wconf 80' lang='lat' dir='ltr'>el:</span> <span class='ocrx_word' id='word_1_299' title='bbox 791 2960 892 3037; x_wconf 83' lang='lat' dir='ltr'>patriae</span> <span class='ocrx_word' id='word_1_300' title='bbox 909 2954 1097 3045; x_wconf 22' lang='lat' dir='ltr'>mitteretis·</span> 
     </span>
    </p>
   </div>
   <div class='ocr_carea' id='block_1_9' title="bbox 656 3133 1170 3215">
    <p class='ocr_par' dir='ltr' id='par_1_10' title="bbox 656 3133 1170 3215">
     <span class='ocr_line' id='line_1_54' title="bbox 656 3133 1170 3215; baseline 0.004 -24"><span class='ocrx_word' id='word_1_301' title='bbox 656 3137 698 3194; x_wconf 85' lang='lat'>10.</span> <span class='ocrx_word' id='word_1_302' title='bbox 722 3133 853 3209; x_wconf 81' lang='lat' dir='ltr'>profesti</span> <span class='ocrx_word' id='word_1_303' title='bbox 872 3137 967 3215; x_wconf 78' lang='lat' dir='ltr'>legati</span> <span class='ocrx_word' id='word_1_304' title='bbox 985 3136 1170 3195; x_wconf 80' lang='lat' dir='ltr'>ud·Fudium</span> 
     </span>
    </p>
   </div>
   <div class='ocr_carea' id='block_1_10' title="bbox 725 3221 1233 4155">
    <p class='ocr_par' dir='ltr' id='par_1_11' title="bbox 725 3221 1233 4155">
     <span class='ocr_line' id='line_1_55' title="bbox 725 3221 1168 3283; baseline 0.011 -5"><span class='ocrx_word' id='word_1_305' title='bbox 725 3241 792 3279; x_wconf 82' lang='lat' dir='ltr'>cum</span> <span class='ocrx_word' id='word_1_306' title='bbox 809 3229 834 3280; x_wconf 67' lang='grc' dir='ltr'>ῖς.</span> <span class='ocrx_word' id='word_1_307' title='bbox 846 3227 869 3282; x_wconf 71' lang='lat' dir='ltr'>t.</span> <span class='ocrx_word' id='word_1_308' title='bbox 879 3224 1096 3280; x_wconf 74' lang='lat' dir='ltr'>tradidissent:</span> <span class='ocrx_word' id='word_1_309' title='bbox 1111 3221 1168 3283; x_wconf 81' lang='grc' dir='ltr'>ΡΜ.</span> 
     </span>
     <span class='ocr_line' id='line_1_56' title="bbox 727 3306 1169 3380; baseline 0.007 -18"><span class='ocrx_word' id='word_1_310' title='bbox 727 3340 760 3350; x_wconf 88' lang='lat'><em>-</em></span> <span class='ocrx_word' id='word_1_311' title='bbox 778 3306 839 3366; x_wconf 73' lang='lat' dir='ltr'>Pel:</span> <span class='ocrx_word' id='word_1_312' title='bbox 859 3309 952 3365; x_wconf 90' lang='lat' dir='ltr'>consul</span> <span class='ocrx_word' id='word_1_313' title='bbox 970 3309 1021 3380; x_wconf 71' lang='lat' dir='ltr'>(Pr</span> <span class='ocrx_word' id='word_1_314' title='bbox 1034 3315 1105 3380; x_wconf 72' lang='lat' dir='ltr'>cei.)</span> <span class='ocrx_word' id='word_1_315' title='bbox 1124 3310 1169 3366; x_wconf 88' lang='lat' dir='ltr'>de·</span> 
     </span>
     <span class='ocr_line' id='line_1_57' title="bbox 725 3396 1169 3455; baseline 0.005 -3"><span class='ocrx_word' id='word_1_316' title='bbox 725 3399 816 3453; x_wconf 89' lang='lat' dir='ltr'>missis</span> <span class='ocrx_word' id='word_1_317' title='bbox 832 3397 862 3452; x_wconf 91' lang='lat' dir='ltr'>in</span> <span class='ocrx_word' id='word_1_318' title='bbox 879 3407 977 3454; x_wconf 85' lang='lat' dir='ltr'>terram</span> <span class='ocrx_word' id='word_1_319' title='bbox 1002 3396 1169 3455; x_wconf 80' lang='lat' dir='ltr'>oculis-taci-</span> 
     </span>
     <span class='ocr_line' id='line_1_58' title="bbox 725 3485 1171 3563; baseline 0.007 -23"><span class='ocrx_word' id='word_1_320' title='bbox 725 3495 769 3542; x_wconf 88' lang='lat' dir='ltr'>tus</span> <span class='ocrx_word' id='word_1_321' title='bbox 787 3485 820 3540; x_wconf 84' lang='lat' dir='ltr'>ab</span> <span class='ocrx_word' id='word_1_322' title='bbox 838 3486 949 3542; x_wconf 84' lang='lat' dir='ltr'>insertis</span> <span class='ocrx_word' id='word_1_323' title='bbox 960 3485 1171 3563; x_wconf 68' lang='lat' dir='ltr'>quidnamuctu·</span> 
     </span>
     <span class='ocr_line' id='line_1_59' title="bbox 725 3570 1170 3644; baseline -0.002 -14"><span class='ocrx_word' id='word_1_324' title='bbox 725 3592 773 3630; x_wconf 86' lang='lat' dir='ltr'>rus</span> <span class='ocrx_word' id='word_1_325' title='bbox 791 3570 828 3644; x_wconf 90' lang='lat' dir='ltr'>(P</span> <span class='ocrx_word' id='word_1_326' title='bbox 845 3592 882 3633; x_wconf 89' lang='lat' dir='ltr'>m.</span> <span class='ocrx_word' id='word_1_327' title='bbox 902 3579 943 3632; x_wconf 68' lang='lat' dir='ltr'>t:</span> <span class='ocrx_word' id='word_1_328' title='bbox 965 3578 1107 3643; x_wconf 85' lang='lat' dir='ltr'>aucturus)</span> <span class='ocrx_word' id='word_1_329' title='bbox 1130 3595 1170 3630; x_wconf 82' lang='lat' dir='ltr'>es·</span> 
     </span>
     <span class='ocr_line' id='line_1_60' title="bbox 725 3658 1169 3736; baseline -0.002 -20"><span class='ocrx_word' id='word_1_330' title='bbox 725 3669 769 3716; x_wconf 88' lang='lat' dir='ltr'>set</span> <span class='ocrx_word' id='word_1_331' title='bbox 785 3658 880 3736; x_wconf 86' lang='lat' dir='ltr'>legatis</span> <span class='ocrx_word' id='word_1_332' title='bbox 903 3663 1021 3719; x_wconf 83' lang='lat' dir='ltr'>recessit</span> <span class='ocrx_word' id='word_1_333' title='bbox 1044 3690 1079 3704; x_wconf 92' lang='lat'><em>—</em></span> <span class='ocrx_word' id='word_1_334' title='bbox 1105 3658 1169 3717; x_wconf 83' lang='lat' dir='ltr'>Plll:</span> 
     </span>
     <span class='ocr_line' id='line_1_61' title="bbox 726 3747 1171 3806; baseline -0.002 -3"><span class='ocrx_word' id='word_1_335' title='bbox 726 3758 807 3804; x_wconf 84' lang='lat' dir='ltr'>necte</span> <span class='ocrx_word' id='word_1_336' title='bbox 824 3747 923 3805; x_wconf 88' lang='lat' dir='ltr'>deinde</span> <span class='ocrx_word' id='word_1_337' title='bbox 938 3748 1047 3806; x_wconf 80' lang='lat' dir='ltr'>silentiu</span> <span class='ocrx_word' id='word_1_338' title='bbox 1065 3757 1095 3805; x_wconf 87' lang='lat' dir='ltr'>ut</span> <span class='ocrx_word' id='word_1_339' title='bbox 1111 3767 1171 3805; x_wconf 86' lang='lat' dir='ltr'>mes</span> 
     </span>
     <span class='ocr_line' id='line_1_62' title="bbox 726 3833 1171 3915; baseline -0.004 -23"><span class='ocrx_word' id='word_1_340' title='bbox 726 3844 770 3893; x_wconf 82' lang='lat' dir='ltr'>est</span> <span class='ocrx_word' id='word_1_341' title='bbox 789 3833 823 3895; x_wconf 85' lang='lat' dir='ltr'>L.</span> <span class='ocrx_word' id='word_1_342' title='bbox 849 3834 987 3915; x_wconf 74' lang='lat' dir='ltr'>Papirium</span> <span class='ocrx_word' id='word_1_343' title='bbox 1013 3835 1171 3891; x_wconf 76' lang='lat' dir='ltr'>dictattrem</span> 
     </span>
     <span class='ocr_line' id='line_1_63' title="bbox 726 3919 1171 4005; baseline 0 -26"><span class='ocrx_word' id='word_1_344' title='bbox 726 3922 805 3983; x_wconf 76' lang='lat' dir='ltr'>dixit.</span> <span class='ocrx_word' id='word_1_345' title='bbox 823 3922 869 3983; x_wconf 78' lang='lat' dir='ltr'>Gi.</span> <span class='ocrx_word' id='word_1_346' title='bbox 884 3922 1060 4005; x_wconf 26' lang='lat' dir='ltr'>&amp;affirm</span> <span class='ocrx_word' id='word_1_347' title='bbox 1076 3919 1171 3979; x_wconf 79' lang='lat' dir='ltr'>esnsul</span> 
     </span>
     <span class='ocr_line' id='line_1_64' title="bbox 727 3994 1233 4135; baseline 0 -68"><span class='ocrx_word' id='word_1_348' title='bbox 727 4010 819 4067; x_wconf 76' lang='lat' dir='ltr'>oriens</span> <span class='ocrx_word' id='word_1_349' title='bbox 839 4010 879 4069; x_wconf 71' lang='lat' dir='ltr'>ds</span> <span class='ocrx_word' id='word_1_350' title='bbox 897 3994 1109 4135; x_wconf 53' lang='grc' dir='ltr'>1141ιῦψῖ</span> <span class='ocrx_word' id='word_1_351' title='bbox 1129 4008 1174 4069; x_wconf 82' lang='lat' dir='ltr'>di·</span> <span class='ocrx_word' id='word_1_352' title='bbox 1229 4032 1233 4037; x_wconf 94' lang='lat'>·</span> 
     </span>
     <span class='ocr_line' id='line_1_65' title="bbox 725 4106 1114 4155; baseline 0.005 -10"><span class='ocrx_word' id='word_1_353' title='bbox 725 4106 802 4155; x_wconf 61' lang='lat' dir='ltr'>m</span> <span class='ocrx_word' id='word_1_354' title='bbox 1110 4118 1114 4147; x_wconf 89' lang='lat'>:</span> 
     </span>
    </p>
   </div>
   <div class='ocr_carea' id='block_1_11' title="bbox 0 0 1330 4590">
    <p class='ocr_par' dir='ltr' id='par_1_12' title="bbox 0 0 1330 4590">
     <span class='ocr_line' id='line_1_66' title="bbox 0 0 1330 4590; baseline 0 0"><span class='ocrx_word' id='word_1_355' title='bbox 0 0 1330 4590; x_wconf 95' lang='lat' dir='ltr'> </span> 
     </span>
    </p>
   </div>
  </div>
 </body>
</html>
