2618 4590
31 238 209 318 ‘82
635 253 808 318 husun

168 425 321 493 societate
350 419 504 489 descisse:
540 418 651 488 castris
678 417 897 509 exercituique
924 415 1051 485 interim
1077 414 1104 483 si
1126 413 1272 482 videatur

131 542 135 553 '
168 528 288 622 praesit
310 526 443 617 collega.
482 524 677 594 documento
698 547 782 591 unus
804 523 872 591 dies
899 523 1003 590 fuerat
1022 544 1064 587 ne
1089 544 1148 587 sua
1169 519 1272 587 consi·

112 628 115 633 ’
146 676 150 683 -
171 635 214 702 lia
235 632 418 702 melioribus
439 631 627 722 praeferret:
650 653 711 696 nec
732 640 841 697 tamen
863 641 917 696 aut
930 628 991 719 ipsi
1012 638 1066 695 aut
1081 627 1115 694 in
1129 623 1273 692 exercitu

173 740 322 831 cuiquam
343 736 419 804 satis
441 737 568 826 placato
591 730 697 802 animo
720 734 873 801 Camillus
900 734 1021 801 laturus
1047 731 1177 823 culpam
1205 729 1273 797 eius

143 844 350 926 5ridebatur‚
377 865 442 931 qua
464 842 537 910 data
558 839 592 906 in
612 850 679 906 tam
700 839 907 930 praecipitem
935 861 1046 906 casum
1071 833 1274 926 respublica

171 958 271 1030 esset,
309 959 341 1014 et
369 969 445 1013 cum
472 944 506 1012 in
533 943 675 1012 exercitu
701 956 773 1012 tum
799 944 921 1011 Romae
950 953 1099 1011 constans
1129 938 1274 1009 omnium

171 1051 257 1118 fama
279 1061 355 1132 erat,
378 1074 454 1118 cum
476 1049 561 1119 varia
583 1049 710 1116 fortuna
731 1049 764 1116 in
779 1049 905 1118 Vulscis
928 1059 1016 1138 gesto
1036 1068 1089 1113 res
1104 1054 1198 1125 esset,
1220 1041 1273 1119 ad·

82 1212 85 1217 ,
170 1179 282 1224 versae
305 1178 430 1246 pugnae
453 1155 612 1247 fugaeque
633 1155 666 1221 in
688 1155 724 1222 L.
747 1153 843 1221 Furio
866 1153 1010 1243 culpam,
1037 1148 1196 1218 secundae
1221 1147 1274 1213 dc·

172 1281 230 1325 cus
257 1283 356 1353 omne
384 1283 484 1350 penes
506 1260 552 1329 Μ.
574 1260 706 1327 Furium
735 1282 816 1327 esse.
853 1257 1039 1325 introductis
1066 1257 1100 1323 in
1126 1263 1275 1322 senatrun

126 1370 162 1428 10
173 1362 304 1454 captivis
327 1387 403 1431 cum
424 1363 511 1432 bello
532 1365 772 1456 persequendos
789 1364 991 1432 Tusculanos
1007 1373 1114 1452 patres
1130 1358 1275 1457 ¹censuis-

171 1479 245 1535 sent
265 1467 465 1559 Camilloque
487 1468 521 1537 id
548 1470 670 1538 bellum
696 1471 917 1552 mandassent,
945 1467 1121 1534 adiutorem
1148 1464 1209 1531 sibi
1233 1462 1275 1529 ad

66 1604 69 1617 ·
173 1595 247 1638 cam
268 1595 338 1638 rem
360 1595 461 1638 unum
482 1575 576 1664 petit,
609 1574 830 1666 permissoque
859 1584 896 1640 ut
922 1597 964 1639 cx
993 1570 1122 1662 collegis
1152 1576 1277 1659 optaret

172 1697 270 1766 quem
292 1675 400 1759 vellet,
420 1689 533 1749 contra
555 1703 648 1770 spem
671 1679 816 1748 omnium
836 1677 873 1745 L.
896 1678 1027 1744 Furium
1049 1675 1183 1766 optarit:
1211 1695 1273 1762 qua

171 1779 392 1848 moderatione
416 1782 512 1848 animi
533 1806 609 1850 cum
631 1785 775 1876 collegae
796 1782 915 1851 levavit
929 1783 1101 1863 infamiam,
1123 1789 1194 1845 tum
1216 1774 1274 1842 sibi

124 1888 158 1947 15
170 1882 304 1973 gloriam
325 1884 487 1977 ingentem
501 1888 635 1978 peperit.
671 1914 732 1959 noc
754 1888 814 1956 fuit
835 1912 910 1955 cum
924 1885 1114 1955 Tusculanis
1135 1881 1275 1950 bellum:

169 2011 250 2077 pace
279 1991 437 2059 constanti
464 1992 530 2060 vim
557 1992 737 2060 Romanam
765 2004 936 2062 arcuerunt
962 2016 1061 2082 quam
1082 1990 1182 2056 armis
1210 1982 1293 2054 non‘

168 2104 334 2182 poterant:
355 2094 544 2164 intrantibus
566 2096 646 2165 fines
662 2098 814 2167 Romalis
836 2121 902 2165 non
917 2098 1127 2187 demigratum
1149 2118 1191 2162 ex
1206 2117 1277 2186 pro

189 2259 215 2316 1.
241 2260 689 2338 castrisexsrcituiquesPllI.-
762 2263 804 2322 11.
832 2263 867 2319 td
877 2264 1002 2321 bellum:
1020 2261 1051 2322 P.
1064 2258 1151 2318 —lll:
1170 2259 1207 2316 ad
1223 2256 1278 2316 bel·

241 2342 355 2402 flavere.
374 2345 420 2404 al.:
443 2350 539 2403 castris
557 2352 690 2407 exercitu·
831 2348 895 2410 lum.
912 2347 990 2410 Leid.
1004 2368 1037 2408 n:
1054 2350 1084 2405 id
1102 2349 1137 2405 ad
1150 2347 1259 2406 bellum.
1278 2411 1285 2427 ἱ

241 2450 303 2506 que.
339 2428 383 2488 Ci.
406 2434 437 2502 1,
464 2435 520 2493 12.ε
542 2454 596 2494 usu
616 2440 690 2494 hren·

241 2525 327 2574 amo,
346 2518 379 2578 al·
761 2482 805 2542 14.
831 2478 1277 2561 cumcollegaerPal.÷-Recc.

831 2568 929 2629 codd:
952 2579 1018 2628 tum.
1047 2568 1076 2627 tl
1098 2570 1193 2628 m.1.:
1218 2586 1278 2625 cum

189 2602 215 2660 9.
243 2623 282 2661 nc
299 2624 356 2660 sua
374 2607 502 2664 consilia
519 2610 691 2670 melioribus
833 2656 933 2732 college
959 2677 986 2712 m
1014 2659 1052 2711 ᾖ.
1071 2665 1128 2712 tum

240 2689 433 2764 praeferret:
451 2692 512 2754 PM.
524 2726 558 2740 ·-
574 2696 648 2759 Harl.
660 2719 693 2759 1.:

244 2796 295 2833 nec
312 2798 360 2835 sua
378 2789 429 2838 cet.
764 2790 808 2849 15.
834 2808 888 2845 nec
892 2788 1005 2861 suit-
1017 2788 1145 2845 bellum:
1161 2783 1278 2855 „aber“.

191 2862 227 2953 5.
247 2884 308 2943 qua
326 2867 404 2923 data*
419 2868 529 2927 in'tam
548 2875 693 2950 praecipi·
778 2960 781 2967 4
834 2873 877 2934 Cf.
895 2878 922 2945 6,
940 2880 980 2935 t:
999 2874 1138 2953 laborque.

244 2958 433 3094 {5⁶²5th
448 2977 526 3098 tt·
545 2960 692 3099 suam
764 3008 808 3067 1⁶.
831 3026 906 3082 pace
929 3008 1080 3063 ...aaa
1101 3007 1161 3062 ..a
1182 3023 1278 3061 rm·

275 3078 282 3091 ,
320 3079 327 3094 ,
373 3082 380 3097 ,
518 3085 525 3098 .
561 3088 584 3102 ..
599 3068 693 3122 percr-

245 3120 338 3193 pitffi
369 3155 403 3165 ,,,
441 3125 492 3182 pm
519 3129 579 3189 cod·
606 3132 683 3190 Rhea
833 3111 904 3148 nam
921 3102 1101 3170 arguerunt:
1123 3090 1242 3151 llllarl.
1260 3110 1278 3147 1.

246 3203 322 3264 Harl,
340 3226 356 3267 [Ι
374 3206 453 3270 Μ·
470 3230 502 3269 Μ
526 3225 553 3271 ep
577 3238 641 3277 cum
664 3178 695 3278 ili
835 3177 951 3238 al.-P:
964 3179 1278 3239 arcuerunt.-Leid.1.:

247 3296 367 3352 exercitu
384 3306 447 3356 tum
468 3319 560 3361 romae
578 3315 628 3366 cet·
653 3307 695 3370 ,οἱ
833 3270 1077 3344 pacemconstitoit
1088 3287 1226 3325 romanam
1239 3286 1279 3322 sr-

116 3426 120 3433 ,
184 3366 187 3373 ’
244 3382 272 3451 6,
290 3382 333 3441 23,
833 3365 955 3428 gnerunt.
974 3356 1039 3411 Lor.
1052 3357 1090 3414 Ἅι
1108 3374 1201 3434 pacem
1217 3373 1280 3411 con·

833 3443 1280 3518 stituontromsnamhaberequam

191 3466 219 3524 7.
245 3488 312 3524 cum
330 3473 419 3528 uaria
428 3474 561 3547 fortuna
579 3479 610 3535 in
628 3482 693 3538 uul·
833 3530 915 3584 armis
933 3550 987 3586 non
1005 3539 1139 3609 potemur

245 3556 307 3610 scis
326 3570 416 3634 gesta
437 3582 487 3620 res
510 3575 606 3623 esset:
634 3568 692 3630 ΡΜ.

246 3636 369 3740 lullarl.
381 3665 399 3700 1.
417 3648 518 3705 excidit
534 3672 593 3713 res.
611 3651 692 3715 Rcce.
763 3659 807 3717 17.
833 3679 874 3717 erc
896 3664 1073 3739 propinquis
1094 3661 1210 3718 itineris
1237 3660 1280 3716 Io·

247 3727 322 3802 qud.
341 3731 432 3791 codd-t
456 3756 499 3793 res
520 3750 594 3814 gesta
613 3752 693 3803 essct.
833 3748 891 3805 cis:
910 3749 957 3806 ΡΜ
979 3750 1053 3807 Harl.
1071 3769 1088 3806 1.
1106 3747 1184 3806 Leid
1202 3765 1222 3806 1.
1244 3746 1279 3802 al.

247 3841 281 3854 -
294 3811 375 3879 Rrec.
391 3819 485 3882 codd:
504 3825 632 3886 aduersae
643 3849 692 3905 pu·
833 3867 868 3878 -
886 3835 967 3896 Recc.
986 3837 1060 3914 quid.
1079 3834 1172 3893 codd:
1196 3835 1281 3891 itine-

245 3916 313 3973 8⁰³⁰
340 3903 470 3985 fugaeque
495 3912 524 3968 in
550 3912 583 3974 L.
608 3914 691 3989 Furio
832 3923 924 3981 ribus.
942 3922 1077 3979 Drakenb.
1089 3919 1206 3978 malebat
1217 3941 1280 3979 cum

246 3983 352 4064 eulpam
370 3992 489 4065 sedere,
513 3998 595 4058 decus
612 4023 692 4063 omns
834 4009 950 4085 antiquis
968 4006 1129 4084 quibusdam
1145 4007 1222 4067 editt.
1234 4009 1280 4064 itt·

243 4090 327 4149 penes
345 4076 380 4138 lt.
398 4077 421 4137 F
422 4083 509 4143 unum
526 4107 595 4146 me.
833 4098 906 4155 mrt.
