2618 4590
521 317 629 378 LIBER
645 314 704 379 vtt

1098 310 1162 380 stt

19 508 30 517 «
60 480 142 548 inter
163 479 320 571 primores
341 481 488 548 incautus
510 452 618 573 agitat,
648 480 740 550 laevo
762 482 899 552 humero
928 482 1040 555 malari
1062 511 1164 581 prope

59 583 192 653 traiecto
222 595 363 652 cesserat
391 608 563 677 parumper
591 607 633 652 ex
661 586 739 655 acie.
783 586 912 680 iamque
940 591 1056 659 omissa
1090 617 1164 662 eun-

60 690 176 756 ctando
199 689 329 756 victoria
354 700 435 772 erat,
464 712 539 757 curn
567 690 680 757 consul
701 690 834 759 vulnere
861 692 989 784 alligato
1017 709 1163 766 revectus

59 794 100 858 ad
123 792 224 883 prima
247 794 335 884 signa
363 793 464 884 „quid
486 806 551 862 stas
582 795 720 862 miles‘l“
746 795 865 886 inquit:
898 822 987 880 „non
1010 823 1085 866 cum
1105 801 1163 868 La-

58 896 127 963 tino
152 897 335 988 Sabinoque
356 898 523 966 hosteres
552 911 615 983 est,
650 923 747 990 quem
768 901 890 968 victum
920 904 1016 969 armis
1039 905 1198 972 sociumt

58 1022 101 1065 ex
123 1000 216 1068 hoste
234 1002 358 1071 »laciasz
392 1004 425 1071 in
451 1003 564 1071 beluas
593 995 776 1072 strinximus
803 1005 937 1073 ferrum:
970 1007 1164 1077 hauriendus

57 1115 115 1170 aut
138 1086 268 1174 dandus
284 1117 333 1174 est
355 1107 492 1198 sanguis.
529 1109 755 1200 propepulistis
771 1134 790 1176 a
807 1109 926 1195 castris,
948 1112 1061 1203 supina
1077 1112 1162 1181 valle

126 1289 225 1330 mores
249 1273 385 1330 {mantus
407 1276 519 1354 agitat:
543 1273 575 1337 P.

125 1389 160 1398 ——
174 1357 217 1415 lll:
235 1360 375 1417 incautum
389 1365 479 1437 agitat.
490 1394 524 1404 —
535 1360 573 1420 P:

125 1441 202 1501 laeuo
215 1466 317 1507 umero.
330 1447 370 1505 ll:
384 1447 444 1505 leuo
459 1470 561 1508 umero.
614 1485 641 1504 A

33 1526 36 1531 ’
72 1531 99 1589 1.
126 1535 250 1590 moturi:
267 1533 317 1590 ΡΜ
330 1534 390 1594 cod.
403 1535 462 1596 Gel.
472 1534 545 1595 Harl.
555 1556 572 1593 ι.

126 1616 203 1677 Letd.
218 1639 235 1678 r.
259 1618 303 1679 Cf.
316 1619 395 1680 Caes.
414 1623 440 1678 b.
459 1621 528 1682 Gall.
547 1625 573 1692 1,

714 1276 824 1335 inuictis
851 1279 933 1335 armis
960 1287 1011 1337 cet.
1035 1310 1070 1322 -
1099 1275 1162 1337 Plllr

714 1364 744 1419 in
761 1362 854 1421 beluas
876 1366 1034 1422 strinximus
1053 1363 1162 1425 serrum.

713 1447 788 1508 Harl.
806 1469 837 1506 n:
860 1452 889 1506 iu
911 1449 999 1508 bellua
1021 1451 1064 1521 (l)
1082 1453 1163 1508 striu·

713 1536 811 1594 ximus.
828 1532 946 1597 Letum
964 1540 994 1595 iu
1010 1536 1099 1595 bellua
1117 1539 1162 1609 (l)

713 1622 862 1681 striximus.

102 1728 112 1736 ··
125 1706 183 1764 26.:
202 1715 318 1764 mataras
336 1728 368 1764 ae
379 1708 497 1785 tragulas
509 1710 572 1767 sub·
660 1707 688 1765 6.
714 1705 900 1766 hauriendus
916 1719 971 1766 aut
982 1709 1104 1768 dandus
1116 1720 1164 1768 m

125 1791 244 1849 ieiebant
266 1805 428 1872 nostrosque
450 1794 572 1853 vulnera-

10 1938 16 1949 ,
126 1878 200 1938 baut.
227 1879 325 1938 Strabo
344 1884 376 1951 4,
394 1883 419 1938 4.
442 1882 492 1952 (de
510 1883 572 1940 Gal·

125 1964 190 2035 lisl:
209 1966 348 2038 ὁπλισμὸς
365 1964 397 2028 tl
413 1968 573 2047 σύμμετρος

123 2060 183 2119 ιὀῒς
194 2058 252 2114 τῶν
265 2054 412 2127 σωμάτων
422 2052 571 2143 μεγέθεσι·

122 2139 260 2217 μάκαιρα
268 2142 369 2218 μακροὶ
377 2136 571 2218 παρηρτημὲνη

122 2228 201 2305 παρὰ
217 2230 269 2288 τὸν
280 2229 374 2299 δεξιὸν
385 2229 508 2305 πλευρὸν
519 2228 571 2288 ml

122 2315 228 2392 >urgetis
250 2316 362 2392 μακρὸς
384 2314 437 2374 καὶ
457 2314 571 2392 λόγχαι

124 2403 201 2460 κατὰ
210 2401 302 2479 λόγον
310 2401 363 2462 καὶ
371 2403 570 2479 μάιαριξὶωίλ*

123 2511 177 2548 sou
195 2487 222 2549 sl
233 2484 315 2556 εἶδος.
328 2523 361 2532 -
374 2490 452 2549 Aust.
466 2489 507 2546 ad.
517 2490 570 2548 He-

122 2597 198 2634 reun.
226 2578 252 2645 l,
270 2578 327 2635 32:
345 2579 454 2637 materis
471 2576 570 2635 Trans·

122 2662 221 2740 alpina.
239 2695 273 2705 —
292 2662 320 2720 Μ
336 2683 372 2722 ιιι.
391 2667 431 2723 t:
447 2665 571 2736 treieoto.

122 2770 160 2808 m.
178 2752 217 2808 Ἅι
234 2750 357 2808 traiecto.
375 2779 410 2794 -
437 2749 570 2810 Pm.1.=

124 2838 230 2912 iamque
247 2835 344 2894 omisa.

64 2928 96 2986 3.
123 2924 249 2981 uulnere
270 2922 414 3002 alligato:
436 2919 487 2979 ΡΜ
512 2921 570 2983 rell.

122 3008 166 3069 (Μ.
189 3007 223 3068 R.
248 3006 329 3066 Klotz
352 3009 387 3065 ad
410 3008 469 3069 cte.
490 3007 570 3071 Tmo.

87 3116 100 3135 ‘
122 3098 154 3166 2,
173 3099 215 3158 17.
233 3094 278 3158 39.
304 3096 351 3154 ubi
374 3099 416 3154 sic
438 3096 570 3172 scriptum

123 3192 165 3241 est
182 3183 321 3253 „abducet
330 3181 468 3247 Patrocles
486 3183 568 3240 credo

121 3280 153 3329 ut
171 3269 285 3329 collocet
301 3273 331 3328 in
348 3271 439 3341 cubili,
456 3280 487 3328 ut
505 3272 568 3328 uol-

123 3377 181 3415 nus
205 3359 336 3437 obliget“
355 3367 405 3416 cet.
434 3356 570 3437 pauloque

121 3453 198 3522 post·
209 3445 340 3519 „quiesce
362 3446 443 3519 igitur
460 3452 487 3500 et
505 3445 569 3502 uol-

123 3551 183 3588 nus
200 3531 327 3608 alligo“.

66 3621 96 3679 4.
123 3616 200 3694 quid
221 3624 286 3673 stas
309 3617 394 3673 mileo
416 3615 570 3693 inquitrl‘

122 3723 159 3764 m.
176 3706 202 3763 Μ.
220 3703 255 3760 Μ.
269 3734 303 3744 -
320 3702 343 3758 Ρ
360 3724 396 3761 m.
415 3704 453 3762 1.:
470 3702 570 3779 milites

121 3790 227 3869 inquid.

48 3900 52 3907 ’
69 3880 98 3938 5.
127 3898 214 3955 quem
226 3879 335 3936 uictam
346 3878 441 3936 armis
458 3877 571 3935 socium

125 3985 167 4022 ex
182 3965 270 4023 hoste
280 3965 403 4038 facias:
420 3964 447 4022 ll
463 3962 536 4022 Harl.
550 3984 569 4023 1.

124 4051 160 4110 al.
179 4082 213 4093 -
230 4050 267 4108 P:
287 4070 366 4130 quem
383 4053 505 4121 uinctum
518 4059 570 4109 cet.

125 4135 202 4195 [aeid.
216 4156 233 4196 ι.
252 4146 279 4194 et
294 4158 364 4199 rece.
377 4139 470 4198 codd:
489 4156 570 4213 quem

714 1795 857 1874 sanguis:
875 1793 904 1851 Μ
926 1816 962 1856 m.
980 1798 1007 1856 3.
1024 1794 1055 1855 P.
1078 1828 1112 1838 —
1134 1795 1163 1876 Μ

713 1900 749 1939 m.
778 1882 817 1941 1.:
853 1880 958 1940 tlandus
984 1891 1015 1938 'et
1045 1884 1162 1958 sanguis.

714 1986 751 2026 m.
768 1969 810 2027 3.:
829 1968 934 2026 dandus
953 1974 969 2026 ὃ
987 1973 1105 2046 sanguis.

660 2054 688 2111 7.
711 2057 940 2129 propepulistis:
953 2054 982 2113 Μ
993 2075 1029 2113 m.
1043 2058 1086 2129 1.]
1099 2077 1162 2134 pro·

712 2139 822 2214 polistis
841 2140 883 2212 (Μ
901 2161 938 2202 m.
955 2145 981 2201 3.
999 2140 1046 2214 P).
1073 2141 1118 2203 (Μ’,
1135 2146 1163 2212 6,

712 2229 757 2285 tt.
771 2229 961 2294 ‚,occinerit“:
980 2220 1034 2308 quo
1046 2229 1107 2288 loco
1120 2250 1162 2287 re·

712 2312 924 2392 duplicationem
939 2320 1081 2374 restituere
1101 2319 1161 2375 ausi

711 2420 767 2457 non
776 2421 878 2472 sumus,
891 2422 925 2459 ne
935 2405 1017 2460 certis
1026 2402 1161 2463 Prisciani

712 2485 880 2567 aliorumque
918 2492 1161 2565 grammaticorum,

712 2577 760 2652 qui
788 2575 822 2631 de
845 2576 899 2632 lroc
926 2579 1010 2635 verbo
1036 2577 1161 2657 pluribus

711 2664 887 2738 scripserunt,
905 2667 1057 2741 praeceptis
1066 2665 1159 2722 adver·

711 2749 767 2805 sari
792 2748 953 2808 videremur.
982 2770 1077 2808 rerum
1104 2770 1160 2806 noa

711 2835 779 2890 satls
798 2835 869 2889 cauti
886 2835 915 2889 in
933 2833 977 2891 his
998 2836 1081 2891 rebus
1101 2838 1161 2892 eise

712 2938 867 2998 possumus,
893 2919 967 2997 quod
984 2922 1031 2977 rix
1049 2920 1161 3001 dubium

711 3005 838 3064 videatur
849 3009 916 3084 quin
928 3009 1105 3067 vetustissimi
1114 3028 1159 3066 co·
1243 3085 1244 3088 Ἰ
1272 3022 1275 3027 “

711 3093 786 3150 dices
805 3112 884 3151 manu
906 3096 1001 3172 scripti
1022 3095 1159 3154 interdum

709 3179 806 3238 melius
824 3201 875 3238 uos
892 3181 927 3238 de
944 3185 1017 3240 veris
1035 3185 1158 3260 antiquo·
1192 3252 1195 3261 Ι
1234 3212 1243 3223 ³

687 3292 690 3297 ’
708 3287 769 3326 rum
781 3270 943 3344 scriptorum
954 3269 1099 3327 virtutibus
1109 3269 1157 3326 do·

711 3374 773 3411 ccre
795 3357 901 3432 possint
923 3374 1005 3430 quam
1028 3373 1158 3428 gramma·

710 3442 824 3498 ticorum
832 3443 1013 3517 posteriorum
1023 3460 1157 3497 commen·

710 3529 838 3595 tationes,
874 3547 943 3603 quos
973 3529 1158 3606 antiquitatem

710 3612 784 3670 haud
796 3633 857 3670 raro
872 3613 958 3671 levius
970 3614 1091 3690 attigisse
1110 3634 1158 3690 ap·

711 3708 813 3776 pareat.
842 3732 880 3751 .-
904 3700 936 3758 In
961 3699 1054 3760 multis
1076 3705 1157 3760 etiam
1226 3692 1231 3705 ⁸

711 3807 782 3844 rece.
801 3787 880 3846 codd.
897 3799 1033 3848 servatum
1051 3800 1092 3846 est
1106 3809 1157 3866 pe-

710 3875 832 3949 pulistis
854 3895 874 3930 a
892 3878 1009 3935 castris.
1025 3906 1059 3916 —
1081 3875 1109 3932 ll
1120 3897 1156 3935 m.

713 3969 752 4020 1.:
774 3961 933 4039 supinualle.
963 3961 990 4018 ll
1013 3983 1048 4021 m.
1071 3964 1098 4021 3.
1119 3961 1156 4018 P:

711 4050 808 4127 supina
830 4047 907 4107 ualle.
938 4046 1014 4107 [reid.
1034 4068 1064 4108 r.:
1087 4046 1157 4106 ualle

710 4139 815 4210 supino.
1149 4124 1154 4143 ¹

888 4221 956 4290 1t*
