2618 4590
515 275 625 335 urum
641 276 700 343 vu,
1093 262 1159 334 283
1247 202 1253 221 Ι

61 441 138 531 plex
160 463 198 508 ea
220 449 411 529 tempestate
426 462 558 506 -aera
581 439 790 522 demerentur,
812 440 901 529 quod
913 439 1068 510 adversati
1082 466 1158 511 eon-

59 545 205 613 iurationi
225 544 371 611 fuissent.

146 649 243 717 XLII.
286 650 415 718 Praeter
436 649 518 716 haee
543 646 670 716 invenio
699 647 785 737 apud
812 646 972 739 quosdam
994 648 1038 717 Ii.
1055 652 1158 719 Genu-

61 755 148 822 cium
169 754 333 820 tribunum
353 752 458 845 plebis
484 752 595 821 tulisse
622 752 664 820 ad
689 751 820 842 plebem
846 778 888 821 ne
915 755 1059 822 fenerare
1086 756 1159 824 liee-

59 871 124 926 ret:
151 858 241 926 item
262 858 329 926 aliis
342 860 438 950 plebi
459 856 546 927 scitis
574 868 704 924 cautum
729 881 772 925 ne
800 858 871 948 quis
899 859 1038 926 eundem
1064 860 1194 951 mugi-a

60 975 195 1031 stratum
222 963 301 1033 intra
330 965 443 1032 decem
469 986 571 1031 annos
598 973 728 1053 caperet
752 985 818 1031 neu
846 963 927 1030 duos
955 963 1159 1054 magistratus

59 1093 125 1136 uno
156 1090 241 1136 annu
269 1081 393 1159 gereret
419 1069 531 1160 utique
548 1067 670 1135 -lieeret
698 1067 847 1136 eonsules
874 1067 988 1135 ambos
1015 1069 1160 1160 plebeios

59 1172 176 1239 creari:
201 1160 294 1263 ''quae
314 1173 343 1240 si
370 1173 478 1245 omnia
493 1188 661 1241 ¹concessa
682 1183 758 1239 sunt
783 1171 885 1263 plebi,
912 1185 1049 1264 apparet
1073 1171 1160 1241 hant

58 1301 172 1368 parvas
194 1277 277 1344 vires
298 1278 513 1347 delectionem
526 1276 686 1347 babuisse.
724 1276 792 1346 aliis
808 1277 974 1344 annalibus
995 1278 1160 1368 proditum

59 1393 109 1453 est
142 1404 249 1472 neque
281 1382 470 1451 dictatorem
496 1382 662 1452 Valerium
691 1382 811 1449 dictum
838 1383 896 1449 sed
912 1408 981 1473 per
994 1382 1158 1451 -eonsules
1173 1396 1208 1451 lu

59 1510 190 1557 omnem
210 1510 280 1553 rem
302 1500 543 1578 autumareque
565 1500 639 1555 ante
661 1511 759 1577 quam
775 1487 913 1554 Romam
926 1484 1087 1555 veniretur
1100 1486 1160 1553 sed

59 1591 182 1670 Romae
205 1614 278 1657 eam
299 1592 535 1659 multitudinem
556 1592 793 1659 coniuratorum
816 1592 855 1658 ad
878 1614 964 1658 arma
981 1603 1162 1659 consterna-

58 1707 126 1762 tam
148 1718 237 1777 esse,
264 1720 326 1762 nee
346 1694 379 1761 in
402 1696 442 1763 Τ.
465 1695 594 1780 Quincti
615 1696 726 1764 villam
752 1696 809 1761 sed
832 1694 864 1760 in
893 1696 979 1761 aerlis
1003 1696 1040 1763 C.
1063 1694 1162 1761 lllanli

58 1810 156 1867 nocte
178 1799 335 1889 impetum
356 1799 487 1871 fuctum-
500 1823 639 1891 eumque
661 1825 680 1881 a
708 1800 877 1891 coniuratis
906 1800 1161 1891 conprehensum

61 1916 101 1971 ut
123 1905 190 1972 dux
211 1904 316 1971 fieret:
338 1903 412 1971 iude
434 1903 475 1973 ad
490 1916 645 1995 ¹quartum
665 1904 806 1997 lapidem
819 1905 983 1996 profectos
1004 1905 1078 1973 luco
1093 1917 1209 1973 mu-15

718 2103 780 2163 PM:
806 2105 919 2180 nequis
937 2103 1033 2160 eunde.
1045 2110 1105 2177 mig
1122 2104 1162 2159 in·
1235 2138 1237 2145 ·

703 2202 760 2248 tra
778 2191 870 2253 decern
888 2212 973 2249 annua
991 2199 1098 2268 caperet
1110 2209 1163 2245 neu

78 2105 106 2162 l.
133 2078 240 2163 tulisse
257 2103 302 2159 ad
308 2104 423 2179 plebem
440 2121 479 2159 ne
488 2101 577 2174 fenc-

131 2211 203 2248 rare
231 2192 348 2249 liceret.-
377 2189 426 2247 ΡΜ
460 2188 538 2248 Laid.
559 2208 577 2250 r.

130 2277 211 2337 Voss.
228 2297 257 2337 u.
270 2277 320 2351 al]
337 2277 433 2334 tulisse
445 2276 578 2354 arlpopu·

130 2365 186 2422 lum
205 2375 256 2426 cet.
276 2395 311 2407 ·-
333 2363 364 2423 lu
382 2360 432 2423 ΡΜ·
448 2366 578 2441 scriptum

133 2463 174 2509 est
192 2462 222 2509 ut
238 2452 396 2533 plerumque
414 2449 468 2522 „In
488 2450 577 2513 Genu·

131 2543 203 2599 cium
229 2548 264 2598 tr.
291 2539 330 2621 13¹·
363 2539 458 2600 tulisse
484 2537 519 2594 ad
547 2537 576 2617 pl

52 2660 59 2677 x
129 2647 165 2684 ne
182 2628 324 2684 lenerare“
349 2635 399 2685 eet.
426 2658 460 2669 -
488 2623 532 2683 Cf.
550 2629 576 2692 3,

132 2717 189 2773 55.:
208 2713 244 2771 Μ.
256 2713 381 2770 Duellius
400 2713 498 2768 deinde
514 2712 577 2771 trib.

132 2801 170 2878 pl.
188 2799 294 2876 plebem
312 2801 416 2873 rogavit
432 2799 578 2875 plebesque

133 2888 221 2953 scivit,
240 2888 287 2962 qui
303 2884 408 2962 plebem
422 2889 480 2941 sine
493 2886 578 2940 tribu·

133 2977 176 3031 nis
200 2972 354 3050 reliquisset
378 2975 477 3048 quique
497 2972 579 3045 magi·

132 3070 245 3119 stratum
252 3064 312 3117 aine
322 3062 513 3136 provocatione
521 3078 579 3115 ere-

133 3157 213 3216 asset,
231 3157 305 3223 tergo
323 3169 354 3205 ae
372 3150 459 3224 eapite
470 3148 579 3225 punire·

133 3245 185 3295 tur.
214 3238 265 3303 34',
282 3239 338 3295 bb:
360 3237 395 3310 Q.
413 3235 506 3291 Aelius
524 3233 577 3291 Tu·

113 3392 114 3397 Ἰ
133 3324 198 3378 bero
217 3325 279 3380 trib.
297 3322 335 3399 pl.
349 3355 382 3365 -
395 3323 457 3379 tulit
468 3324 503 3378 ad
520 3322 576 3399 ple·

71 3438 78 3444 ·
134 3411 195 3466 bem
214 3409 358 3486 plebesque
375 3413 463 3479 scivit,
481 3421 511 3467 ut
528 3411 579 3467 Lae

134 3500 207 3557 tinae
225 3495 293 3553 duae
311 3495 477 3553 coloniae-
496 3497 578 3555 dedu·

135 3592 265 3642 curentur.
284 3582 317 3641 al.
341 3614 376 3625 -
398 3583 479 3642 Recc.
506 3585 580 3661 quid.

137 3672 229 3731 eodrl.:
248 3671 387 3728 foenerari.

81 3764 111 3821 5.
138 3763 207 3815 item
224 3759 294 3815 aliis
309 3759 391 3833 plebi
411 3758 492 3813 scitis
513 3777 581 3813 eau-

136 3856 213 3903 tum:
240 3844 297 3903 ΡΜ.
329 3845 372 3906 Cl.
390 3847 438 3912 25,
457 3847 498 3903 7.:
520 3842 580 3903 Pur.

137 3932 217 3989 Colb.
230 3954 263 3989 m.
279 3936 316 3991 1.:
336 3933 392 4001 „de
403 3941 512 3988 senatus
520 3952 581 3987 sen-

40 4026 43 4031 '
137 4023 220 4076 tentia
238 4019 364 4097 plebique
381 4022 481 4078 scitu“.
501 4019 580 4080 Culb.

139 4129 174 4168 m.
193 4110 232 4168 22
250 4107 413 4184 „plebisque
430 4109 531 4167 scitu“.
546 4140 579 4151 -
627 4168 630 4175 ,

652 2330 657 2337 .
675 2326 678 2331 .
720 2280 788 2337 duos
814 2281 984 2354 magistratus
1011 2298 1066 2336 uuo
1091 2297 1162 2335 annu

718 2375 822 2442 gereret
851 2369 944 2444 utique
971 2365 1067 2425 liceret
1092 2371 1163 2425 cuii.

719 2455 813 2510 ambos
847 2454 968 2532 plebeius
999 2456 1092 2513 creari.
1127 2486 1162 2495 -

717 2541 796 2601 Voss.
816 2562 833 2601 1.
856 2541 956 2617 aliique
978 2563 1048 2601 reue.
1070 2541 1161 2598 cedris

718 2650 769 2686 nec
787 2630 854 2685 duos
872 2632 1041 2705 magistratus
1060 2639 1111 2691 cel.
1129 2659 1163 2669 -

719 2716 740 2770 Ρ
759 2737 794 2774 m.
815 2719 853 2774 1.:
872 2737 1000 2775 concesse
1017 2727 1089 2774 sunt.

650 2847 692 2902 10.
718 2865 772 2918 per·
782 2851 1042 2901 ressurrecturum
1050 2854 1162 2899 acram:

720 2930 778 2988 ΡΜ.
798 2960 832 2972 -
850 2930 926 2989 Leid.
941 2950 957 2989 r.
976 2929 1043 2987 [ιον.
1061 2934 1100 2986 l:
1118 2951 1163 2985 an-

721 3027 826 3095 tequam
860 3037 934 3072 roma
964 3020 1094 3076 uenirent.
1129 3048 1164 3060 -
1235 3086 1238 3091 Ι

719 3106 780 3165 Plll:
799 3127 849 3165 uec
867 3093 935 3166 in'rss
957 3107 1043 3185 quinti
1066 3104 1164 3163 uillam.

718 3194 791 3254 Harl.
804 3215 834 3253 n:
853 3216 903 3252 nee
920 3197 981 3252 initi
999 3194 1096 3271 quintii
1115 3192 1164 3250 uil-

718 3281 779 3341 lam.

651 3415 693 3472 13.
720 3415 751 3467 in
763 3413 863 3468 aedis:
881 3411 931 3467 ΡΜ
943 3410 1016 3467 Harl.
1030 3431 1047 3467 1.
1062 3409 1137 3466 Laid.
1147 3431 1164 3468 r.

721 3498 772 3570 al]
792 3501 820 3554 in
838 3498 926 3556 aedes.
944 3530 978 3539 —
996 3498 1046 3552 ΡΜ
1064 3498 1136 3556 llarl.
1147 3517 1164 3556 r.

721 3586 798 3642 Leit.
810 3605 842 3643 n:
861 3607 884 3643 c.
895 3585 1038 3644 manili-
1053 3586 1087 3642 P:
1101 3607 1165 3642 eun·
1240 3580 1244 3597 ¹

722 3674 864 3753 pheneum.
883 3673 923 3731 lll:
944 3681 959 3730 b
975 3678 979 3744 Ι
994 3673 1165 3752 prehensum.

726 3793 757 3811 ψ-
774 3761 857 3818 Paulo
870 3771 932 3838 pust
944 3760 977 3816 P:
996 3760 1095 3820 milites
1108 3779 1165 3814 eae·

720 3851 802 3924 pisse.
826 3848 865 3904 lllr
883 3848 982 3904 milites
1000 3850 1112 3922 cepisse.
1131 3878 1165 3888 -—

721 3924 784 3992 Plll:
804 3945 965 4010 coactosque
984 3943 1054 3992 cois.
1073 3966 1107 3975 -
1125 3933 1165 3989 tl:

722 4016 1040 4083 rettulissellrretulirae.
1052 4021 1166 4082 beibur

722 4107 757 4165 arl
773 4118 864 4186 patres
885 4108 1016 4167 retulisse.
