2618 4590
519 298 630 360 LIBER
647 300 705 363 vu.
1095 289 1159 358 tm

61 476 255 558 praepotens
284 464 398 554 opibus
426 461 566 554 populus
593 461 719 531 luxuria
746 463 958 556 superbiaque
990 467 1108 550 clams,
1142 491 1161 533 a

62 595 128 662 quo
151 570 249 660 paulo
272 580 345 634 ante
373 567 525 634 auxilium
552 565 675 634 finitimi
701 567 870 658 petissent,
903 571 984 637 adeo
1010 571 1161 638 infractos

63 685 190 766 gereret
211 673 333 740 animos
355 683 393 740 ut
413 694 449 738 se
470 671 539 762 ipse
565 693 689 760 suaque
710 672 824 740 onmia
852 672 1019 764 potestatis
1041 675 1161 744 alienae

60 780 191 846 faceret.
227 788 298 844 tum
318 777 383 843 iam
403 776 483 843 fides
506 775 556 867 agi
577 773 645 842 visa
667 774 791 843 deditos
813 801 879 845 non
900 779 1008 870 prodi,
1036 803 1096 846 nec
1118 780 1161 846 la-

63 894 191 950 cturum
212 907 314 972 aequa
336 880 526 949 Samnitium
547 879 705 970 populum
727 880 901 950 censebant
922 872 954 950 'si
980 907 1092 973 agmm
1113 885 1197 950 ιιι-’5

63 987 204 1077 bemque
226 1011 285 1076 per
307 984 499 1053 deditionem
513 984 632 1052 factam
653 983 765 1074 populi
779 983 916 1054 Romani
932 999 1162 1079 oppugnarent.

60 1090 185 1180 legatos
210 1090 322 1182 itaque
352 1088 517 1178 extemplo
542 1087 626 1156 mitti
653 1088 694 1154 ad
720 1087 881 1157 Samnites
914 1091 1051 1182 placuitr
1090 1094 1162 1161 data

59 1195 210 1261 mandata
232 1205 269 1261 ut
288 1216 401 1284 preces
424 1191 671 1282 Campanorum,
693 1217 883 1284 responsum
906 1206 1035 1263 senatus
1058 1197 1162 1265 amici·
1263 1234 1267 1245 ,

59 1299 124 1366 tiae
139 1298 329 1366 Samnitium
350 1322 485 1380 memor,
508 1296 702 1395 deditionem
723 1311 888 1389 postremo
908 1300 1027 1367 factam
1040 1300 1162 1369 Samni·

60 1405 146 1472 tibus
168 1415 381 1495 exponerent:
403 1412 550 1493 peterent
572 1426 632 1493 pro
654 1403 807 1473 socictate
829 1403 1029 1496 amicitiaque
1051 1416 1088 1473 ut
1107 1394 1210 1475 'de-1⁰

131 1613 176 1671 die
198 1611 282 1670 Vites
302 1613 381 1670 einen
408 1610 491 1668 licien
512 1611 576 1669 liin·
666 1617 691 1671 l.
717 1616 933 1688 necsnctnrum
945 1618 1163 1694 ‹tequeaomni-

131 1699 232 1770 druclr,
267 1719 348 1756 wenn
383 1698 469 1755 selhst
502 1699 577 1772 jener
717 1705 792 1759 rium
818 1703 962 1779 populum
990 1705 1163 1761 censebant:

129 1787 222 1846 reicbe
240 1786 296 1844 und
314 1787 413 1863 iippige
423 1783 501 1854 volt,
518 1784 577 1848 des·

129 1896 181 1932 sen
197 1871 328 1930 Beistand
349 1872 421 1929 noch
444 1872 509 1929 lmrn
531 1892 577 1931 zu·

131 1983 183 2020 vor
210 1961 254 2017 die
280 1959 440 2018 Nachbaren
466 1961 496 2016 in
522 1959 577 2016 An·

128 2049 231 2126 spruch
248 2067 406 2124 genommcn
424 2048 528 2115 hatten,
544 2066 577 2103 so

130 2158 197 2215 ganz
209 2135 395 2212 gebrachcnen
406 2133 511 2191 Mutua
521 2141 576 2190 wb-

131 2246 173 2294 re,
193 2244 241 2281 aus
259 2223 353 2279 facicm
370 2221 501 2278 Antriehc
517 2219 577 2277 sicb

131 2306 187 2370 unii
216 2310 280 2367 alles
311 2308 360 2369 das
389 2309 472 2364 Scine
502 2309 578 2367 einer

130 2398 251 2457 lremdcn
268 2397 357 2454 llacbt
375 2416 408 2452 zu
430 2405 577 2452 unterwcr·

132 2487 186 2546 fen.
221 2487 264 2542 Da
281 2485 375 2541 schien
390 2503 419 2539 cs
437 2483 577 2541 dennnun

121 2573 180 2630 -das
204 2572 251 2629 aul
275 2573 329 2629 den
351 2571 435 2628 Senot
460 2579 577 2644 gesctztc

131 2658 279 2716 Vertraucn
292 2680 325 2716 zu
335 2657 502 2724 crbeiacbcn,
514 2656 578 2713 dass

28 2794 32 2800 .
132 2745 255 2812 monilia,
264 2744 368 2802 welche
378 2744 507 2819 richgann
516 2743 578 2800 dem

131 2834 213 2892 Ram.
231 2830 317 2889 Vollrc
338 2830 503 2905 hingcgeben
521 2831 578 2887 hat·
599 2893 603 2899 ,

131 2931 192 2989 ten,
210 2919 287 2978 nicht
304 2919 365 2976 dem
382 2917 405 2976 F
406 2918 485 2975 ciuile
501 2916 579 2976 Preis

131 3011 221 3086 gilbe“
240 3027 302 3068 ns.
315 3027 351 3066 w.
374 3036 409 3051 -
432 3006 476 3062 De
496 3007 578 3084 parti·

133 3096 209 3155 culae
231 3099 261 3154 ai
280 3094 477 3170 significatione
500 3092 534 3152 el.
552 3097 579 3161 7,

133 3188 191 3246 13.:
219 3185 265 3253 „si
282 3203 332 3239 uos
351 3191 379 3238 et
396 3181 488 3239 hostes
506 3180 579 3237 baud

132 3292 211 3330 secus
234 3292 314 3348 quam
337 3270 450 3326 feminas
467 3301 501 3312 -
515 3266 578 3324 elu-

133 3361 233 3419 dunt“.
256 3389 290 3400 -
319 3356 380 3414 Plll:
406 3357 490 3435 paulo
507 3365 577 3414 autc.

131 3477 169 3491 -·
190 3446 232 3504 ll:
250 3455 281 3501 ut
298 3465 328 3500 se
346 3446 404 3522 ipse
422 3444 579 3517 sualomnia

134 3543 186 3593 cet.
206 3565 238 3576 -
261 3531 292 3586 ln
311 3531 332 3587 P
350 3533 480 3606 scriptum
498 3550 533 3588 m.
554 3531 577 3583 l.

134 3631 193 3678 crat
216 3621 379 3696 „potestatis
401 3616 487 3688 aliene
509 3616 579 3672 lacc-

133 3711 229 3776 rcnt“‚
247 3711 289 3776 (et
306 3708 335 3762 in
352 3705 446 3779 fragm.
465 3702 585 3762 Havete.-

134 3798 339 3869 „gercrent“)‚
365 3814 434 3870 quac
451 3792 580 3865 integrior

133 3885 266 3958 scriptura
285 3899 344 3936 csse
361 3888 460 3957 potest,
479 3886 580 3934 comet

96 4023 99 4029 .
135 3967 202 4026 alias
226 3972 284 4038 (ex.
307 3987 345 4043 gr.
364 3969 394 4034 6,
412 3968 472 4035 20.)
488 3984 579 4040 popu·

133 4053 185 4114 lua
204 4064 231 4112 ct
240 4056 325 4130 plebs
336 4074 396 4112 cum
408 4051 504 4129 plurali
518 4071 580 4107 con·

134 4145 228 4200 iuncta
245 4141 373 4218 legantur.

89 4247 120 4293 ¹1⁸.
134 4245 187 4291 Livi
201 4261 251 4306 par·
264 4245 296 4290 ll.

718 1788 776 1849 ΡΜ.
788 1820 822 1832 -
840 1789 917 1849 Laid.
930 1775 1015 1848 na'ne
1032 1790 1164 1848 lecturum
1184 1842 1186 1851 .

719 1885 770 1935 cet.
782 1907 817 1920 -
834 1875 871 1933 P:
889 1877 1035 1954 urbemque
1052 1898 1101 1955 per
1119 1877 1165 1934 dc·

719 1962 849 2020 ditionem
862 1963 957 2020 laetam
970 1972 1011 2045 pr‘t
1027 1984 1163 2044 oppugna·

718 2059 788 2107 rent.
816 2050 859 2106 lli:
882 2051 979 2108 factam
1000 2053 1059 2131 pipi.
1076 2036 1163 2131 oppii·

718 2146 837 2211 guarent.

666 2225 692 2281 7.
720 2224 795 2279 data
811 2226 956 2282 mandata
973 2235 1087 2285 retecta
1105 2223 1164 2285 ΡΜ.

719 2343 753 2354 -
780 2311 862 2373 Recc.
884 2313 959 2389 quid.
983 2312 1075 2373 cedda
1102 2312 1163 2376 (lata

718 2398 842 2454 mandata
860 2410 923 2458 sunt
941 2411 972 2457 ut
989 2410 1040 2461 cet.
1080 2444 1082 2452 .

665 2486 692 2543 8.
719 2505 895 2561 responsum
920 2497 1042 2546 semmua
1067 2488 1165 2544 omici-

719 2574 779 2629 tiac
791 2573 969 2632 Samnitium
977 2594 1102 2632 memor:
1115 2571 1165 2631 ΡΜ

718 2656 793 2716 Harl.
817 2679 835 2716 ι.
863 2658 942 2720 Laid.
960 2682 977 2721 r.
1007 2692 1043 2705 ·-
1071 2659 1092 2719 l.
1119 2658 1163 2719 Fr.

720 2740 805 2803 Gron.
827 2745 943 2803 malebat
965 2749 1048 2805 scribi
1065 2767 1164 2814 „sena

720 2841 764 2887 tus
783 2861 817 2872 -
835 2835 990 2890 ιιιιειιιοιίιιι
1010 2853 1071 2890 cnm
1093 2852 1163 2894 rece.

720 2917 845 2994 quibust.
864 2909 943 2978 codil.

651 3007 694 3061 10.
718 3014 854 3081 peterent
867 3028 924 3083 pro
937 3010 1078 3066 socictate
1094 3007 1166 3064 arni·
1286 3062 1287 3065 ,

719 3093 847 3170 citrirque
872 3104 906 3152 nt
930 3095 1079 3153 dediticiis
1100 3095 1166 3151 auis

717 3191 874 3255 parcerent
903 3203 999 3258 neque
1034 3185 1065 3239 in
1099 3200 1166 3240 eum

659 3262 663 3272 '
720 3284 828 3344 agrum
852 3271 911 3342 qrci.
931 3273 978 3344 pin
994 3269 1103 3340 sactus
1120 3289 1165 3327 es·

720 3363 765 3408 aet
777 3353 899 3411 hostilia
910 3373 996 3410 armo
1004 3355 1167 3427 inferrent:
1231 3427 1234 3432 ⁸

685 3453 688 3457 ’
720 3438 751 3497 Ρ.
765 3439 851 3495 -Μι
869 3449 899 3496 ut
911 3440 1026 3497 dediciis
1038 3443 1094 3499 suis
1105 3461 1165 3519 par·

721 3537 813 3583 cercnt
834 3547 921 3609 neque
944 3532 974 3585 in
997 3548 1057 3585 cum
1074 3548 1166 3605 agrum

722 3616 769 3690 qui
787 3616 839 3690 pii.
858 3615 943 3671 lactus
967 3626 1038 3673 essct
1061 3625 1111 3676 en.
1130 3647 1165 3659 -

721 3701 766 3758 Cf.
786 3704 815 3767 1,
834 3704 871 3759 2:
896 3712 928 3758 nt
950 3705 1053 3761 animos
1071 3704 1165 3760 Abori-

722 3789 813 3861 ginum
844 3790 895 3844 sibi
928 3790 1083 3847 conciliaret
1113 3809 1166 3846 nec

721 3876 772 3931 sub
799 3876 893 3933 codem
919 3880 978 3935 iure
1003 3876 1090 3933 solum
1116 3875 1166 3932 scd

722 3965 802 4018 otiam
823 3967 931 4021 nomine
955 3984 1048 4021 omues
1075 3973 1166 4020 essent

723 4062 773 4110 cet.
785 4055 809 4120 l,
818 4051 940 4112 snat·
949 4051 1044 4111 Harlr.
1052 4050 1167 4110 Leid.r.:

724 4141 875 4215 „peterent
909 4158 1005 4215 neque
1042 4141 1072 4194 in
1107 4158 1166 4193 cum

925 4229 968 4293 16
