2618 4590
148 252 211 323 no
604 204 722 323 ὶιιιι
739 263 787 325 n.

106 488 111 497 .
149 455 232 521 quae
245 442 387 524 potestas
401 430 464 497 iam
478 450 572 497 suam
584 427 687 518 ipsam
702 428 768 496 vim
789 428 912 520 frangat
925 424 1160 493 intercedendo.
1183 446 1247 489 non

150 559 246 625 posse
271 559 373 627 aequo
396 534 463 600 iuro
486 533 551 633 agi,
582 532 639 599 ubi
658 533 826 624 imperium
847 557 947 624 penes
975 530 1063 612 illos,
1089 552 1189 620 pones
1213 550 1248 592 se

150 639 304 706 auxilium
324 649 448 706 tontum
468 637 523 704 sitz
558 637 619 706 nisi
647 639 784 729 imperio
811 635 1045 705 communicato
1071 656 1249 721 numquam

155 742 284 833 plebem
318 742 351 808 in
377 753 467 831 parte
495 742 563 833 pari
595 744 641 810 rei
672 743 818 833 publicae
850 743 930 808 fore.
967 762 1028 806 nee
1062 760 1133 804 esse
1162 736 1250 826 quod

117 845 323 937 biquisqua'm
344 845 419 911 satis
441 857 550 935 putet,
577 845 605 912 si
626 846 825 935 plebeiorum
845 847 925 913 ratio
949 842 1084 911 comitiis
1106 839 1250 907 consula-

152 950 237 1017 ribus
257 950 425 1016 habeatur:
447 949 508 1015 nisi
530 950 665 1017 alterum
687 951 853 1020 consulem
874 949 984 1039 utique
1000 971 1042 1014 ex
1063 944 1160 1064 plebe
1182 942 1270 1009 fieri*

48 1064 53 1075 “
152 1078 284 1123 neeesse
306 1054 361 1137 sit,
390 1052 552 1121 neminem
574 1053 653 1121 iore.
691 1078 732 1121 an
752 1054 817 1122 inm
843 1053 995 1122 memoria
1026 1050 1145 1129 exisse,
1177 1070 1250 1112 cum

152 1159 297 1225 tribunos
318 1157 456 1223 militum
483 1152 601 1225 idcireo
629 1159 736 1248 potius
765 1185 863 1250 quam
891 1157 1039 1227 eonsules
1065 1177 1165 1219 ereata
1154 1150 1250 1241 pla-

153 1262 286 1344 cuisset,
315 1272 353 1328 ut
374 1272 408 1328 et
414 1242 549 1353 plebeis
563 1287 611 1381 'pa
613 1273 695 1330 teret
721 1288 866 1332 summus
892 1263 1012 1344 honos,
1042 1269 1191 1348 quattuor
1219 1264 1252 1319 et

108 1377 143 1431 10
155 1365 359 1456 quadraginta
380 1365 470 1433 anns
486 1367 647 1435 neminem
660 1391 703 1435 ex
718 1368 814 1459 plebe
829 1368 991 1435 tribunum
1009 1364 1147 1429 militum
1168 1382 1253 1425 crea

152 1479 223 1536 tum
245 1470 337 1537 esse?
375 1471 431 1559 qui
453 1470 618 1539 crederent
645 1473 849 1541 duobusne
839 1496 874 1539 m
899 1470 978 1537 locis
1006 1493 1064 1534 sua
1086 1467 1250 1534 voluntate

224 1685 258 1697 -
267 1652 316 1711 ΡΜ
326 1651 400 1715 llari.
410 1676 428 1714 1.
439 1655 517 1714 Leid.
525 1676 545 1717 1.
553 1655 600 1715 ui:
617 1658 669 1713 iam

224 1732 298 1797 suana
308 1742 396 1819 ipsam
408 1744 463 1799 uim
476 1744 579 1819 frangat
588 1746 669 1799 iuter·

223 1826 352 1888 cedendo.
370 1828 465 1888 Beki:
484 1833 552 1907 ipsa.
565 1832 597 1903 Ι2,
614 1832 657 1888 43.

170 1913 197 1970 3.
225 1915 287 1970 nisi
307 1917 427 1992 imperio
457 1919 669 1979 communiendo

223 2020 385 2077 numquam
398 2004 515 2080 plebem
537 2006 568 2060 iu
582 2013 669 2080 porte

221 2089 293 2160 pori
322 2092 393 2166 reip.
415 2089 507 2162 sore:
536 2090 593 2149 Pil.
638 2090 670 2147 lu

222 2171 300 2232 Leid.
318 2176 455 2234 r.'e1eidit
465 2175 549 2249 sore.

173 2259 200 2315 l.
226 2280 281 2316 nec
307 2281 374 2318 esse
401 2263 485 2340 quod
510 2265 671 2342 quisquam

226 2348 303 2403 soris
321 2357 420 2422 putei:
442 2348 473 2408 P.
494 2382 528 2392 -
555 2349 595 2409 bl:
618 2352 670 2424 nel

226 2450 301 2487 cesse
318 2434 391 2510 quod
409 2444 459 2494 cet.
485 2437 585 2505 „doeh
602 2436 671 2494 solie

811 1677 877 1731 mur
893 1655 998 1713 honos
1016 1664 1122 1711 mla·
1139 1648 1183 1705 xl.
1201 1665 1251 1701 αι-

810 1748 857 1800 nia
876 1753 939 1800 cet:
960 1740 1018 1813 Pil]
1042 1750 1072 1795 nt
1093 1747 1121 1793 et
1139 1726 1252 1811 plebeiis

810 1840 909 1889 oet-
928 1829 960 1885 ln
977 1826 1068 1885 multis
1085 1840 1155 1880 rece.
1174 1819 1252 1877 codd.

810 1921 943 1997 scripturn
960 1926 1002 1972 est
1016 1925 1049 1972 ut
1062 1910 1185 1988 plebeiis
1200 1926 1252 1982 pa·

810 2015 886 2062 teret
902 2013 953 2063 ret.
975 2005 1004 2059 in
1022 1998 1095 2057 Harl.
1113 2017 1131 2056 ι.
1157 2000 1254 2063 „utet

810 2090 954 2170 plebaes“.
973 2121 1007 2130 -
1033 2087 1055 2144 P
1073 2107 1109 2144 m.
1129 2088 1165 2155 1.;
1183 2099 1253 2136 suru-

811 2200 872 2236 mus
890 2198 968 2236 onos.

742 2269 785 2325 11.
813 2268 868 2345 qui
882 2266 1038 2322 crederent
1054 2258 1206 2316 duobusne
1224 2255 1254 2307 in

811 2355 886 2410 locis
904 2372 962 2409 sua
980 2351 1132 2407 uoluntate
1151 2346 1254 2416 imper-

812 2443 920 2497 tituros
928 2439 1010 2513 plebi
1020 2436 1176 2493 honorem:
1193 2426 1253 2497 Pul]

225 2537 286 2573 man
306 2520 381 2576 nicht
398 2522 513 2596 glauben
526 2543 612 2611 genpg
630 2545 670 2580 er·

224 2604 312 2661 reielrt
334 2627 366 2663 ιιι
388 2607 490 2679 baben,
517 2631 600 2667 wenu
626 2612 671 2668 bei

226 2688 276 2751 der
288 2691 462 2753 Consulwalrl
472 2697 541 2754 auch
558 2697 606 2755 aui
611 2696 670 2754 Ple-

226 2777 301 2853 bejer
329 2780 477 2840 Riclsicirt
512 2805 670 2859 genommeu

226 2865 337 2923 werden
347 2868 458 2928 lbnnle:
468 2893 549 2930 wenn
560 2874 671 2930 esuiclrt

226 2970 274 3008 zur
291 2954 497 3016 nnerltlslichen
511 2961 672 3037 Bedingung

131 3070 136 3081 ι
225 3039 347 3110 gemacht
358 3041 459 3108 werde,
477 3045 539 3100 dass
550 3046 599 3101 der
611 3050 671 3102 eine

228 3121 332 3179 Consul
354 3125 487 3185 durebaus
511 3133 555 3186 ein
578 3130 670 3188 Plebe-

226 3208 268 3281 jer
283 3213 343 3267 sein
354 3220 453 3283 musso,
470 3216 563 3274 werde
579 3218 672 3276 lreiner

227 3315 281 3352 von
298 3297 380 3358 ibnen
398 3301 467 3387 darn
482 3303 642 3366 kommeaffi

174 3381 201 3438 7,
227 3402 269 3438 ora
298 3387 358 3443 ιἰιιιι
386 3380 529 3450 memorio
555 3397 672 3452 exisse:

226 3465 337 3527 Pl-
359 3475 470 3537 Harii.
487 3479 614 3541 Leidr..
637 3502 673 3538 au

228 3556 282 3610 iam
298 3567 455 3621 memoriam
473 3571 570 3627 exisse.
588 3568 631 3626 Cf.
645 3572 672 3638 ἓ,

228 3641 268 3698 8.:
296 3650 410 3720 „credo,
427 3657 490 3731 qnia
507 3654 580 3711 nulla
597 3667 673 3729 gesta

228 3745 273 3782 rea
289 3732 420 3810 inaignenr
440 3740 536 3799 fecerit
552 3745 672 3801 consula·

228 3821 300 3885 laur,
322 3828 450 3882 memoria
467 3831 637 3889 intercidisse
646 3838 674 3892 “.

229 3926 265 3941 -·
287 3903 312 3957 P
332 3929 367 3966 u.
391 3916 432 3972 1.:
453 3919 546 3976 creati.
575 3939 611 3977 ur.
634 3921 673 3980 ⁸2:

229 3991 325 4049 treari.

176 4067 205 4126 9·
231 4080 266 4127 ἰ
280 4084 311 4133 ‘⁸
323 4080 438 4151 Ριθόθῖδ
454 4096 574 4183 (θάπτέ
594 4112 672 4150 sunr-

814 2529 862 2605 qui
891 2526 1030 2582 crederent
1057 2520 1161 2579 duobus
1182 2534 1254 2570 nunc

813 2617 841 2670 in
859 2613 927 2669 loeis
945 2633 993 2668 sua
1004 2608 1140 2668 voluntate
1155 2607 1254 2678 impar·

811 2704 910 2758 tituros
927 2709 979 2759 cet.
1001 2729 1035 2740 -
1064 2697 1141 2755 lluno
1163 2690 1255 2745 locum

812 2787 991 2844 difficiliorem
1013 2805 1061 2841 sua
1084 2782 1196 2859 quisque
1213 2796 1254 2830 ra·

811 2879 886 2933 trone
894 2878 1053 2954 interpretes
1063 2867 1253 2928 emendareco

811 2967 869 3019 nati
885 2974 958 3023 aunt.
984 2962 1051 3019 Tan.
1069 2958 1155 3015 Faber
1172 2950 1256 3009 scribi

811 3050 897 3108 voluit
932 3048 1048 3127 „qnidl
1082 3043 1257 3102 credereutno

813 3138 944 3196 dnobus
936 3160 965 3196 ιιι
982 3136 1076 3193 locis“
1094 3143 1144 3189 eet.
1166 3127 1199 3186 C.
1211 3127 1255 3182 Si·

812 3229 942 3300 gomor,
944 3228 1019 3304 ‚quia
1042 3221 1162 3281 crederet
1187 3215 1255 3272 duo-

811 3313 920 3371 busne
910 3335 939 3370 ιιι
954 3315 1045 3370 locis“
1057 3321 1108 3368 cet.
1109 3324 1208 3384 ‚quem
1221 3301 1256 3357 ad

811 3400 948 3457 modurn
940 3422 968 3459 ru
985 3396 1077 3456 multis
1094 3417 1163 3453 rece.
1176 3389 1257 3449 codd.

812 3488 942 3561 scriptum
967 3496 1016 3545 est.
1054 3485 1075 3541 l.
1104 3483 1149 3540 fr.
1172 3481 1257 3538 Gron.

814 3576 868 3650 qui
886 3575 1042 3633 crederent
1065 3569 1177 3655 delenda
1195 3588 1258 3624 cene

812 3663 876 3721 suit
894 3664 946 3721 lae.
965 3663 1049 3719 Gron.
1067 3679 1117 3736 pro
1135 3679 1173 3714 rae
1189 3656 1256 3727 spri-

811 3752 869 3825 psit
890 3771 980 3817 nunc,
1005 3748 1079 3826 qnod
1101 3743 1257 3802 recentiori-

813 3836 865 3892 bus
891 3858 971 3915 quarn
998 3838 1112 3893 maxime
1140 3831 1256 3910 proban·

813 3921 879 3980 dum
905 3926 1053 3982 ridebatur.
1088 3921 1137 3978 sed
1164 3939 1256 3997 quarn·

813 4029 893 4085 quem
909 4031 947 4068 oe
964 4022 993 4068 et
1008 4032 1046 4068 oe
1062 4007 1106 4068 rel
1122 4028 1201 4065 nunc
1217 4009 1258 4062 iu·

813 4099 919 4159 lordum
941 4103 1022 4158 erim
1042 4101 1072 4155 in
1094 4097 1204 4176 optimis
1224 4093 1256 4149 li-
