2618 4590
168 278 213 348 ot
533 242 538 251 ’
572 274 582 287 ·
639 288 749 350 rura
767 290 810 352 u

168 457 297 525 fortuna
320 454 394 523 illos
415 455 514 524 fretos
536 455 576 522 ad
590 394 696 522 Aliam
717 455 918 523 constitisse?
936 478 1000 523 nec
1019 455 1081 524 illis
1103 456 1135 523 di
1154 455 1274 522 inmor-

166 561 249 628 tales
272 559 415 628 certioris
437 559 613 651 quidquam
633 559 769 629 fiduciae
796 560 965 630 maiorisve
986 562 1075 652 quod
1102 560 1143 627 sit
1165 559 1275 626 auxilii

168 665 321 734 dederint.
360 676 393 732 at
414 677 450 732 tu
472 664 572 734 fretus
594 663 690 732 armis
718 664 893 757 animisque
922 667 1087 734 concitatis
1116 665 1207 756 equis
1228 665 1276 732 in·

167 771 249 838 vade
270 771 410 838 mediam
432 769 549 838 aciem:
577 794 637 860 ego
661 793 736 838 curn
756 769 935 861 legionibus
959 770 992 838 in
1013 770 1158 838 turbatos
1179 769 1275 860 trepi-

23 874 27 879 ’
132 868 345 966 5dan'tesque
367 875 503 942 inferam
525 875 623 965 signa.
660 876 770 942 adeste
793 875 836 941 dii
856 887 956 944 testes
984 874 1137 957 foederis,
1166 882 1200 941 et
1222 896 1276 941 ex·

34 973 37 977 ’
168 982 267 1073 petite
290 1002 412 1073 poenas
437 980 557 1047 debitas
581 970 675 1048 simul
697 979 788 1049 vobis
810 979 936 1047 violatis
956 980 1114 1070 nobisque
1142 1001 1202 1069 per
1222 1001 1275 1044 ve·

168 1098 271 1153 strum
293 1106 414 1152 numen
442 1084 619 1175 deceptis“.
658 1109 725 1153 non
753 1084 895 1176 equitem
922 1108 989 1151 nou
1015 1085 1159 1174 peditem
1184 1081 1275 1149 susti·

166 1215 266 1279 nuere
286 1189 498 1259 Praenestini:
532 1191 636 1281 primo
658 1189 782 1280 impetu
804 1213 843 1256 ac
865 1189 1005 1257 clamore
1032 1187 1173 1277 dissipati
1196 1185 1277 1255 ordi·

166 1319 226 1362 nes
247 1306 336 1362 sunt:
375 1294 448 1361 dein
469 1307 642 1386 postquam
663 1295 753 1362 nullo
776 1295 850 1362 loco
876 1293 1044 1362 constabat
1065 1293 1165 1375 acies,
1186 1303 1276 1383 terga

121 1411 296 1470 roverium
324 1400 582 1490 consternatique
612 1410 645 1466 et
671 1410 798 1489 praeter
827 1411 928 1466 castra
957 1399 1054 1465 ctiam
1075 1419 1133 1464 sua
1155 1418 1277 1488 pavore

159 1504 304 1594 praelati
325 1529 391 1571 non
413 1504 500 1594 prius
523 1528 559 1570 se
582 1504 622 1570 ab
646 1504 747 1571 effuso
772 1527 865 1571 cursu
887 1504 1002 1571 sistunt
1028 1525 1127 1594 quam
1148 1500 1181 1567 in
1204 1524 1278 1569 con·

170 1620 283 1700 spectu
300 1609 473 1676 Praeneste
495 1608 564 1675 fuit.
600 1607 644 1674 ibi
667 1632 708 1674 ex
731 1607 806 1698 fuga
822 1608 962 1698 dissipati
978 1608 1088 1674 locum
1110 1630 1210 1698 quem
1230 1616 1279 1673 tu·

166 1708 337 1782 multuario
362 1738 460 1804 opere
484 1712 720 1779 communirent
741 1713 884 1804 capiunt,
919 1736 961 1778 nc
990 1712 1017 1777 si
1043 1712 1125 1779 intra
1149 1710 1276 1779 moenia

80 1890 84 1901 ,
167 1841 202 1885 se
224 1818 429 1907 recepissent,
452 1817 617 1906 extemplo
632 1829 778 1884 ureretur
799 1843 873 1908 ager
888 1815 1154 1908 depopulatisque
1177 1816 1276 1884 omni·

69 1974 72 1981 .
120 1923 227 1990 15bus
251 1923 374 1989 obsidio
397 1921 469 1987 urbi
484 1921 662 1989 inferretur.
700 1923 759 1988 sed
779 1933 953 2013 postquam
967 1921 1097 2012 direptis
1120 1922 1161 1987 ad
1171 1921 1276 1988 Aliam

167 2028 276 2095 castris
298 2028 402 2096 victor
424 2026 591 2095 Romanus
615 2017 739 2110 adeiat,
765 2027 798 2093 id
819 2048 950 2118 quoque
972 2026 1208 2093 munimentum
1229 2049 1276 2093 re-

184 2219 211 2277 1.
237 2239 291 2274 nec
320 2220 398 2274 illis:
421 2216 489 2274 Pida
512 2215 540 2272 b.
559 2237 582 2275 e.
608 2236 688 2284 „non
828 2214 1209 2274 sustinuerePraenctrtini:
1219 2213 1276 2273 ΡΜ.

238 2307 341 2361 enim“.
363 2320 424 2359 narn
444 2306 523 2360 etiam
542 2302 688 2360 causalium
830 2335 865 2345 —
883 2302 965 2360 Recc.
984 2302 1058 2380 quid.
1077 2301 1173 2361 codd:
1196 2304 1276 2359 susti·

238 2391 457 2466 coniunctionum
482 2408 579 2447 sensns
606 2392 688 2446 inter·
829 2410 903 2449 nere.

240 2477 305 2533 dnm
328 2477 527 2552 exprimebatur
548 2477 688 2554 particulis
766 2479 803 2538 ·9.
830 2479 900 2534 dein
909 2483 1085 2551 postquam:
1097 2475 1147 2533 PM
1157 2475 1235 2536 Leid.
1247 2479 1276 2550 1.]

240 2562 414 2640 copulativis:
433 2567 487 2620 nisi
500 2564 569 2621 forte
584 2563 687 2620 aLivio
832 2562 1079 2642 deindepostqnam
1089 2564 1278 2637 (recc.codd.).

237 2649 291 2707 boc
309 2650 370 2707 loco
388 2671 443 2708 nec
456 2654 533 2708 enim
546 2653 607 2709 illis
621 2653 687 2706 scri·
829 2650 873 2709 Cf.
892 2653 919 2718 6,
938 2652 982 2709 13.
1188 2665 1192 2671 ’

237 2749 315 2815 ptum
343 2748 399 2806 est,
429 2759 482 2816 quo
507 2737 538 2795 id
560 2737 635 2814 quod
658 2740 688 2794 in
761 2741 804 2798 10.
831 2747 1102 2812 etpraetercaalro
1113 2738 1202 2796 etiam
1219 2736 1277 2796 aaa

238 2826 316 2886 Leid.
329 2825 445 2889 alloes.
458 2847 487 2886 11.
504 2825 537 2885 al.
556 2835 597 2882 est
614 2845 688 2894 „nec
826 2845 942 2902 pauore
957 2827 1100 2898 praelati:
1118 2824 1176 2886 PM.
1198 2825 1276 2900 Sigo-

224 2917 268 2970 ·in
287 2914 363 2971 illis‘⁴
383 2915 481 2971 ducere
498 2913 631 2972 videatur.
652 2940 687 2952 -—
829 2914 891 2968 nius
901 2914 1013 2986 perlati
1023 2913 1106 2969 scribi
1117 2912 1212 2972 voluit.
1231 2911 1275 2972 Cl'.

237 3000 276 3056 It:
296 3003 336 3058 di.
829 3002 856 3067 7,
867 3002 923 3055 24:
941 3009 969 3054 et
979 3008 1086 3075 practer
1099 3009 1186 3057 casira
1195 3004 1276 3059 etiarn

63 3133 65 3136 ⁴
184 3089 212 3143 3.
239 3096 271 3142 at
287 3096 320 3141 tu
331 3087 437 3157 fretus
455 3088 549 3143 armis
567 3087 688 3143 animia·
829 3105 878 3142 sna
897 3085 958 3160 luga
975 3085 1096 3161 praelati.
1113 3087 1148 3147 al.
1169 3089 1196 3158 5,
1215 3091 1274 3148 26.ε

240 3193 312 3251 que:
331 3170 362 3232 P.
375 3203 409 3214 -
427 3171 468 3228 ill:
487 3184 538 3240 „at
555 3182 585 3229 tu
603 3173 687 3230 fretus
828 3181 860 3229 nt
877 3172 961 3228 effusa
979 3172 1040 3254 luga
1062 3183 1150 3230 castra
1172 3192 1221 3231 sna
1239 3204 1275 3218 -

185 3250 187 3255 ¹
239 3263 363 3337 armiaq.
400 3263 508 3317 animia
545 3262 687 3316 concitatis
827 3257 941 3338 praelati
957 3261 1051 3317 urbem
1068 3269 1198 3339 peterent

238 3350 337 3424 equis“
365 3357 415 3407 cet.
454 3347 576 3404 Dubium
604 3349 687 3423 igitur
759 3350 801 3406 13.
828 3351 1053 3405 communirent:
1065 3347 1222 3408 P.-·t1m.
1237 3349 1271 3407 1.:

204 3461 207 3465 ·
236 3436 361 3492 videatur
384 3457 418 3493 an
434 3435 468 3495 L.
486 3437 639 3511 armisque
657 3444 688 3492 et
829 3437 964 3503 communi
982 3444 1086 3494 nerent.
1113 3455 1149 3493 rn.
1166 3436 1209 3492 3.':
1227 3455 1274 3492 uc·

238 3526 345 3579 animis
364 3525 516 3602 scripserit:
535 3531 566 3578 nt
583 3525 608 3592 2,
627 3525 685 3580 57.=
827 3529 900 3577 rant.
927 3551 961 3562 -
991 3520 1068 3580 Laid.
1094 3542 1111 3580 r.
1141 3522 1274 3600 multique

237 3611 392 3686 tribunique
410 3621 438 3667 et
460 3609 593 3670 consules.
629 3609 686 3667 Sed

239 3695 273 3754 ci.
291 3698 317 3765 6,
339 3701 382 3756 nt.

765 3680 769 3687 Ι
826 3628 896 3668 rece.
916 3608 1008 3669 codd:
1032 3619 1156 3668 ureretur
1172 3619 1272 3668 extem·

825 3695 872 3776 plo
891 3716 961 3772 ager.

186 3783 214 3842 5.
241 3792 271 3839 et
288 3785 429 3858 expetite:
447 3783 505 3843 ΡΜ.
518 3816 552 3825 -
565 3782 639 3843 Harl.
652 3805 683 3844 1.:
756 3785 798 3843 15.
825 3785 870 3841 ad
901 3786 1023 3842 Aliam.-
1064 3783 1113 3841 Pili
1148 3782 1226 3846 Laid
1254 3805 1273 3846 1.

47 3916 51 3923 ,
131 3908 138 3922 .
239 3879 267 3926 et
284 3871 465 3947 expedite—
483 3872 522 3929 ill:
540 3893 624 3948 penas
638 3872 684 3927 dc-

237 3958 317 4017 bitas.
334 3956 457 4018 Pm.1.:
474 3961 579 4038 plenas.
597 3962 683 4019 mic
702 3962 703 3967 ’

236 4066 347 4123 poenas.

184 4136 211 4193 7.
237 4153 297 4191 non
325 4137 453 4214 equitem
475 4154 535 4196 non
548 4133 683 4210 peditem

824 3871 1002 3930 Voss.1‘r.'al.
1020 3903 1055 3914 —
1076 3872 1099 3928 P
1116 3893 1152 3929 m.
1173 3875 1213 3932 1.:
1231 3875 1272 3930 ui·

825 3969 884 4016 ctor
911 3961 1039 4017 romanis.
1070 3988 1105 4001 ·-
1143 3959 1272 4026 Havete:

823 4047 968 4106 munimen.
985 4043 1063 4106 Laid.
1075 4065 1107 4106 n:
1119 4048 1271 4106 monimen·

824 4143 890 4194 tum.
927 4146 929 4152 ’
