2618 4590
178 285 245 355 382
633 298 740 360 smum
758 300 828 362 vlss.

637 398 643 435 e

179 461 398 553 exploratores
419 465 616 556 conperisset
641 464 772 556 perinde
794 469 900 533 omnia
930 467 1035 533 soluta
1064 468 1156 558 apud
1178 465 1272 534 hostes

179 592 252 637 esse
273 593 311 636 ac
332 569 477 636 sinemo
500 570 663 637 Romanus
684 564 721 636 im‘
739 570 871 638 Samnio
895 582 989 655 esset,
1011 595 1070 638 seu
1093 572 1192 639 ferox
1214 573 1271 638 adu-

72 678 75 689 '
176 675 302 742 lescens
325 674 507 764 indignitate
530 698 682 742 accensus
705 676 793 766 quod
822 676 930 744 omnia
956 677 989 742 in
1016 676 1178 743 dictatore
1204 676 1270 744 vide-
1308 738 1309 742 ,

176 792 286 848 rentur
307 780 447 870 reposita
469 803 550 864 esse,
573 804 632 848 seu
654 781 821 849 occasione
844 782 927 849 bene
945 781 1105 871 gerendae
1128 781 1180 848 rei
1200 780 1270 847 iudu-
1308 790 1309 812 ³

146 897 263 968 5ctus‚
299 885 442 952 exercitu
469 885 623 953 instructo
652 897 828 978 paratoque
855 887 1019 977 profectus
1046 887 1088 952 ad
1109 886 1271 952 Inbrinium
1308 882 1309 967 J

175 1028 222 1041 -
243 991 287 1058 ita
308 1001 427 1058 vocant
447 989 558 1056 locum
579 1027 624 1040 -
645 990 713 1057 acie
736 1014 811 1058 cum
832 990 1028 1058 Samnitibus
1055 992 1213 1059 conflixit
1243 1015 1271 1067 ea

176 1096 304 1164 fortuna
326 1119 452 1184 pugnae
475 1095 534 1161 luit
561 1107 598 1162 ut
625 1095 702 1161 nihil
730 1097 884 1163 relictum·
898 1095 940 1163 sit
961 1119 1047 1187 quo,
1075 1096 1104 1163 si
1132 1095 1272 1162 adlisisset

176 1200 320 1282 dictator,
342 1222 394 1266 res
416 1199 531 1266 melius
553 1197 619 1290 geri
641 1202 795 1290 potueritz
817 1225 883 1267 non
906 1201 972 1267 dux
993 1200 1087 1267 militi
1102 1224 1172 1267 non
1194 1201 1271 1266 miles

177 1305 251 1373 duci
274 1303 389 1372 defuit:
418 1328 517 1395 eques
540 1305 636 1371 etiam
665 1317 793 1373 auctore
815 1305 852 1373 L.
875 1304 1023 1372 Cominio
1053 1304 1185 1373 tribuno
1207 1304 1271 1372 mili·

129 1425 165 1480 10
176 1421 261 1493 turn,
284 1409 340 1500 qui
361 1408 551 1499 aliquotiens
573 1410 696 1500 impetu
718 1423 811 1501 capto
834 1433 1041 1502 perrumpere
1067 1433 1135 1477 non
1159 1419 1273 1500 poterat

174 1513 317 1582 hostium
340 1536 470 1604 agmen,
505 1514 642 1583 detraxit
670 1516 777 1583 frenos
805 1515 896 1606 equis
920 1526 1017 1605 atque
1040 1516 1083 1582 ita
1106 1516 1273 1585 concitatos

174 1618 350 1687 calcaribus
377 1621 521 1710 permisit
548 1633 586 1689 ut
607 1619 763 1716 sustinere
792 1644 848 1688 cos
877 1621 965 1687 nulla
980 1621 1035 1699 ‚vis
1060 1632 1192 1710 posset:
1226 1642 1273 1709 per

174 1748 262 1791 arma
284 1747 343 1815 per
364 1725 450 1793 viros
478 1725 543 1794 late
572 1738 710 1816 stragem
733 1726 864 1794 dedere:
903 1738 1033 1794 secutus
1061 1725 1164 1814 pedes
1186 1725 1274 1814 impe·

244 1881 285 1940 M:
303 1884 538 1959 ‚‚quefabius“:
557 1905 619 1941 cum
634 1905 692 1960 que
756 1888 758 1900 '
832 1883 873 1942 lll:
891 1884 929 1940 its
948 1893 1048 1939 uocant
1063 1881 1164 1943 locum.
1192 1881 1228 1940 P:
1244 1883 1275 1937 its

244 1970 407 2027 scriberetur
424 1991 475 2049 pro
495 1993 523 2050 q.
542 1984 573 2045 pt
591 1976 690 2050 saepis·
832 1973 928 2028 uocaui
945 1971 1046 2029 locum.

244 2059 312 2114 sime
330 2059 405 2118 elias.
424 2059 458 2118 cl'.
477 2063 505 2128 6,
522 2064 560 2118 d:
579 2060 614 2134 Q.
628 2061 690 2116 Ser·
779 2061 806 2118 7.
834 2080 892 2134 quo
921 2059 950 2115 si
972 2057 1128 2131 adfuisset
1153 2059 1277 2111 dictator

242 2144 300 2204 vili.
312 2149 339 2213 8.
349 2150 407 2206 235
417 2147 452 2221 Q.
462 2147 594 2205 Publilius
605 2148 690 2205 Philo.

191 2233 215 2290 1.
243 2235 344 2288 omnia
361 2236 462 2291 soluta
483 2237 567 2310 apud
588 2236 691 2293 hostes

242 2339 324 2375 esse:
347 2320 374 2376 lll
395 2321 468 2378 llarl.
487 2342 504 2381 1.
527 2322 578 2394 sl]
601 2325 690 2378 omnia

242 2404 330 2461 soluta
355 2408 426 2485 apud
448 2409 541 2464 hostes
567 2409 629 2478 (P).
656 2443 690 2453 -

243 2493 276 2549 ln
285 2491 360 2549 Leid.
373 2515 390 2552 1.
408 2494 489 2554 Voss.
499 2515 525 2551 u.
537 2495 605 2554 Lov.
618 2499 643 2555 tl.
657 2497 690 2556 al.
718 2558 721 2569 Ι

244 2582 376 2656 scriptum
397 2583 506 2660 quidem
526 2593 569 2640 est
591 2587 691 2641 omnia

244 2669 346 2724 soluta
371 2670 455 2745 apud
482 2671 584 2730 hostes
614 2693 690 2742 esse,

176 2796 186 2806 .
242 2754 293 2811 sed
323 2777 392 2832 quse
423 2770 571 2835 sequuntur
599 2781 637 2817 ae
663 2763 692 2817 si

243 2863 328 2900 nemo
351 2865 494 2903 romanus
516 2850 547 2904 in
573 2850 689 2906 samnio

244 2942 325 2989 esset
347 2935 512 2994 exciderunt.
534 2967 570 2980 -·
596 2935 640 2996 cl.
662 2940 689 3006 5,

238 3020 301 3076 ml:
329 3039 389 3076 cum
407 3030 449 3077 tot
466 3043 515 3097 per
533 3023 590 3079 dies
608 3045 687 3081 memo

242 3123 273 3160 so
300 3105 333 3160 sb
363 3109 524 3165 stationibus
550 3109 688 3167 Romanus

224 3197 381 3252 ‘movisset
399 3196 426 3262 3,
443 3182 488 3253 to.
506 3194 540 3256 u.
564 3225 599 3239 -
626 3198 688 3253 em

241 3302 291 3339 seu
309 3282 385 3338 ferox
403 3280 570 3343 adulescens.
593 3314 628 3327 ·-
653 3284 688 3341 P:

241 3389 290 3427 seu
309 3373 474 3431 occassione.
576 3407 579 3415 ·

187 3458 215 3515 ὅ.
242 3461 377 3516 exercitu
399 3460 542 3516 instructo
567 3467 688 3534 parato-

143 3564 150 3571 ’
242 3566 301 3622 que
321 3547 493 3623 profectus:
514 3546 542 3604 lll
560 3565 595 3609 m.
613 3549 639 3606 2.
656 3546 688 3605 P.

241 3666 277 3678 -··
288 3632 316 3690 lll
328 3656 363 3692 m.
383 3637 422 3692 1.:
442 3635 573 3690 exereitus
590 3635 689 3690 instru-

121 3772 123 3777 .
242 3731 303 3776 ctus
324 3730 470 3799 paratoque
489 3733 541 3780 cet.
564 3753 596 3765 -
624 3721 687 3779 Pll:

242 3806 278 3863 ad
289 3807 444 3862 inbrinium.
463 3806 535 3865 Harl.
550 3828 568 3866 1.
583 3806 633 3866 sl:
652 3808 687 3865 ad

240 3893 413 3953 umbriuium.
424 3893 455 3950 In
463 3893 541 3952 Leid.
547 3915 565 3954 1.
574 3895 651 3953 Voss.
658 3916 686 3955 11.

240 3980 308 4042 Poll.
327 3985 352 4040 1.
369 3984 395 4041 3.
413 3982 481 4041 Lov.
500 3986 525 4041 4.
543 3982 686 4059 multisque
713 3991 730 4025 '-

240 4067 302 4124 eliis
319 4067 400 4128 codd.
417 4071 604 4146 praetermissa
622 4079 686 4125 suut

239 4153 399 4227 profectos
412 4155 457 4213 ad
471 4155 638 4221 inermium.
648 4186 684 4201 ν-

832 2167 883 2203 res
912 2148 1019 2203 melius
1043 2144 1114 2223 geri
1135 2143 1277 2219 potuerit:

831 2233 867 2290 lli.
887 2267 920 2276 —
940 2234 961 2290 P
980 2232 1028 2291 al:
1047 2228 1121 2308 quod
1139 2231 1164 2287 si
1181 2229 1277 2286 adluis·

834 2318 883 2376 set'
894 2321 1010 2376 dictator
1026 2327 1079 2377 ret.

779 2410 806 2466 9.
834 2417 955 2465 auctore
972 2410 1007 2466 L.
1023 2405 1156 2464 Cominio
1175 2411 1214 2463 tr.
1231 2405 1280 2459 mi·

831 2497 933 2552 litum.-
946 2494 968 2550 P
980 2515 1016 2554 m.
1029 2493 1100 2552 ult
1113 2490 1278 2551 -Pm.l.:

767 2608 768 2611 ¹
832 2581 850 2641 l.
869 2585 1003 2641 comunio.
1025 2612 1062 2624 -
1087 2579 1146 2638 Pul:
1165 2580 1214 2653 qui
1233 2576 1279 2634 ali·

832 2673 958 2747 quotiens
982 2673 1084 2745 impetu
1111 2674 1204 2746 capto
1218 2687 1279 2744 per-

832 2778 957 2836 rumpere
975 2777 1030 2813 mon
1043 2761 1149 2831 poterat
1160 2750 1280 2809 hostium
1302 2800 1306 2805 .

831 2864 935 2920 agmen.
971 2843 1015 2903 Cf.
1042 2846 1073 2911 7,
1097 2843 1159 2899 242
1186 2844 1280 2897 cuneis

831 2931 934 2988 deinde·
944 2933 973 2987 in
985 2929 1101 2987 medium
1113 2947 1208 3003 agmen
1221 2950 1280 3006 per·

830 3029 967 3094 rumpunt.
982 3049 1016 3061 -
1033 3015 1072 3074 lt:
1090 3015 1209 3072 detraxit
1228 3017 1279 3072 sre-

830 3126 881 3162 nos
900 3105 961 3184 adq.
977 3109 982 3177 Ι
998 3108 1035 3162 ita
1058 3104 1208 3162 concitatos
1228 3102 1279 3160 esl-

831 3195 937 3251 carlbus
964 3191 1095 3271 permisit.
1122 3187 1151 3246 ll
1178 3210 1215 3250 m.
1239 3194 1277 3249 Ἅι

831 3280 923 3338 frenos
942 3300 990 3358 eps
1009 3278 1070 3356 adq.
1086 3280 1092 3350 Ι
1108 3279 1146 3334 its
1164 3286 1214 3337 eet.
1233 3277 1278 3337 Cf.

715 3390 717 3394 ’
829 3371 860 3437 3,
878 3373 939 3427 70.:
964 3375 1016 3444 que
1036 3367 1186 3444 permissus
1203 3367 1277 3445 equi·

829 3467 901 3514 tatus
919 3457 1073 3513 turbaverat
1091 3454 1211 3513 ordines.

760 3544 803 3604 12.
828 3564 885 3620 per
910 3563 998 3600 arma
1021 3562 1077 3618 per
1103 3545 1187 3607 uiros
1216 3543 1277 3600 late

829 3643 963 3713 stragem
992 3632 1118 3688 dedere:
1147 3628 1205 3687 Pul.
1244 3627 1275 3683 ln

829 3719 897 3780 Lov.
911 3723 937 3780 4.
951 3720 1052 3777 excidit
1063 3721 1131 3776 late.
1144 3712 1274 3780 -Paulo

828 3818 892 3884 post
917 3808 981 3862 Plll:
1010 3823 1047 3861 xx
1078 3806 1128 3862 mul
1156 3802 1275 3871 bostium

827 3913 903 3951 caesa
923 3914 955 3952 eo
973 3893 1018 3949 die
1036 3893 1188 3950 traduntur.
1199 3888 1274 3948 -Μ

827 4003 862 4040 m.
876 3985 914 4040 1.=
933 3979 1273 4061 spudantiquissimoseri-

826 4078 934 4147 ptores?
946 4099 980 4114 -·
1003 4068 1026 4125 P
1043 4088 1078 4127 m.
1098 4071 1138 4126 1.2
1155 4076 1273 4144 praeter·

826 4158 893 4214 mise
910 4163 960 4214 cst
