2618 4590
56 342 62 359 ³
172 248 240 320 298
439 282 443 290 ‚
631 218 740 319 unm
758 258 827 320 nn.

170 425 281 508 deum,
308 446 391 516 quos
420 431 518 490 testes
552 421 721 489 foederum
749 421 876 512 saepius
898 419 1092 490 invocabant
1120 423 1280 507 consules,

171 527 393 598 vocemmnni
414 525 593 618 spernentis
607 527 739 594 numina
754 527 838 596 lovis
854 527 991 594 Romani
1008 526 1167 592 auditum:
1192 538 1277 596 certe

174 658 250 702 cum
270 645 454 702 ‘commotus
470 632 516 698 ira
535 654 605 698 sea
628 632 786 700 vestibulo
803 633 915 722 templi
938 633 1034 700 citato
1058 632 1157 723 gradu
1180 633 1278 723 prori-

86 820 91 835 .
170 749 271 829 peret,
293 738 401 829 lapsus
424 761 483 829 per
504 737 619 827 gradus
636 737 740 828 capite
755 737 891 827 graviter
907 738 1029 804 offenso
1044 736 1192 826 inpactus
1212 738 1276 805 imo

133 843 211 911 sita
239 855 289 913 est
316 866 396 911 saxo
423 853 461 911 ut
495 842 663 931 sopiretur.
698 841 915 908 exanimatum
942 852 1088 908 auctores
1123 842 1275 933 quoniam

168 972 234 1015 non
257 971 370 1016 omnes
392 958 482 1030 sunt,
512 946 591 1012 mihi
614 970 744 1038 quoquo
766 946 799 1012 in
820 947 942 1014 incerto
971 946 1118 1014 relictum
1141 949 1197 1030 sit,
1231 948 1275 1016 sic

167 1061 204 1121 ut
226 1051 309 1120 inter
330 1052 498 1120 foederum
512 1046 681 1142 ruptorum
695 1051 899 1119 testationem
915 1052 1033 1142 ingenti
1048 1052 1174 1143 fragore
1195 1053 1274 1122 caeli

166 1157 345 1247 procellam
368 1158 518 1224 effusam:
541 1181 617 1223 nam
639 1168 673 1224 et
693 1181 770 1224 vera
793 1179 864 1223 csse
888 1167 920 1223 et
942 1167 1015 1247 apte
1031 1157 1070 1223 ad
1089 1180 1274 1248 repraesen-

7 1324 11 1345 ,
53 1282 55 1287 ·
164 1260 298 1328 tundam
322 1261 403 1328 iram
426 1262 522 1328 deum
544 1260 617 1328 fictu
632 1271 779 1353 possunt.
818 1261 1002 1360 Torquatus
1024 1262 1142 1329 missus
1164 1262 1202 1329 ab
1225 1286 1273 1328 se-

15 1398 19 1405 ·
120 1381 155 1436 10
166 1375 245 1432 natu
267 1365 307 1431 ad
330 1366 534 1434 dimittendos
557 1365 679 1456 legatos
702 1389 777 1433 curn
798 1365 956 1433 iacentem
971 1365 1111 1433 Annium
1132 1367 1273 1450 vidisset,

165 1469 325 1538 exclamat
346 1470 390 1538 ita
411 1481 448 1537 ut
473 1469 595 1560 populo
623 1470 832 1563 patribusque
860 1469 966 1537 andita
987 1495 1053 1538 vox
1074 1471 1193 1561 pariter
1215 1472 1271 1539 sit:

164 1573 273 1658 „leue
295 1575 409 1643 habet:
432 1574 474 1642 dii
496 1572 586 1665 pinni
608 1598 741 1645 movere
763 1575 900 1642 bellum:
923 1586 972 1642 est
987 1576 1125 1644 caeleste
1139 1599 1271 1663 numen,

163 1702 199 1746 cs
220 1703 336 1770 magne
351 1680 507 1770 luppiter:
529 1678 616 1748 hand
637 1682 753 1749 frustra
775 1694 808 1750 te
830 1692 956 1772 patrem
971 1681 1068 1746 deum
1089 1680 1271 1748 hominum·

132 1834 137 1845 .
162 1807 226 1875 que
247 1783 309 1852 hac
331 1785 408 1852 sede
430 1785 636 1854 sacravimus.
676 1787 753 1880 qnid
775 1786 906 1855 cessatis
922 1785 1061 1873 Quirites
1076 1808 1202 1878 vosque
1217 1810 1270 1877 pa-

177 2005 204 2063 2.
232 2024 334 2062 uocem
349 2005 433 2062 Anni
442 2007 609 2080 spernentis
628 2027 681 2064 nu·
822 2007 866 2064 ud
886 2005 1172 2081 repraesentandum
1191 2007 1270 2062 irum

224 2094 327 2149 mino:
353 2089 381 2147 ll
407 2113 442 2150 m.
471 2094 495 2151 1.
524 2093 545 2149 P
566 2092 640 2154 Harl.
660 2115 679 2154 1.
822 2095 909 2152 deum
920 2095 1000 2171 ficta
1014 2102 1158 2169 possunt:
1180 2091 1211 2149 P.
1235 2126 1269 2136 -

230 2178 309 2238 Laid.
327 2180 362 2250 n]
393 2198 488 2236 vocem
514 2177 598 2236 Annii
628 2190 680 2240 cet.
820 2181 862 2240 ll:
882 2201 945 2238 nam
963 2189 1151 2236 etncraesset
1168 2190 1268 2259 ctaptc

231 2262 276 2336 (11
294 2287 330 2325 m.
347 2267 397 2333 1.).
821 2279 871 2329 cet.
882 2268 999 2325 -llarl
1010 2268 1267 2346 atfictapoetsnnt.

88 2418 100 2427 ,
174 2377 203 2435 3.
230 2396 251 2432 a
287 2374 449 2432 uestibulo:
480 2371 529 2428 Pul
557 2371 631 2434 Harl.
660 2395 678 2432 ι,
751 2359 794 2417 11.
819 2359 929 2434 populo
939 2354 1266 2434 patribusquerl'lI.-

230 2460 311 2522 Voss.
324 2481 351 2519 n.
364 2459 413 2532 al]
433 2461 467 2517 ab
485 2461 628 2521 vestibulo.
642 2495 678 2506 -
820 2445 897 2504 1111·
915 2465 947 2505 ¹·=
964 2445 1086 2522 pulsibus
1104 2441 1268 2521 populoque.

228 2547 252 2606 P
269 2569 305 2608 m.
327 2553 365 2607 1.:
382 2547 493 2624 templo,
511 2547 533 2605 P
547 2569 583 2605 m,
596 2550 621 2608 2,
634 2547 677 2606 ll:
819 2563 854 2576 -
864 2533 900 2590 P:
914 2533 1031 2610 auditaq.
1042 2534 1206 2609 noxpariter
1215 2533 1258 2589 sit.

228 2635 333 2713 templi,
351 2667 386 2679 -
408 2635 472 2692 PM:
491 2638 574 2692 citato
592 2637 677 2713 gradu
749 2623 792 2679 12.
819 2622 891 2677 bene
918 2619 1008 2678 habet
1032 2620 1079 2676 dii
1099 2622 1182 2695 pium
1210 2639 1267 2675 mo-

228 2725 390 2802 proriperet.
407 2722 473 2781 Pan
486 2727 509 2780 1.
519 2727 545 2785 3.
558 2724 637 2785 Voss.
647 2746 675 2786 n.
819 2728 890 2765 W
908 2708 1033 2765 fluum?
1051 2707 1082 2765 Ρ·
1099 2739 1135 2750 “·
1161 2702 1202 2761 M‘
1221 2727 1265 2784 11·

226 2809 278 2872 ,Ῑά
295 2823 491 2890 Ρῐοωωμρηῑ,
510 2845 545 2855 ..
563 2812 592 2871 Μ
604 2834 638 2873 m·
652 2816 678 2875 1·
819 2798 885 2853 riter
897 2797 939 2852 sit
961 2795 1043 2851 habet
1060 2795 1099 2850 dii
1120 2795 1197 2872 pium
1212 2802 1265 2852 cet

230 2898 317 2966 (Lon.
336 2901 392 2970 f.):
414 2899 492 2977 lapsu
512 2902 678 2980 pigendus.
820 2904 855 2942 ¹¹¹·
873 2887 914 2941 3*
932 2883 1021 2942 habet.
1044 2879 1089 2943 Cf·
1106 2883 1133 2949 ⁶,
1150 2883 1195 2940 35·

176 3052 180 3063 ,
227 2986 309 3048 11111.
327 2989 353 3046 3.
371 2985 406 3043 P:
432 2988 534 3065 lapsus.
556 3021 591 3032 -
614 2989 676 3046 ΡΜ.
764 3003 800 3017 -
819 2980 866 3030 cst
882 2972 1010 3028 coeleste
1030 2989 1150 3027 numen:
1176 2966 1207 3023 Μ
1231 2989 1267 3027 m.

225 3075 350 3148 inpactus
378 3075 434 3129 imo
462 3076 501 3128 ita
531 3083 572 3129 est
601 3094 676 3136 saxo.
813 3062 845 3136 ‚1·
863 3058 941 3115 p...
959 3057 986 3114 11
1004 3079 1039 3117 m.
1058 3060 1084 3113 1·
1097 3052 1164 3113 1101·
1176 3058 1204 3113 1·
1218 3055 1265 3114 al:

227 3157 311 3217 Recc.
329 3157 407 3214 multi
432 3158 524 3218 codd,;
550 3160 675 3236 inpactus
818 3141 1264 3204 escaelestcnumeu.-llm.1.:

225 3265 279 3304 nno
297 3248 335 3303 ita
354 3255 405 3305 cct.
815 3241 862 3289 ant
884 3231 983 3289 frustra
1006 3242 1033 3289 te
1056 3241 1160 3309 putrem
1184 3229 1264 3295 deum

814 3319 954 3376 hominum
977 3320 1027 3376 lruc
1055 3319 1122 3375 sedo
1147 3319 1264 3374 sacraui-

813 3427 883 3468 mus.
913 3407 941 3465 M
958 3428 994 3465 m.
1013 3409 1049 3463 2:
1075 3407 1142 3462 haut
1165 3405 1262 3463 frustra
1295 3450 1299 3483 3

813 3503 842 3550 te
867 3503 971 3572 patrem
995 3495 1075 3551 (lenm
1096 3494 1262 3568 hominumq.

813 3592 865 3645 cet.
883 3581 958 3639 Harl.
976 3603 994 3641 1.
1013 3581 1140 3640 Leid.1.:
1159 3591 1262 3658 patrem

736 3690 740 3695 ·
815 3670 894 3727 (lenm
909 3671 1058 3730 hominnm.
1076 3669 1110 3726 P:
1124 3668 1197 3725 haud
1211 3667 1261 3724 frn-

813 3767 868 3814 stra
892 3767 919 3814 te
943 3767 1047 3837 patrem
1072 3758 1153 3814 doum
1176 3757 1260 3813 homi·

170 3369 197 3428 5.
223 3371 429 3432 exanimatum
458 3379 596 3427 unctores
624 3377 674 3447 φῆ

224 3476 285 3512 non
308 3478 411 3516 omnes
433 3468 518 3515 sunt:
540 3456 566 3513 ll
589 3426 631 3516 ml
648 3459 672 3516 1.

149 3568 153 3574 ·
225 3543 249 3598 P
267 3565 303 3602 m.
321 3547 347 3602 1.
365 3578 400 3590 -
422 3544 444 3601 P
462 3566 497 3604 m.
517 3547 557 3615 fa
576 3547 673 3600 exami-

222 3639 323 3690 natum.
346 3631 374 3689 ll
392 3653 426 3692 m.
445 3635 487 3692 2:
506 3634 672 3689 exanimatus

177 3754 182 3761 -
224 3727 348 3774 auctores
376 3728 457 3796 quiin
481 3740 574 3777 omues
600 3728 672 3778 sunt.

148 3862 174 3871 ,.
207 3835 257 3875 ς-
279 3803 307 3861 lll
325 3811 420 3865 m.1.=
447 3811 538 3884 ingeni
556 3807 670 3882 fragore.

220 3889 302 3971 11111.
319 3895 345 3954 2.
362 3893 398 3951 P:
418 3897 528 3975 ingenti.
812 3865 930 3922 numque
948 3855 999 3906 cet,

743 3931 786 3989 11.
814 3952 936 4008 uosque.
965 3941 1011 4010 ῥῐ.
1042 3952 1129 3990 arma
1155 3950 1259 4008 cupere

167 4008 196 4076 8.
214 4036 293 4075 mm
315 4025 345 4076 et
370 4037 444 4077 uera
466 4039 533 4079 esse
555 4027 586 4077 et
600 4025 670 4096 apte
813 4018 885 4077 dcis·
905 4020 1045 4079 ducibus:
1067 4020 1097 4079 lll
1121 4019 1173 4093 al]
1200 4039 1258 4076 voa·
