<?xml version="1.0" encoding="UTF-8"?>
<!DOCTYPE html PUBLIC "-//W3C//DTD XHTML 1.0 Transitional//EN"
    "http://www.w3.org/TR/xhtml1/DTD/xhtml1-transitional.dtd">
<html xmlns="http://www.w3.org/1999/xhtml" xml:lang="en" lang="en">
 <head>
  <title>
</title>
<meta http-equiv="Content-Type" content="text/html;charset=utf-8" />
  <meta name='ocr-system' content='tesseract 3.04.00' />
  <meta name='ocr-capabilities' content='ocr_page ocr_carea ocr_par ocr_line ocrx_word'/>
</head>
<body>
  <div class='ocr_page' id='page_1' title='image "./titilivirerumro01alscgoog_0666.png"; bbox 0 0 2618 4590; ppageno 0'>
   <div class='ocr_carea' id='block_1_1' title="bbox 134 151 775 230">
    <p class='ocr_par' dir='ltr' id='par_1_1' title="bbox 134 151 775 230">
     <span class='ocr_line' id='line_1_1' title="bbox 134 151 775 230; baseline 0.016 -9"><span class='ocrx_word' id='word_1_1' title='bbox 134 151 200 224; x_wconf 78' lang='lat'><strong>650</strong></span> <span class='ocrx_word' id='word_1_2' title='bbox 611 168 775 230; x_wconf 64' lang='lat' dir='ltr'><strong>meum</strong></span> 
     </span>
    </p>
   </div>
   <div class='ocr_carea' id='block_1_2' title="bbox 22 331 1246 2110">
    <p class='ocr_par' dir='ltr' id='par_1_2' title="bbox 22 331 1246 2110">
     <span class='ocr_line' id='line_1_2' title="bbox 223 331 1211 425; baseline 0.002 -21"><span class='ocrx_word' id='word_1_3' title='bbox 223 331 297 404; x_wconf 78' lang='lat' dir='ltr'><strong>XX.</strong></span> <span class='ocrx_word' id='word_1_4' title='bbox 341 333 431 402; x_wconf 88' lang='lat' dir='ltr'><strong>Dum</strong></span> <span class='ocrx_word' id='word_1_5' title='bbox 459 332 555 402; x_wconf 84' lang='lat' dir='ltr'><strong>umbo</strong></span> <span class='ocrx_word' id='word_1_6' title='bbox 584 332 733 402; x_wconf 81' lang='lat' dir='ltr'><strong>consules</strong></span> <span class='ocrx_word' id='word_1_7' title='bbox 761 333 940 425; x_wconf 81' lang='lat' dir='ltr'><strong>omnisque</strong></span> <span class='ocrx_word' id='word_1_8' title='bbox 970 334 1129 405; x_wconf 83' lang='lat' dir='ltr'><strong>Romans</strong></span> <span class='ocrx_word' id='word_1_9' title='bbox 1153 338 1211 407; x_wconf 84' lang='lat' dir='ltr'><strong>visi</strong></span> 
     </span>
     <span class='ocr_line' id='line_1_3' title="bbox 134 437 1191 529; baseline 0.005 -22"><span class='ocrx_word' id='word_1_10' title='bbox 134 438 306 509; x_wconf 84' lang='lat' dir='ltr'><strong>Etruscum</strong></span> <span class='ocrx_word' id='word_1_11' title='bbox 329 439 450 507; x_wconf 89' lang='lat' dir='ltr'><strong>bellum</strong></span> <span class='ocrx_word' id='word_1_12' title='bbox 471 437 572 529; x_wconf 87' lang='lat' dir='ltr'><strong>magis</strong></span> <span class='ocrx_word' id='word_1_13' title='bbox 592 437 736 520; x_wconf 90' lang='lat' dir='ltr'><strong>inclinat,</strong></span> <span class='ocrx_word' id='word_1_14' title='bbox 768 437 800 504; x_wconf 93' lang='lat' dir='ltr'><strong>in</strong></span> <span class='ocrx_word' id='word_1_15' title='bbox 821 439 964 507; x_wconf 87' lang='lat' dir='ltr'><strong>Samnio</strong></span> <span class='ocrx_word' id='word_1_16' title='bbox 992 440 1079 511; x_wconf 88' lang='lat' dir='ltr'><strong>novi</strong></span> <span class='ocrx_word' id='word_1_17' title='bbox 1108 464 1146 512; x_wconf 78' lang='lat' dir='ltr'><strong>ex</strong></span> <span class='ocrx_word' id='word_1_18' title='bbox 1186 444 1191 459; x_wconf 90' lang='lat'>&#39;</span> 
     </span>
     <span class='ocr_line' id='line_1_4' title="bbox 136 543 1212 637; baseline 0.005 -26"><span class='ocrx_word' id='word_1_19' title='bbox 136 544 239 613; x_wconf 83' lang='lat' dir='ltr'><strong>exorti</strong></span> <span class='ocrx_word' id='word_1_20' title='bbox 261 545 302 613; x_wconf 92' lang='lat' dir='ltr'><strong>ad</strong></span> <span class='ocrx_word' id='word_1_21' title='bbox 323 544 525 636; x_wconf 88' lang='lat' dir='ltr'><strong>populandos</strong></span> <span class='ocrx_word' id='word_1_22' title='bbox 547 543 671 635; x_wconf 88' lang='lat' dir='ltr'><strong>imperii</strong></span> <span class='ocrx_word' id='word_1_23' title='bbox 692 544 829 612; x_wconf 86' lang='lat' dir='ltr'><strong>Romani</strong></span> <span class='ocrx_word' id='word_1_24' title='bbox 850 544 937 612; x_wconf 88' lang='lat' dir='ltr'><strong>fines</strong></span> <span class='ocrx_word' id='word_1_25' title='bbox 962 569 1033 637; x_wconf 87' lang='lat' dir='ltr'><strong>per</strong></span> <span class='ocrx_word' id='word_1_26' title='bbox 1051 546 1212 616; x_wconf 84' lang='lat' dir='ltr'><strong>Veseiuoa&#39;r</strong></span> 
     </span>
     <span class='ocr_line' id='line_1_5' title="bbox 22 648 1214 745; baseline 0 -25"><span class='ocrx_word' id='word_1_27' title='bbox 22 714 26 720; x_wconf 88' lang='lat'><strong>.</strong></span> <span class='ocrx_word' id='word_1_28' title='bbox 135 649 344 739; x_wconf 75' lang='lat' dir='ltr'><strong>Campaniam</strong></span> <span class='ocrx_word' id='word_1_29' title='bbox 371 648 607 742; x_wconf 82' lang='lat' dir='ltr'><strong>Falernumque</strong></span> <span class='ocrx_word' id='word_1_30' title='bbox 636 672 747 739; x_wconf 83' lang='lat' dir='ltr'><strong>agrum</strong></span> <span class='ocrx_word' id='word_1_31' title='bbox 774 651 1021 719; x_wconf 88' lang='lat' dir='ltr'><strong>transcendunt</strong></span> <span class='ocrx_word' id='word_1_32' title='bbox 1052 652 1214 745; x_wconf 84' lang='lat' dir='ltr'><strong>ingentesqu</strong></span> 
     </span>
     <span class='ocr_line' id='line_1_6' title="bbox 103 753 1214 845; baseline 0.006 -25"><span class='ocrx_word' id='word_1_33' title='bbox 103 753 270 844; x_wconf 70' lang='lat' dir='ltr'><strong>epraedas</strong></span> <span class='ocrx_word' id='word_1_34' title='bbox 291 754 421 822; x_wconf 81' lang='lat' dir='ltr'><strong>iaciunt.</strong></span> <span class='ocrx_word' id='word_1_35' title='bbox 458 753 668 821; x_wconf 87' lang='lat' dir='ltr'><strong>Volumnium</strong></span> <span class='ocrx_word' id='word_1_36' title='bbox 691 754 814 845; x_wconf 87' lang='lat' dir='ltr'><strong>magnis</strong></span> <span class='ocrx_word' id='word_1_37' title='bbox 836 753 1016 824; x_wconf 83' lang='lat' dir='ltr'><strong>itineribus</strong></span> <span class='ocrx_word' id='word_1_38' title='bbox 1041 756 1080 826; x_wconf 93' lang='lat' dir='ltr'><strong>in</strong></span> <span class='ocrx_word' id='word_1_39' title='bbox 1096 757 1214 826; x_wconf 78' lang='lat' dir='ltr'><strong>samm</strong></span> 
     </span>
     <span class='ocr_line' id='line_1_7' title="bbox 132 858 1216 955; baseline 0.006 -31"><span class='ocrx_word' id='word_1_40' title='bbox 132 858 321 927; x_wconf 80' lang='lat' dir='ltr'><strong>redeuntem</strong></span> <span class='ocrx_word' id='word_1_41' title='bbox 342 858 472 925; x_wconf 90' lang='lat' dir='ltr'><strong>—iam</strong></span> <span class='ocrx_word' id='word_1_42' title='bbox 501 859 587 926; x_wconf 91' lang='lat' dir='ltr'><strong>enim</strong></span> <span class='ocrx_word' id='word_1_43' title='bbox 608 858 708 927; x_wconf 83' lang='lat' dir='ltr'><strong>Fabio</strong></span> <span class='ocrx_word' id='word_1_44' title='bbox 730 858 899 950; x_wconf 85' lang='lat' dir='ltr'><strong>Decioque</strong></span> <span class='ocrx_word' id='word_1_45' title='bbox 930 863 1116 955; x_wconf 86' lang='lat' dir='ltr'><strong>prorogati</strong></span> <span class='ocrx_word' id='word_1_46' title='bbox 1140 863 1216 955; x_wconf 84' lang='lat' dir='ltr'><strong>impui</strong></span> 
     </span>
     <span class='ocr_line' id='line_1_8' title="bbox 132 963 1218 1058; baseline 0.003 -27"><span class='ocrx_word' id='word_1_47' title='bbox 132 963 204 1031; x_wconf 88' lang='lat' dir='ltr'><strong>finis</strong></span> <span class='ocrx_word' id='word_1_48' title='bbox 225 966 398 1033; x_wconf 81' lang='lat' dir='ltr'><strong>aderat-</strong></span> <span class='ocrx_word' id='word_1_49' title='bbox 419 964 505 1030; x_wconf 87' lang='lat' dir='ltr'><strong>fama</strong></span> <span class='ocrx_word' id='word_1_50' title='bbox 528 963 568 1030; x_wconf 88' lang='lat' dir='ltr'><strong>de</strong></span> <span class='ocrx_word' id='word_1_51' title='bbox 590 963 781 1032; x_wconf 79' lang='lat' dir='ltr'><strong>Samnitium</strong></span> <span class='ocrx_word' id='word_1_52' title='bbox 803 963 950 1032; x_wconf 86' lang='lat' dir='ltr'><strong>exercitu</strong></span> <span class='ocrx_word' id='word_1_53' title='bbox 975 968 1218 1058; x_wconf 74' lang='lat' dir='ltr'><strong>populationibus</strong></span> 
     </span>
     <span class='ocr_line' id='line_1_9' title="bbox 132 1067 1237 1159; baseline 0.003 -22"><span class='ocrx_word' id='word_1_54' title='bbox 132 1093 197 1159; x_wconf 88' lang='lat' dir='ltr'><strong>que</strong></span> <span class='ocrx_word' id='word_1_55' title='bbox 219 1067 374 1159; x_wconf 84' lang='lat' dir='ltr'><strong>Campani</strong></span> <span class='ocrx_word' id='word_1_56' title='bbox 397 1069 462 1159; x_wconf 87' lang='lat' dir='ltr'><strong>agri</strong></span> <span class='ocrx_word' id='word_1_57' title='bbox 484 1068 524 1134; x_wconf 86' lang='lat' dir='ltr'><strong>ad</strong></span> <span class='ocrx_word' id='word_1_58' title='bbox 546 1069 683 1136; x_wconf 89' lang='lat' dir='ltr'><strong>tuendos</strong></span> <span class='ocrx_word' id='word_1_59' title='bbox 706 1070 812 1136; x_wconf 86' lang='lat' dir='ltr'><strong>socios</strong></span> <span class='ocrx_word' id='word_1_60' title='bbox 835 1071 1013 1140; x_wconf 85' lang='lat' dir='ltr'><strong>convertit.</strong></span> <span class='ocrx_word' id='word_1_61' title='bbox 1056 1085 1098 1142; x_wconf 91' lang='lat' dir='ltr'><strong>ut</strong></span> <span class='ocrx_word' id='word_1_62' title='bbox 1120 1075 1153 1142; x_wconf 92' lang='lat' dir='ltr'><strong>in</strong></span> <span class='ocrx_word' id='word_1_63' title='bbox 1170 1073 1237 1140; x_wconf 75' lang='lat' dir='ltr'><strong>Cale·</strong></span> 
     </span>
     <span class='ocr_line' id='line_1_10' title="bbox 131 1173 1222 1270; baseline 0.004 -30"><span class='ocrx_word' id='word_1_64' title='bbox 131 1198 210 1241; x_wconf 88' lang='lat' dir='ltr'><strong>num</strong></span> <span class='ocrx_word' id='word_1_65' title='bbox 232 1196 345 1265; x_wconf 80' lang='lat' dir='ltr'><strong>agrum</strong></span> <span class='ocrx_word' id='word_1_66' title='bbox 366 1174 466 1257; x_wconf 90' lang='lat' dir='ltr'><strong>venit,</strong></span> <span class='ocrx_word' id='word_1_67' title='bbox 494 1173 617 1264; x_wconf 88' lang='lat' dir='ltr'><strong>etipse</strong></span> <span class='ocrx_word' id='word_1_68' title='bbox 640 1173 740 1241; x_wconf 85' lang='lat' dir='ltr'><strong>cernit</strong></span> <span class='ocrx_word' id='word_1_69' title='bbox 762 1176 901 1242; x_wconf 86' lang='lat' dir='ltr'><strong>recentia</strong></span> <span class='ocrx_word' id='word_1_70' title='bbox 931 1178 1045 1246; x_wconf 84' lang='lat' dir='ltr'><strong>cludis</strong></span> <span class='ocrx_word' id='word_1_71' title='bbox 1072 1179 1222 1270; x_wconf 85' lang='lat' dir='ltr'><strong>vestigiat</strong></span> 
     </span>
     <span class='ocr_line' id='line_1_11' title="bbox 83 1278 1223 1368; baseline 0.005 -24"><span class='ocrx_word' id='word_1_72' title='bbox 83 1290 119 1345; x_wconf 86' lang='lat'><strong>1⁰</strong></span> <span class='ocrx_word' id='word_1_73' title='bbox 131 1278 243 1348; x_wconf 89' lang='lat' dir='ltr'><strong>Caleni</strong></span> <span class='ocrx_word' id='word_1_74' title='bbox 264 1290 393 1346; x_wconf 88' lang='lat' dir='ltr'><strong>narrant</strong></span> <span class='ocrx_word' id='word_1_75' title='bbox 414 1289 539 1346; x_wconf 83' lang='lat' dir='ltr'><strong>tantum</strong></span> <span class='ocrx_word' id='word_1_76' title='bbox 562 1279 626 1344; x_wconf 90' lang='lat' dir='ltr'><strong>iam</strong></span> <span class='ocrx_word' id='word_1_77' title='bbox 648 1278 785 1368; x_wconf 84' lang='lat' dir='ltr'><strong>praedae</strong></span> <span class='ocrx_word' id='word_1_78' title='bbox 800 1278 902 1347; x_wconf 87' lang='lat' dir='ltr'><strong>hostis</strong></span> <span class='ocrx_word' id='word_1_79' title='bbox 917 1281 1062 1351; x_wconf 87' lang='lat' dir='ltr'><strong>trahere</strong></span> <span class='ocrx_word' id='word_1_80' title='bbox 1087 1284 1223 1352; x_wconf 86' lang='lat' dir='ltr'><strong>utvixu·</strong></span> 
     </span>
     <span class='ocr_line' id='line_1_12' title="bbox 129 1383 1225 1483; baseline 0.005 -32"><span class='ocrx_word' id='word_1_81' title='bbox 129 1386 247 1475; x_wconf 87' lang='lat' dir='ltr'><strong>plicare</strong></span> <span class='ocrx_word' id='word_1_82' title='bbox 270 1409 385 1476; x_wconf 83' lang='lat' dir='ltr'><strong>agmen</strong></span> <span class='ocrx_word' id='word_1_83' title='bbox 407 1384 539 1476; x_wconf 72' lang='lat' dir='ltr'><strong>possint,</strong></span> <span class='ocrx_word' id='word_1_84' title='bbox 560 1383 668 1474; x_wconf 86' lang='lat' dir='ltr'><strong>itaque</strong></span> <span class='ocrx_word' id='word_1_85' title='bbox 690 1385 755 1450; x_wconf 88' lang='lat' dir='ltr'><strong>iam</strong></span> <span class='ocrx_word' id='word_1_86' title='bbox 776 1385 945 1476; x_wconf 88' lang='lat' dir='ltr'><strong>propalam</strong></span> <span class='ocrx_word' id='word_1_87' title='bbox 969 1389 1086 1456; x_wconf 85' lang='lat' dir='ltr'><strong>duces</strong></span> <span class='ocrx_word' id='word_1_88' title='bbox 1101 1388 1189 1483; x_wconf 87' lang='lat' dir='ltr'><strong>loqui</strong></span> <span class='ocrx_word' id='word_1_89' title='bbox 1198 1412 1225 1456; x_wconf 88' lang='lat' dir='ltr'><strong>u·</strong></span> 
     </span>
     <span class='ocr_line' id='line_1_13' title="bbox 128 1489 1227 1585; baseline 0.002 -29"><span class='ocrx_word' id='word_1_90' title='bbox 128 1489 251 1580; x_wconf 89' lang='lat' dir='ltr'><strong>templo</strong></span> <span class='ocrx_word' id='word_1_91' title='bbox 275 1491 416 1558; x_wconf 91' lang='lat' dir='ltr'><strong>eundum</strong></span> <span class='ocrx_word' id='word_1_92' title='bbox 438 1490 472 1557; x_wconf 89' lang='lat' dir='ltr'><strong>in</strong></span> <span class='ocrx_word' id='word_1_93' title='bbox 493 1489 660 1558; x_wconf 90' lang='lat' dir='ltr'><strong>Samnium</strong></span> <span class='ocrx_word' id='word_1_94' title='bbox 688 1512 759 1557; x_wconf 86' lang='lat' dir='ltr'><strong>esse</strong></span> <span class='ocrx_word' id='word_1_95' title='bbox 786 1501 823 1558; x_wconf 90' lang='lat' dir='ltr'><strong>ut</strong></span> <span class='ocrx_word' id='word_1_96' title='bbox 849 1490 963 1560; x_wconf 90' lang='lat' dir='ltr'><strong>relicta</strong></span> <span class='ocrx_word' id='word_1_97' title='bbox 994 1492 1046 1561; x_wconf 90' lang='lat' dir='ltr'><strong>ibi</strong></span> <span class='ocrx_word' id='word_1_98' title='bbox 1082 1493 1227 1585; x_wconf 74' lang='lat' dir='ltr'><strong>praediis</strong></span> 
     </span>
     <span class='ocr_line' id='line_1_14' title="bbox 128 1595 1229 1688; baseline 0.003 -25"><span class='ocrx_word' id='word_1_99' title='bbox 128 1595 367 1686; x_wconf 83' lang='lat' dir='ltr'><strong>expeditionem</strong></span> <span class='ocrx_word' id='word_1_100' title='bbox 389 1595 521 1663; x_wconf 90' lang='lat' dir='ltr'><strong>redeant</strong></span> <span class='ocrx_word' id='word_1_101' title='bbox 541 1618 602 1661; x_wconf 90' lang='lat' dir='ltr'><strong>nec</strong></span> <span class='ocrx_word' id='word_1_102' title='bbox 625 1604 691 1660; x_wconf 86' lang='lat' dir='ltr'><strong>tam</strong></span> <span class='ocrx_word' id='word_1_103' title='bbox 714 1606 882 1662; x_wconf 84' lang='lat' dir='ltr'><strong>oneratum</strong></span> <span class='ocrx_word' id='word_1_104' title='bbox 905 1621 1031 1688; x_wconf 83' lang='lat' dir='ltr'><strong>agmen</strong></span> <span class='ocrx_word' id='word_1_105' title='bbox 1058 1598 1229 1668; x_wconf 69' lang='lat' dir='ltr'><strong>dimicationi</strong></span> 
     </span>
     <span class='ocr_line' id='line_1_15' title="bbox 127 1698 1230 1791; baseline 0.002 -21"><span class='ocrx_word' id='word_1_106' title='bbox 127 1700 338 1770; x_wconf 89' lang='lat' dir='ltr'><strong>committant.</strong></span> <span class='ocrx_word' id='word_1_107' title='bbox 376 1724 414 1767; x_wconf 89' lang='lat' dir='ltr'><strong>ea</strong></span> <span class='ocrx_word' id='word_1_108' title='bbox 438 1722 634 1791; x_wconf 87' lang='lat' dir='ltr'><strong>quamquam</strong></span> <span class='ocrx_word' id='word_1_109' title='bbox 664 1698 778 1767; x_wconf 90' lang='lat' dir='ltr'><strong>similia</strong></span> <span class='ocrx_word' id='word_1_110' title='bbox 805 1700 890 1768; x_wconf 85' lang='lat' dir='ltr'><strong>veris</strong></span> <span class='ocrx_word' id='word_1_111' title='bbox 920 1714 1034 1788; x_wconf 86' lang='lat' dir='ltr'><strong>erant,</strong></span> <span class='ocrx_word' id='word_1_112' title='bbox 1067 1705 1230 1775; x_wconf 83' lang='lat' dir='ltr'><strong>certiusu</strong></span> 
     </span>
     <span class='ocr_line' id='line_1_16' title="bbox 83 1801 1246 1903; baseline 0.009 -31"><span class='ocrx_word' id='word_1_113' title='bbox 83 1817 116 1872; x_wconf 75' lang='lat'><strong>15</strong></span> <span class='ocrx_word' id='word_1_114' title='bbox 130 1833 206 1876; x_wconf 90' lang='lat' dir='ltr'><strong>men</strong></span> <span class='ocrx_word' id='word_1_115' title='bbox 228 1806 424 1897; x_wconf 88' lang='lat' dir='ltr'><strong>exploranda</strong></span> <span class='ocrx_word' id='word_1_116' title='bbox 447 1815 533 1870; x_wconf 88' lang='lat' dir='ltr'><strong>ratus</strong></span> <span class='ocrx_word' id='word_1_117' title='bbox 557 1801 683 1871; x_wconf 84' lang='lat' dir='ltr'><strong>dimittit</strong></span> <span class='ocrx_word' id='word_1_118' title='bbox 712 1804 836 1895; x_wconf 86' lang='lat' dir='ltr'><strong>equites</strong></span> <span class='ocrx_word' id='word_1_119' title='bbox 865 1806 920 1896; x_wconf 90' lang='lat' dir='ltr'><strong>qui</strong></span> <span class='ocrx_word' id='word_1_120' title='bbox 943 1831 1054 1898; x_wconf 91' lang='lat' dir='ltr'><strong>vagos</strong></span> <span class='ocrx_word' id='word_1_121' title='bbox 1090 1806 1246 1903; x_wconf 57' lang='lat' dir='ltr'><strong>praedato}</strong></span> 
     </span>
     <span class='ocr_line' id='line_1_17' title="bbox 127 1907 1233 2007; baseline -0.002 -25"><span class='ocrx_word' id='word_1_122' title='bbox 127 1937 178 1982; x_wconf 87' lang='lat' dir='ltr'><strong>res</strong></span> <span class='ocrx_word' id='word_1_123' title='bbox 200 1912 233 1981; x_wconf 89' lang='lat' dir='ltr'><strong>in</strong></span> <span class='ocrx_word' id='word_1_124' title='bbox 249 1911 336 2002; x_wconf 82' lang='lat' dir='ltr'><strong>agris</strong></span> <span class='ocrx_word' id='word_1_125' title='bbox 353 1910 498 2002; x_wconf 86' lang='lat' dir='ltr'><strong>palantes</strong></span> <span class='ocrx_word' id='word_1_126' title='bbox 513 1907 686 1999; x_wconf 88' lang='lat' dir='ltr'><strong>excipiant:</strong></span> <span class='ocrx_word' id='word_1_127' title='bbox 710 1935 752 1977; x_wconf 89' lang='lat' dir='ltr'><strong>ex</strong></span> <span class='ocrx_word' id='word_1_128' title='bbox 775 1911 891 2001; x_wconf 83' lang='lat' dir='ltr'><strong>quibus</strong></span> <span class='ocrx_word' id='word_1_129' title='bbox 905 1911 1116 2002; x_wconf 78' lang='lat' dir='ltr'><strong>inquirendo</strong></span> <span class='ocrx_word' id='word_1_130' title='bbox 1141 1939 1233 2007; x_wconf 83' lang='lat' dir='ltr'><strong>cogno</strong></span> 
     </span>
     <span class='ocr_line' id='line_1_18' title="bbox 125 2014 1233 2110; baseline 0.001 -22"><span class='ocrx_word' id='word_1_131' title='bbox 125 2019 248 2091; x_wconf 74' lang='lat' dir='ltr'><strong>scitad</strong></span> <span class='ocrx_word' id='word_1_132' title='bbox 270 2016 465 2085; x_wconf 79' lang='lat' dir='ltr'><strong>Vrdturnum</strong></span> <span class='ocrx_word' id='word_1_133' title='bbox 486 2014 606 2081; x_wconf 90' lang='lat' dir='ltr'><strong>flumen</strong></span> <span class='ocrx_word' id='word_1_134' title='bbox 628 2015 740 2084; x_wconf 89' lang='lat' dir='ltr'><strong>sedere</strong></span> <span class='ocrx_word' id='word_1_135' title='bbox 770 2015 913 2100; x_wconf 87' lang='lat' dir='ltr'><strong>hostem,</strong></span> <span class='ocrx_word' id='word_1_136' title='bbox 942 2016 1024 2086; x_wconf 91' lang='lat' dir='ltr'><strong>inde</strong></span> <span class='ocrx_word' id='word_1_137' title='bbox 1057 2022 1161 2088; x_wconf 86' lang='lat' dir='ltr'><strong>tertia</strong></span> <span class='ocrx_word' id='word_1_138' title='bbox 1182 2019 1233 2110; x_wconf 78' lang='lat' dir='ltr'><strong>rigi</strong></span> 
     </span>
    </p>
   </div>
   <div class='ocr_carea' id='block_1_3' title="bbox 136 2197 1233 4123">
    <p class='ocr_par' dir='ltr' id='par_1_3' title="bbox 187 2197 1233 2716">
     <span class='ocr_line' id='line_1_19' title="bbox 194 2197 1233 2278; baseline 0.001 -17"><span class='ocrx_word' id='word_1_139' title='bbox 194 2204 319 2268; x_wconf 74' lang='lat' dir='ltr'><strong>cavimus,</strong></span> <span class='ocrx_word' id='word_1_140' title='bbox 330 2221 386 2257; x_wconf 87' lang='lat' dir='ltr'><strong>non</strong></span> <span class='ocrx_word' id='word_1_141' title='bbox 398 2202 478 2256; x_wconf 88' lang='lat' dir='ltr'><strong>modo</strong></span> <span class='ocrx_word' id='word_1_142' title='bbox 492 2198 565 2276; x_wconf 89' lang='lat' dir='ltr'><strong>quod</strong></span> <span class='ocrx_word' id='word_1_143' title='bbox 576 2197 642 2254; x_wconf 91' lang='lat' dir='ltr'><strong>mul·</strong></span> <span class='ocrx_word' id='word_1_144' title='bbox 730 2201 758 2259; x_wconf 84' lang='lat'><strong>3.</strong></span> <span class='ocrx_word' id='word_1_145' title='bbox 782 2220 838 2276; x_wconf 82' lang='lat' dir='ltr'><strong>per</strong></span> <span class='ocrx_word' id='word_1_146' title='bbox 856 2199 892 2259; x_wconf 92' lang='lat' dir='ltr'><em>V</em></span> <span class='ocrx_word' id='word_1_147' title='bbox 886 2202 1023 2259; x_wconf 73' lang='lat' dir='ltr'><strong>oscines.-</strong></span> <span class='ocrx_word' id='word_1_148' title='bbox 1045 2223 1082 2260; x_wconf 90' lang='lat' dir='ltr'><strong>ex</strong></span> <span class='ocrx_word' id='word_1_149' title='bbox 1104 2207 1179 2262; x_wconf 89' lang='lat' dir='ltr'><strong>coni.</strong></span> <span class='ocrx_word' id='word_1_150' title='bbox 1193 2205 1233 2278; x_wconf 75' lang='lat' dir='ltr'><strong>sig.</strong></span> 
     </span>
     <span class='ocr_line' id='line_1_20' title="bbox 194 2285 1232 2365; baseline 0.004 -21"><span class='ocrx_word' id='word_1_151' title='bbox 194 2292 232 2345; x_wconf 85' lang='lat' dir='ltr'><strong>tis</strong></span> <span class='ocrx_word' id='word_1_152' title='bbox 258 2287 391 2346; x_wconf 79' lang='lat' dir='ltr'><strong>similibus</strong></span> <span class='ocrx_word' id='word_1_153' title='bbox 412 2287 480 2344; x_wconf 87' lang='lat' dir='ltr'><strong>locis</strong></span> <span class='ocrx_word' id='word_1_154' title='bbox 510 2289 548 2345; x_wconf 85' lang='lat' dir='ltr'><strong>ita</strong></span> <span class='ocrx_word' id='word_1_155' title='bbox 574 2287 641 2342; x_wconf 84' lang='lat' dir='ltr'><strong>sori-</strong></span> <span class='ocrx_word' id='word_1_156' title='bbox 783 2300 818 2329; x_wconf 87' lang='grc'><strong>’-</strong></span> <span class='ocrx_word' id='word_1_157' title='bbox 837 2285 941 2347; x_wconf 67' lang='lat' dir='ltr'><strong>codd:</strong></span> <span class='ocrx_word' id='word_1_158' title='bbox 960 2309 1014 2365; x_wconf 86' lang='lat' dir='ltr'><strong>per</strong></span> <span class='ocrx_word' id='word_1_159' title='bbox 1034 2296 1176 2352; x_wconf 81' lang='lat' dir='ltr'><strong>uestinos.</strong></span> <span class='ocrx_word' id='word_1_160' title='bbox 1203 2291 1232 2348; x_wconf 78' lang='lat' dir='ltr'><strong>(il.</strong></span> 
     </span>
     <span class='ocr_line' id='line_1_21' title="bbox 194 2373 1233 2458; baseline 0.003 -27"><span class='ocrx_word' id='word_1_161' title='bbox 194 2385 270 2453; x_wconf 87' lang='lat' dir='ltr'><strong>ptum</strong></span> <span class='ocrx_word' id='word_1_162' title='bbox 283 2375 390 2450; x_wconf 82' lang='lat' dir='ltr'><strong>legitur,</strong></span> <span class='ocrx_word' id='word_1_163' title='bbox 407 2375 548 2430; x_wconf 89' lang='lat' dir='ltr'><strong>sedetiam</strong></span> <span class='ocrx_word' id='word_1_164' title='bbox 566 2373 639 2450; x_wconf 91' lang='lat' dir='ltr'><strong>quod</strong></span> <span class='ocrx_word' id='word_1_165' title='bbox 783 2377 827 2444; x_wconf 88' lang='grc'><strong>10,</strong></span> <span class='ocrx_word' id='word_1_166' title='bbox 839 2378 883 2434; x_wconf 73' lang='lat'><strong>21.</strong></span> <span class='ocrx_word' id='word_1_167' title='bbox 900 2379 927 2443; x_wconf 89' lang='lat'><strong>8,</strong></span> <span class='ocrx_word' id='word_1_168' title='bbox 939 2379 984 2434; x_wconf 69' lang='lat'><strong>29.</strong></span> <span class='ocrx_word' id='word_1_169' title='bbox 1004 2410 1044 2425; x_wconf 82' lang='lat'><strong>-</strong></span> <span class='ocrx_word' id='word_1_170' title='bbox 1066 2380 1108 2435; x_wconf 84' lang='lat' dir='ltr'><strong>P:</strong></span> <span class='ocrx_word' id='word_1_171' title='bbox 1126 2402 1150 2458; x_wconf 55' lang='grc' dir='ltr'>Β</span> <span class='ocrx_word' id='word_1_172' title='bbox 1168 2381 1233 2436; x_wconf 89' lang='lat' dir='ltr'><strong>uesti-</strong></span> 
     </span>
     <span class='ocr_line' id='line_1_22' title="bbox 190 2461 1233 2542; baseline 0.002 -24"><span class='ocrx_word' id='word_1_173' title='bbox 190 2461 244 2518; x_wconf 88' lang='lat' dir='ltr'><strong>hoc</strong></span> <span class='ocrx_word' id='word_1_174' title='bbox 268 2461 352 2519; x_wconf 87' lang='lat' dir='ltr'><strong>altero</strong></span> <span class='ocrx_word' id='word_1_175' title='bbox 370 2462 430 2518; x_wconf 91' lang='lat' dir='ltr'><strong>loco</strong></span> <span class='ocrx_word' id='word_1_176' title='bbox 455 2462 638 2538; x_wconf 85' lang='lat' dir='ltr'><strong>postpositum</strong></span> <span class='ocrx_word' id='word_1_177' title='bbox 780 2478 832 2519; x_wconf 86' lang='lat' dir='ltr'><strong>nos</strong></span> <span class='ocrx_word' id='word_1_178' title='bbox 850 2465 879 2519; x_wconf 92' lang='lat' dir='ltr'><strong>in</strong></span> <span class='ocrx_word' id='word_1_179' title='bbox 892 2467 1035 2541; x_wconf 87' lang='lat' dir='ltr'><strong>campania</strong></span> <span class='ocrx_word' id='word_1_180' title='bbox 1052 2466 1233 2542; x_wconf 82' lang='lat' dir='ltr'><strong>salernumqoe</strong></span> 
     </span>
     <span class='ocr_line' id='line_1_23' title="bbox 194 2545 1232 2635; baseline 0.001 -28"><span class='ocrx_word' id='word_1_181' title='bbox 194 2549 307 2608; x_wconf 86' lang='lat' dir='ltr'><strong>verbum</strong></span> <span class='ocrx_word' id='word_1_182' title='bbox 325 2551 454 2618; x_wconf 85' lang='lat' dir='ltr'><strong>‚‚oeeisi“</strong></span> <span class='ocrx_word' id='word_1_183' title='bbox 468 2545 563 2604; x_wconf 86' lang='lat' dir='ltr'><strong>melius</strong></span> <span class='ocrx_word' id='word_1_184' title='bbox 576 2567 637 2604; x_wconf 88' lang='lat' dir='ltr'><strong>cum</strong></span> <span class='ocrx_word' id='word_1_185' title='bbox 780 2569 872 2628; x_wconf 82' lang='lat' dir='ltr'><strong>agrum</strong></span> <span class='ocrx_word' id='word_1_186' title='bbox 883 2560 932 2610; x_wconf 87' lang='lat' dir='ltr'><strong>cet.</strong></span> <span class='ocrx_word' id='word_1_187' title='bbox 943 2550 1016 2613; x_wconf 73' lang='lat' dir='ltr'><strong>-dl</strong></span> <span class='ocrx_word' id='word_1_188' title='bbox 1030 2574 1070 2612; x_wconf 89' lang='lat' dir='ltr'><strong>m.</strong></span> <span class='ocrx_word' id='word_1_189' title='bbox 1085 2556 1129 2613; x_wconf 93' lang='lat'><strong>1.:</strong></span> <span class='ocrx_word' id='word_1_190' title='bbox 1142 2555 1232 2635; x_wconf 85' lang='lat' dir='ltr'><strong>praeda</strong></span> 
     </span>
     <span class='ocr_line' id='line_1_24' title="bbox 187 2636 1163 2716; baseline 0.009 -24"><span class='ocrx_word' id='word_1_191' title='bbox 187 2636 319 2714; x_wconf 83' lang='lat' dir='ltr'><strong>particula</strong></span> <span class='ocrx_word' id='word_1_192' title='bbox 347 2658 384 2694; x_wconf 85' lang='lat' dir='ltr'><strong>ue</strong></span> <span class='ocrx_word' id='word_1_193' title='bbox 404 2637 449 2694; x_wconf 78' lang='lat' dir='ltr'><strong>rel</strong></span> <span class='ocrx_word' id='word_1_194' title='bbox 471 2645 500 2694; x_wconf 77' lang='lat' dir='ltr'><strong>ei</strong></span> <span class='ocrx_word' id='word_1_195' title='bbox 527 2636 637 2692; x_wconf 84' lang='lat' dir='ltr'><strong>eonion·</strong></span> <span class='ocrx_word' id='word_1_196' title='bbox 779 2637 891 2699; x_wconf 82' lang='lat' dir='ltr'><strong>iaciunt.</strong></span> <span class='ocrx_word' id='word_1_197' title='bbox 909 2659 945 2697; x_wconf 89' lang='lat' dir='ltr'><strong>m.</strong></span> <span class='ocrx_word' id='word_1_198' title='bbox 964 2641 1006 2698; x_wconf 53' lang='lat' dir='ltr'><strong>la</strong></span> <span class='ocrx_word' id='word_1_199' title='bbox 1026 2643 1163 2716; x_wconf 86' lang='lat' dir='ltr'><strong>praedas.</strong></span> 
     </span>
    </p>

    <p class='ocr_par' dir='ltr' id='par_1_4' title="bbox 137 2723 1231 2809">
     <span class='ocr_line' id='line_1_25' title="bbox 137 2723 1231 2809; baseline 0.005 -28"><span class='ocrx_word' id='word_1_200' title='bbox 137 2789 141 2795; x_wconf 43' lang='grc'><strong>,</strong></span> <span class='ocrx_word' id='word_1_201' title='bbox 189 2724 305 2800; x_wconf 80' lang='lat' dir='ltr'><strong>gendum</strong></span> <span class='ocrx_word' id='word_1_202' title='bbox 318 2725 472 2782; x_wconf 83' lang='lat' dir='ltr'><strong>videbatur:</strong></span> <span class='ocrx_word' id='word_1_203' title='bbox 487 2723 636 2792; x_wconf 75' lang='lat' dir='ltr'><strong>10,1l.17.</strong></span> <span class='ocrx_word' id='word_1_204' title='bbox 725 2728 753 2786; x_wconf 83' lang='lat'><strong>8.</strong></span> <span class='ocrx_word' id='word_1_205' title='bbox 781 2736 814 2788; x_wconf 84' lang='lat' dir='ltr'><strong>ut</strong></span> <span class='ocrx_word' id='word_1_206' title='bbox 835 2729 866 2784; x_wconf 82' lang='lat' dir='ltr'><strong>in</strong></span> <span class='ocrx_word' id='word_1_207' title='bbox 885 2726 1030 2786; x_wconf 81' lang='lat' dir='ltr'><strong>Calenum</strong></span> <span class='ocrx_word' id='word_1_208' title='bbox 1056 2749 1173 2809; x_wconf 79' lang='lat' dir='ltr'><strong>agrum</strong></span> <span class='ocrx_word' id='word_1_209' title='bbox 1192 2750 1231 2786; x_wconf 85' lang='lat' dir='ltr'><strong>ue-</strong></span> 
     </span>
    </p>

    <p class='ocr_par' dir='ltr' id='par_1_5' title="bbox 136 2812 1230 3593">
     <span class='ocr_line' id='line_1_26' title="bbox 136 2812 1230 2888; baseline 0.005 -20"><span class='ocrx_word' id='word_1_210' title='bbox 136 2814 163 2869; x_wconf 79' lang='grc'><strong>3.</strong></span> <span class='ocrx_word' id='word_1_211' title='bbox 190 2812 234 2868; x_wconf 79' lang='lat' dir='ltr'><strong>ed</strong></span> <span class='ocrx_word' id='word_1_212' title='bbox 248 2814 440 2888; x_wconf 81' lang='lat' dir='ltr'><strong>populandos</strong></span> <span class='ocrx_word' id='word_1_213' title='bbox 458 2813 574 2886; x_wconf 83' lang='lat' dir='ltr'><strong>imperii</strong></span> <span class='ocrx_word' id='word_1_214' title='bbox 590 2831 636 2867; x_wconf 88' lang='lat' dir='ltr'><strong>ro·</strong></span> <span class='ocrx_word' id='word_1_215' title='bbox 779 2816 838 2872; x_wconf 67' lang='lat' dir='ltr'><strong>nite</strong></span> <span class='ocrx_word' id='word_1_216' title='bbox 856 2814 892 2873; x_wconf 85' lang='grc' dir='ltr'><strong>Μ.</strong></span> <span class='ocrx_word' id='word_1_217' title='bbox 907 2845 940 2856; x_wconf 94' lang='grc'>-</span> <span class='ocrx_word' id='word_1_218' title='bbox 954 2813 989 2869; x_wconf 90' lang='lat' dir='ltr'><strong>P:</strong></span> <span class='ocrx_word' id='word_1_219' title='bbox 1010 2824 1041 2870; x_wconf 86' lang='lat' dir='ltr'><strong>nt</strong></span> <span class='ocrx_word' id='word_1_220' title='bbox 1061 2819 1092 2873; x_wconf 91' lang='lat' dir='ltr'><strong>in</strong></span> <span class='ocrx_word' id='word_1_221' title='bbox 1112 2817 1230 2875; x_wconf 84' lang='lat' dir='ltr'><strong>calenum</strong></span> 
     </span>
     <span class='ocr_line' id='line_1_27' title="bbox 188 2898 1229 2980; baseline 0.004 -25"><span class='ocrx_word' id='word_1_222' title='bbox 188 2902 273 2955; x_wconf 81' lang='lat' dir='ltr'><strong>moui</strong></span> <span class='ocrx_word' id='word_1_223' title='bbox 281 2900 382 2975; x_wconf 84' lang='lat' dir='ltr'><strong>fines:</strong></span> <span class='ocrx_word' id='word_1_224' title='bbox 400 2898 442 2971; x_wconf 85' lang='lat' dir='ltr'><strong>Ill]</strong></span> <span class='ocrx_word' id='word_1_225' title='bbox 462 2899 497 2960; x_wconf 82' lang='lat' dir='ltr'><strong>ad</strong></span> <span class='ocrx_word' id='word_1_226' title='bbox 515 2899 635 2977; x_wconf 91' lang='lat' dir='ltr'><strong>depopu·</strong></span> <span class='ocrx_word' id='word_1_227' title='bbox 778 2905 861 2960; x_wconf 89' lang='lat' dir='ltr'><strong>uenit.</strong></span> <span class='ocrx_word' id='word_1_228' title='bbox 875 2932 908 2942; x_wconf 91' lang='lat'><strong>·-</strong></span> <span class='ocrx_word' id='word_1_229' title='bbox 927 2899 1012 2956; x_wconf 87' lang='lat' dir='ltr'><strong>Paulo</strong></span> <span class='ocrx_word' id='word_1_230' title='bbox 1024 2913 1093 2980; x_wconf 88' lang='lat' dir='ltr'><strong>post</strong></span> <span class='ocrx_word' id='word_1_231' title='bbox 1111 2905 1177 2961; x_wconf 83' lang='lat' dir='ltr'><strong>Plll:</strong></span> <span class='ocrx_word' id='word_1_232' title='bbox 1190 2906 1229 2960; x_wconf 80' lang='lat' dir='ltr'><strong>ho</strong></span> 
     </span>
     <span class='ocr_line' id='line_1_28' title="bbox 186 2985 1229 3059; baseline 0.003 -17"><span class='ocrx_word' id='word_1_233' title='bbox 186 2985 284 3044; x_wconf 81' lang='lat' dir='ltr'><strong>landos</strong></span> <span class='ocrx_word' id='word_1_234' title='bbox 314 2997 365 3043; x_wconf 85' lang='lat' dir='ltr'><strong>cet.</strong></span> <span class='ocrx_word' id='word_1_235' title='bbox 412 2987 516 3043; x_wconf 84' lang='lat' dir='ltr'><strong>Eodem</strong></span> <span class='ocrx_word' id='word_1_236' title='bbox 551 3006 634 3059; x_wconf 82' lang='lat' dir='ltr'><strong>pravo</strong></span> <span class='ocrx_word' id='word_1_237' title='bbox 777 2991 830 3044; x_wconf 83' lang='lat' dir='ltr'><strong>stis</strong></span> <span class='ocrx_word' id='word_1_238' title='bbox 850 2988 962 3047; x_wconf 82' lang='lat' dir='ltr'><strong>trahere.</strong></span> <span class='ocrx_word' id='word_1_239' title='bbox 985 3020 1021 3029; x_wconf 94' lang='lat'><strong>—</strong></span> <span class='ocrx_word' id='word_1_240' title='bbox 1043 2989 1116 3051; x_wconf 85' lang='lat' dir='ltr'><strong>Pall.</strong></span> <span class='ocrx_word' id='word_1_241' title='bbox 1135 2992 1187 3050; x_wconf 79' lang='lat' dir='ltr'><strong>al:</strong></span> <span class='ocrx_word' id='word_1_242' title='bbox 1204 3001 1229 3046; x_wconf 91' lang='lat' dir='ltr'><strong>ut</strong></span> 
     </span>
     <span class='ocr_line' id='line_1_29' title="bbox 187 3072 1227 3156; baseline 0.004 -25"><span class='ocrx_word' id='word_1_243' title='bbox 187 3075 348 3134; x_wconf 86' lang='lat' dir='ltr'><strong>emendandi</strong></span> <span class='ocrx_word' id='word_1_244' title='bbox 369 3073 474 3141; x_wconf 86' lang='lat' dir='ltr'><strong>studio,</strong></span> <span class='ocrx_word' id='word_1_245' title='bbox 501 3093 554 3150; x_wconf 87' lang='lat' dir='ltr'><strong>quo</strong></span> <span class='ocrx_word' id='word_1_246' title='bbox 582 3072 634 3128; x_wconf 87' lang='lat' dir='ltr'><strong>hoc</strong></span> <span class='ocrx_word' id='word_1_247' title='bbox 777 3078 823 3133; x_wconf 83' lang='lat' dir='ltr'><strong>uix</strong></span> <span class='ocrx_word' id='word_1_248' title='bbox 852 3076 980 3150; x_wconf 84' lang='lat' dir='ltr'><strong>explicari</strong></span> <span class='ocrx_word' id='word_1_249' title='bbox 1007 3097 1107 3152; x_wconf 80' lang='lat' dir='ltr'><strong>agmen</strong></span> <span class='ocrx_word' id='word_1_250' title='bbox 1134 3080 1227 3156; x_wconf 84' lang='lat' dir='ltr'><strong>possit.</strong></span> 
     </span>
     <span class='ocr_line' id='line_1_30' title="bbox 186 3160 1227 3231; baseline 0.004 -13"><span class='ocrx_word' id='word_1_251' title='bbox 186 3161 248 3219; x_wconf 87' lang='lat' dir='ltr'><strong>loeo</strong></span> <span class='ocrx_word' id='word_1_252' title='bbox 277 3164 307 3224; x_wconf 89' lang='lat' dir='ltr'><strong>in</strong></span> <span class='ocrx_word' id='word_1_253' title='bbox 344 3161 468 3220; x_wconf 90' lang='lat' dir='ltr'><strong>omnihus</strong></span> <span class='ocrx_word' id='word_1_254' title='bbox 497 3160 634 3224; x_wconf 67' lang='lat' dir='ltr'><strong>Dialem.</strong></span> <span class='ocrx_word' id='word_1_255' title='bbox 776 3194 810 3207; x_wconf 89' lang='lat'>-</span> <span class='ocrx_word' id='word_1_256' title='bbox 838 3162 878 3218; x_wconf 83' lang='lat' dir='ltr'><strong>tl:</strong></span> <span class='ocrx_word' id='word_1_257' title='bbox 905 3184 980 3231; x_wconf 85' lang='lat' dir='ltr'><strong>„uec</strong></span> <span class='ocrx_word' id='word_1_258' title='bbox 1002 3174 1057 3220; x_wconf 79' lang='lat' dir='ltr'><strong>tam</strong></span> <span class='ocrx_word' id='word_1_259' title='bbox 1087 3176 1227 3222; x_wconf 84' lang='lat' dir='ltr'><strong>oneratum</strong></span> 
     </span>
     <span class='ocr_line' id='line_1_31' title="bbox 186 3245 1225 3327; baseline 0.002 -21"><span class='ocrx_word' id='word_1_260' title='bbox 186 3249 266 3309; x_wconf 86' lang='lat' dir='ltr'><strong>codd.</strong></span> <span class='ocrx_word' id='word_1_261' title='bbox 285 3250 526 3327; x_wconf 82' lang='lat' dir='ltr'><strong>depopulandos,</strong></span> <span class='ocrx_word' id='word_1_262' title='bbox 551 3245 632 3325; x_wconf 91' lang='lat' dir='ltr'><strong>paulo</strong></span> <span class='ocrx_word' id='word_1_263' title='bbox 774 3270 868 3327; x_wconf 82' lang='lat' dir='ltr'><strong>agmen</strong></span> <span class='ocrx_word' id='word_1_264' title='bbox 898 3251 1096 3311; x_wconf 87' lang='lat' dir='ltr'><strong>dimicationib.</strong></span> <span class='ocrx_word' id='word_1_265' title='bbox 1132 3257 1225 3310; x_wconf 77' lang='lat' dir='ltr'><strong>eomit-</strong></span> 
     </span>
     <span class='ocr_line' id='line_1_32' title="bbox 184 3336 1224 3414; baseline 0.007 -22"><span class='ocrx_word' id='word_1_266' title='bbox 184 3347 248 3414; x_wconf 89' lang='lat' dir='ltr'><strong>post</strong></span> <span class='ocrx_word' id='word_1_267' title='bbox 260 3340 288 3394; x_wconf 91' lang='lat' dir='ltr'><strong>iu</strong></span> <span class='ocrx_word' id='word_1_268' title='bbox 298 3337 400 3394; x_wconf 88' lang='lat' dir='ltr'><strong>eisdem</strong></span> <span class='ocrx_word' id='word_1_269' title='bbox 414 3346 440 3391; x_wconf 89' lang='lat' dir='ltr'><strong>et</strong></span> <span class='ocrx_word' id='word_1_270' title='bbox 450 3339 478 3392; x_wconf 92' lang='lat' dir='ltr'><strong>iu</strong></span> <span class='ocrx_word' id='word_1_271' title='bbox 489 3336 554 3396; x_wconf 88' lang='lat' dir='ltr'><strong>Pall.</strong></span> <span class='ocrx_word' id='word_1_272' title='bbox 569 3338 594 3395; x_wconf 92' lang='lat' dir='ltr'><strong>l.</strong></span> <span class='ocrx_word' id='word_1_273' title='bbox 605 3338 631 3397; x_wconf 83' lang='lat'><strong>3.</strong></span> <span class='ocrx_word' id='word_1_274' title='bbox 774 3344 858 3394; x_wconf 84' lang='lat' dir='ltr'><strong>tant“</strong></span> <span class='ocrx_word' id='word_1_275' title='bbox 871 3341 889 3397; x_wconf 92' lang='lat' dir='ltr'><strong>i.</strong></span> <span class='ocrx_word' id='word_1_276' title='bbox 903 3359 926 3397; x_wconf 89' lang='lat' dir='ltr'><strong>e.</strong></span> <span class='ocrx_word' id='word_1_277' title='bbox 940 3339 1174 3400; x_wconf 83' lang='lat' dir='ltr'><strong>dimicationibus.</strong></span> <span class='ocrx_word' id='word_1_278' title='bbox 1192 3340 1224 3400; x_wconf 83' lang='lat' dir='ltr'><strong>ct</strong></span> 
     </span>
     <span class='ocr_line' id='line_1_33' title="bbox 184 3423 1172 3505; baseline 0.005 -26"><span class='ocrx_word' id='word_1_279' title='bbox 184 3424 525 3500; x_wconf 73' lang='lat' dir='ltr'><strong>depopulationibuaque</strong></span> <span class='ocrx_word' id='word_1_280' title='bbox 564 3425 630 3480; x_wconf 85' lang='lat' dir='ltr'><strong>scri·</strong></span> <span class='ocrx_word' id='word_1_281' title='bbox 773 3423 833 3484; x_wconf 82' lang='lat' dir='ltr'><strong>Cic.</strong></span> <span class='ocrx_word' id='word_1_282' title='bbox 852 3445 890 3484; x_wconf 88' lang='lat' dir='ltr'><strong>or.</strong></span> <span class='ocrx_word' id='word_1_283' title='bbox 908 3445 960 3505; x_wconf 89' lang='lat' dir='ltr'><strong>pro</strong></span> <span class='ocrx_word' id='word_1_284' title='bbox 977 3427 1061 3486; x_wconf 81' lang='lat' dir='ltr'><strong>Arch.</strong></span> <span class='ocrx_word' id='word_1_285' title='bbox 1079 3429 1109 3496; x_wconf 84' lang='lat'><strong>6,</strong></span> <span class='ocrx_word' id='word_1_286' title='bbox 1128 3431 1172 3484; x_wconf 78' lang='lat'><strong>14.</strong></span> 
     </span>
     <span class='ocr_line' id='line_1_34' title="bbox 181 3511 1221 3593; baseline 0.007 -28"><span class='ocrx_word' id='word_1_287' title='bbox 181 3520 258 3589; x_wconf 88' lang='lat' dir='ltr'><strong>ptum</strong></span> <span class='ocrx_word' id='word_1_288' title='bbox 276 3522 325 3571; x_wconf 89' lang='lat' dir='ltr'><strong>est.</strong></span> <span class='ocrx_word' id='word_1_289' title='bbox 352 3512 387 3571; x_wconf 83' lang='lat' dir='ltr'><strong>el.</strong></span> <span class='ocrx_word' id='word_1_290' title='bbox 407 3515 451 3580; x_wconf 87' lang='lat'><strong>10,</strong></span> <span class='ocrx_word' id='word_1_291' title='bbox 471 3515 513 3574; x_wconf 81' lang='lat'><strong>18.</strong></span> <span class='ocrx_word' id='word_1_292' title='bbox 535 3543 569 3553; x_wconf 88' lang='lat'>-</span> <span class='ocrx_word' id='word_1_293' title='bbox 592 3511 628 3569; x_wconf 84' lang='lat' dir='ltr'><strong>P:</strong></span> <span class='ocrx_word' id='word_1_294' title='bbox 703 3517 744 3575; x_wconf 82' lang='lat'><strong>15.</strong></span> <span class='ocrx_word' id='word_1_295' title='bbox 771 3514 892 3571; x_wconf 75' lang='lat' dir='ltr'><strong>dimittit</strong></span> <span class='ocrx_word' id='word_1_296' title='bbox 912 3516 1029 3589; x_wconf 81' lang='lat' dir='ltr'><strong>equites</strong></span> <span class='ocrx_word' id='word_1_297' title='bbox 1054 3517 1110 3590; x_wconf 82' lang='lat' dir='ltr'><strong>qui</strong></span> <span class='ocrx_word' id='word_1_298' title='bbox 1126 3535 1221 3593; x_wconf 77' lang='lat' dir='ltr'><strong>uagos</strong></span> 
     </span>
    </p>

    <p class='ocr_par' dir='ltr' id='par_1_6' title="bbox 155 3597 1219 4123">
     <span class='ocr_line' id='line_1_35' title="bbox 155 3597 1219 3681; baseline 0.001 -26"><span class='ocrx_word' id='word_1_299' title='bbox 155 3657 161 3665; x_wconf 66' lang='grc'><strong>,</strong></span> <span class='ocrx_word' id='word_1_300' title='bbox 181 3597 217 3655; x_wconf 87' lang='lat' dir='ltr'><strong>ad</strong></span> <span class='ocrx_word' id='word_1_301' title='bbox 235 3599 403 3676; x_wconf 85' lang='lat' dir='ltr'><strong>populandos</strong></span> <span class='ocrx_word' id='word_1_302' title='bbox 422 3601 530 3676; x_wconf 89' lang='lat' dir='ltr'><strong>imperii</strong></span> <span class='ocrx_word' id='word_1_303' title='bbox 552 3600 627 3656; x_wconf 74' lang='lat' dir='ltr'><strong>lines</strong></span> <span class='ocrx_word' id='word_1_304' title='bbox 768 3602 967 3681; x_wconf 78' lang='lat' dir='ltr'><strong>praedatores</strong></span> <span class='ocrx_word' id='word_1_305' title='bbox 978 3603 1104 3678; x_wconf 75' lang='lat' dir='ltr'><strong>inegris</strong></span> <span class='ocrx_word' id='word_1_306' title='bbox 1113 3605 1219 3676; x_wconf 82' lang='lat' dir='ltr'><strong>pulon-</strong></span> 
     </span>
     <span class='ocr_line' id='line_1_36' title="bbox 179 3685 1217 3767; baseline 0.004 -25"><span class='ocrx_word' id='word_1_307' title='bbox 179 3718 212 3729; x_wconf 89' lang='lat'>-</span> <span class='ocrx_word' id='word_1_308' title='bbox 241 3685 325 3743; x_wconf 86' lang='lat' dir='ltr'><strong>Paulo</strong></span> <span class='ocrx_word' id='word_1_309' title='bbox 348 3698 410 3744; x_wconf 88' lang='lat' dir='ltr'><strong>ante</strong></span> <span class='ocrx_word' id='word_1_310' title='bbox 432 3690 564 3767; x_wconf 84' lang='lat' dir='ltr'><strong>scriptum</strong></span> <span class='ocrx_word' id='word_1_311' title='bbox 587 3699 629 3743; x_wconf 88' lang='lat' dir='ltr'><strong>est</strong></span> <span class='ocrx_word' id='word_1_312' title='bbox 771 3698 816 3745; x_wconf 82' lang='lat' dir='ltr'><strong>les</strong></span> <span class='ocrx_word' id='word_1_313' title='bbox 839 3689 1005 3762; x_wconf 76' lang='lat' dir='ltr'><strong>excipiunt.-</strong></span> <span class='ocrx_word' id='word_1_314' title='bbox 1032 3689 1054 3744; x_wconf 83' lang='lat' dir='ltr'>P</span> <span class='ocrx_word' id='word_1_315' title='bbox 1077 3690 1141 3749; x_wconf 86' lang='lat' dir='ltr'><strong>cod.</strong></span> <span class='ocrx_word' id='word_1_316' title='bbox 1164 3686 1217 3762; x_wconf 84' lang='lat' dir='ltr'><strong>Sig.</strong></span> 
     </span>
     <span class='ocr_line' id='line_1_37' title="bbox 179 3772 1218 3852; baseline 0.003 -23"><span class='ocrx_word' id='word_1_317' title='bbox 179 3774 209 3829; x_wconf 87' lang='lat' dir='ltr'><strong>iu</strong></span> <span class='ocrx_word' id='word_1_318' title='bbox 227 3772 276 3831; x_wconf 75' lang='grc' dir='ltr'><strong>ΡΜ</strong></span> <span class='ocrx_word' id='word_1_319' title='bbox 295 3777 404 3842; x_wconf 80' lang='lat' dir='ltr'><strong>„umbo</strong></span> <span class='ocrx_word' id='word_1_320' title='bbox 423 3781 536 3843; x_wconf 41' lang='lat' dir='ltr'><strong>canem,</strong></span> <span class='ocrx_word' id='word_1_321' title='bbox 554 3786 581 3831; x_wconf 89' lang='lat' dir='ltr'><strong>et</strong></span> <span class='ocrx_word' id='word_1_322' title='bbox 598 3778 625 3832; x_wconf 90' lang='lat' dir='ltr'><strong>iu</strong></span> <span class='ocrx_word' id='word_1_323' title='bbox 751 3809 806 3849; x_wconf 53' lang='lat' dir='ltr'><strong>ff·</strong></span> <span class='ocrx_word' id='word_1_324' title='bbox 822 3774 862 3831; x_wconf 81' lang='lat' dir='ltr'><strong>ll:</strong></span> <span class='ocrx_word' id='word_1_325' title='bbox 881 3778 927 3852; x_wconf 89' lang='lat' dir='ltr'><strong>qui</strong></span> <span class='ocrx_word' id='word_1_326' title='bbox 946 3795 1030 3847; x_wconf 87' lang='lat' dir='ltr'><strong>uagos</strong></span> <span class='ocrx_word' id='word_1_327' title='bbox 1043 3777 1218 3852; x_wconf 83' lang='lat' dir='ltr'><strong>praedatores</strong></span> 
     </span>
     <span class='ocr_line' id='line_1_38' title="bbox 176 3858 1216 3939; baseline 0.006 -23"><span class='ocrx_word' id='word_1_328' title='bbox 176 3858 200 3914; x_wconf 84' lang='grc' dir='ltr'><strong><em>Ρ</em></strong></span> <span class='ocrx_word' id='word_1_329' title='bbox 218 3879 253 3919; x_wconf 89' lang='lat' dir='ltr'><strong>m.</strong></span> <span class='ocrx_word' id='word_1_330' title='bbox 271 3861 342 3922; x_wconf 78' lang='lat' dir='ltr'><strong>tttl</strong></span> <span class='ocrx_word' id='word_1_331' title='bbox 364 3865 415 3930; x_wconf 88' lang='lat' dir='ltr'><strong>„iu</strong></span> <span class='ocrx_word' id='word_1_332' title='bbox 438 3866 543 3922; x_wconf 84' lang='lat' dir='ltr'><strong>samnio</strong></span> <span class='ocrx_word' id='word_1_333' title='bbox 561 3867 626 3919; x_wconf 90' lang='lat' dir='ltr'><strong>noui</strong></span> <span class='ocrx_word' id='word_1_334' title='bbox 768 3866 797 3919; x_wconf 92' lang='lat' dir='ltr'><strong>in</strong></span> <span class='ocrx_word' id='word_1_335' title='bbox 816 3883 894 3937; x_wconf 82' lang='lat' dir='ltr'><strong>agros</strong></span> <span class='ocrx_word' id='word_1_336' title='bbox 912 3860 1033 3936; x_wconf 87' lang='lat' dir='ltr'><strong>palantes</strong></span> <span class='ocrx_word' id='word_1_337' title='bbox 1057 3865 1216 3939; x_wconf 76' lang='lat' dir='ltr'><strong>incipilaot.</strong></span> 
     </span>
     <span class='ocr_line' id='line_1_39' title="bbox 176 3948 1182 4025; baseline 0.01 -24"><span class='ocrx_word' id='word_1_338' title='bbox 176 3951 345 4018; x_wconf 46' lang='lat' dir='ltr'><strong>exereitum</strong></span> <span class='ocrx_word' id='word_1_339' title='bbox 364 3972 425 4007; x_wconf 85' lang='lat' dir='ltr'><strong>cum</strong></span> <span class='ocrx_word' id='word_1_340' title='bbox 438 3973 545 4010; x_wconf 85' lang='lat' dir='ltr'><strong>manum</strong></span> <span class='ocrx_word' id='word_1_341' title='bbox 560 3955 584 4010; x_wconf 94' lang='lat' dir='ltr'><strong>l.</strong></span> <span class='ocrx_word' id='word_1_342' title='bbox 596 3954 624 4006; x_wconf 92' lang='lat' dir='ltr'><strong>in</strong></span> <span class='ocrx_word' id='word_1_343' title='bbox 766 3948 856 4010; x_wconf 76' lang='lat' dir='ltr'><strong>codd.</strong></span> <span class='ocrx_word' id='word_1_344' title='bbox 875 3950 1025 4009; x_wconf 84' lang='lat' dir='ltr'><strong>Draleub.:</strong></span> <span class='ocrx_word' id='word_1_345' title='bbox 1044 3952 1072 4006; x_wconf 92' lang='lat' dir='ltr'><strong>in</strong></span> <span class='ocrx_word' id='word_1_346' title='bbox 1092 3971 1182 4025; x_wconf 85' lang='lat' dir='ltr'><strong>agros.</strong></span> 
     </span>
     <span class='ocr_line' id='line_1_40' title="bbox 176 4029 1214 4123; baseline 0.007 -34"><span class='ocrx_word' id='word_1_347' title='bbox 176 4029 290 4090; x_wconf 72' lang='lat' dir='ltr'><strong>Paoua·</strong></span> <span class='ocrx_word' id='word_1_348' title='bbox 306 4038 426 4112; x_wconf 80' lang='lat' dir='ltr'><strong>fugisset.</strong></span> <span class='ocrx_word' id='word_1_349' title='bbox 697 4040 738 4096; x_wconf 83' lang='lat'><strong>17.</strong></span> <span class='ocrx_word' id='word_1_350' title='bbox 765 4038 836 4096; x_wconf 84' lang='lat' dir='ltr'><strong>inde</strong></span> <span class='ocrx_word' id='word_1_351' title='bbox 864 4041 953 4096; x_wconf 80' lang='lat' dir='ltr'><strong>tertia</strong></span> <span class='ocrx_word' id='word_1_352' title='bbox 984 4039 1092 4123; x_wconf 71' lang='lat' dir='ltr'><strong>uigilia</strong></span> <span class='ocrx_word' id='word_1_353' title='bbox 1122 4049 1214 4096; x_wconf 78' lang='lat' dir='ltr'><strong>motu·</strong></span> 
     </span>
    </p>
   </div>
   <div class='ocr_carea' id='block_1_4' title="bbox 0 0 1317 4590">
    <p class='ocr_par' dir='ltr' id='par_1_7' title="bbox 0 0 1317 4590">
     <span class='ocr_line' id='line_1_41' title="bbox 0 0 1317 4590; baseline 0 0"><span class='ocrx_word' id='word_1_354' title='bbox 0 0 1317 4590; x_wconf 95' lang='lat' dir='ltr'><strong> </strong></span> 
     </span>
    </p>
   </div>
  </div>
 </body>
</html>
