2618 4590
174 224 238 342 roa
642 278 826 341 rursm.

88 518 96 544 ἱ
174 460 208 517 et
232 449 385 517 extollere
408 447 532 518 animos
555 455 589 514 et
608 443 753 512 tniuuere
774 442 887 534 potuit.
925 436 1084 530 usquead
1107 450 1210 507 c'astra
1232 439 1277 506 fu·

175 555 296 644 gientes
312 552 467 620 Hernicos
485 552 649 618 Romanus
663 549 815 640 sequitur,
837 557 1014 615 castrorum
1030 536 1277 636 opbugnatione,

110 670 114 697 ¹
179 659 253 747 quia
275 680 383 725 serum
405 667 473 724 emt
494 656 565 740 diei,
588 655 779 722 abstinuere.
817 654 870 719 diu
885 674 950 721 non
965 650 1146 740 perlitatum
1168 662 1277 718 tenue-

175 772 224 828 rat
245 762 432 830 dictatorem
453 785 495 828 ne
517 771 591 828 ante
612 759 779 828 meridiem
794 758 919 849 signum
942 757 1017 822 dare
1039 767 1164 846 posset:
1189 781 1228 824 eo
1244 758 1275 822 in

79 906 85 922 ·
145 877 304 934 bnoctem
331 877 468 934 tractum
502 876 570 932 erat
603 874 775 933 certamen.
811 875 944 955 postero
969 862 1019 928 die
1049 863 1172 928 deserta
1201 863 1275 953 iuga

175 978 277 1037 castra
299 971 512 1038 Hernicorum
534 980 568 1037 et
589 970 688 1037 saucii
709 969 809 1036 relicti
832 968 962 1059 quidam
988 966 1123 1049 inventi,
1151 990 1276 1057 agmen·

175 1099 239 1165 que
262 1074 449 1165 fugientium
471 1074 511 1139 ab
535 1073 681 1164 Signinis,
707 1098 782 1141 cum
803 1084 929 1164 praeter
948 1070 1074 1138 moenia
1097 1094 1209 1137 eorum
1230 1072 1277 1138 in-

64 1207 67 1213 ’
179 1178 356 1268 frequentia
380 1189 550 1267 conspecta
574 1178 662 1269 signa
685 1191 806 1263 essent,
835 1180 943 1246 fusum
965 1200 1003 1244 ae
1023 1198 1082 1266 per
1104 1200 1196 1267 agros
1217 1187 1277 1243 tre-

34 1358 38 1371 ,
176 1283 250 1373 pida
273 1282 347 1372 fugo
363 1281 506 1369 palatum
529 1293 587 1350 est.
624 1308 685 1350 nec
700 1285 852 1351 Romanis
874 1284 1037 1353 incruenta
1057 1281 1188 1348 victoria
1203 1280 1278 1347 tuit:

27 1396 31 1407 '
133 1396 291 1493 toquartq
313 1408 386 1476 pars
408 1385 544 1455 militum
567 1387 691 1471 amissa,
714 1399 746 1456 et
767 1389 823 1456 ubi
837 1388 923 1454 haud
936 1388 1041 1454 minus
1056 1386 1194 1453 iacturae
1209 1372 1291 1466 tuit(

176 1491 298 1581 aliquot
319 1489 443 1581 equites
465 1491 601 1558 Romani
623 1492 777 1562 cecidere.

268 1594 324 1662 lX.
368 1595 551 1685 Insequenti
573 1621 657 1664 anno
680 1623 755 1665 curn
776 1597 814 1667 C.
836 1597 995 1688 Sulpicius
1024 1606 1056 1663 et
1082 1595 1180 1662 Gaius
1201 1590 1279 1660 Lict

176 1699 248 1766 nius
270 1696 388 1766 Calvus
411 1699 561 1768 consules
581 1701 615 1767 in
636 1702 791 1771 Hernicos
814 1703 989 1775 exereitum
1017 1700 1195 1782 duxissent,
1224 1722 1277 1764 ne-

105 1803 111 1823 *
178 1827 242 1894 quc
264 1802 399 1872 inventis
421 1802 454 1869 in
477 1829 551 1894 agro
574 1805 720 1875 hostibus
741 1808 947 1877 Ferentinum
975 1805 1089 1875 urbem
1112 1827 1226 1871 eorum
1246 1802 1277 1868 vi

131 1925 165 1981 15
177 1907 352 1996 cepissent,
386 1910 618 1978 revertentibus
644 1912 718 1980 inde
747 1913 793 1980 eis
815 1913 965 1978 Tiburtes
993 1921 1101 2000 portas
1125 1909 1277 1976 clausere.

178 2035 216 2080 ea
238 2010 348 2079 ultima
371 2011 430 2079 tuit
457 2037 568 2100 causo,
601 2039 677 2085 cum
705 2018 825 2103 multae
853 2027 927 2083 ante
954 2014 1172 2105 querimoniae
1193 2013 1277 2080 ultro

196 2202 221 2259 Μ.
247 2201 401 2258 Romanus
414 2207 564 2278 seqnitur.-
582 2205 655 2265 nm.
665 2210 691 2267 3.

834 2207 916 2265 iidem
934 2206 1040 2282 Signini
1063 2204 1157 2261 fideles
1178 2197 1278 2281 populo

248 2286 279 2344 P.
299 2319 332 2330 -
350 2285 377 2343 Μ
395 2308 430 2344 m.
451 2291 489 2348 1.:
506 2308 641 2350 romanos.
657 2325 692 2336 -
833 2291 912 2353 Rom.
935 2296 1066 2350 mansisse
1088 2291 1215 2349 dicuntur
1235 2294 1277 2358 27,

249 2370 327 2429 Leid.
347 2391 377 2430 n:
396 2384 544 2433 castrorum
557 2396 692 2455 oppugua-

248 2460 352 2515 tionem
363 2489 398 2501 -
411 2460 555 2522 abstinere.
569 2494 601 2506 —
615 2464 692 2523 Multi

249 2563 318 2622 rece.
350 2544 443 2602 codd:
478 2550 622 2612 abstinere.
657 2587 692 2596 -

248 2628 331 2688 Paulo
348 2643 413 2711 post
428 2633 470 2692 M:
489 2656 523 2693 ue
535 2647 596 2694 ante
613 2643 693 2696 meri·

248 2716 309 2775 diae
320 2721 434 2794 signum.
452 2742 487 2781 nr.
500 2725 538 2782 2:
555 2727 693 2786 meridiei.

196 2804 223 2862 b.
248 2817 372 2880 postero
390 2808 453 2866 die:
471 2808 579 2872 Pllarl.
592 2816 627 2887 t.]
644 2835 693 2890 po·

249 2901 321 2949 atero
345 2893 476 2967 dietll).
513 2896 556 2958 Cf.
578 2903 610 2969 b,
634 2903 693 2961 Μή

249 2980 278 3034 in
296 2989 434 3055 posteram
451 2981 522 3041 diem
541 2985 635 3056 (ΡΜ).
654 2986 688 3048 al.

195 3064 225 3119 7.
251 3065 288 3118 ab
306 3063 441 3143 Signinis
468 3077 495 3123 et
518 3072 570 3146 ipsi
593 3093 627 3128 ex
650 3095 695 3132 ve-

252 3149 358 3205 rissima
376 3147 446 3209 Lod.
464 3150 586 3215 Crevieri
607 3163 696 3217 conie-

144 3270 152 3279 -
251 3242 325 3291 otura
361 3239 442 3294 scribi
472 3241 607 3305 iussimus.
646 3247 696 3305 ΡΜ

252 3320 323 3379 rell:
342 3326 380 3381 ab
398 3327 502 3405 signis.
520 3332 561 3387 sic
573 3334 599 3402 o,
611 3335 654 3393 to.
667 3337 695 3392 in

250 3406 277 3463 Μ
305 3413 389 3468 uenis
419 3416 549 3493 scriptum
578 3419 696 3479 vidimus

249 3514 300 3569 pro
324 3501 427 3565 „uenis
449 3504 534 3564 nisi“.
563 3508 594 3575 8,
617 3509 643 3567 3.
666 3511 695 3565 in

249 3578 277 3634 Μ
302 3585 409 3656 quidem
437 3600 558 3664 praeter
586 3594 695 3674 signio,

251 3666 280 3720 in
299 3666 321 3723 P
335 3677 403 3744 pter·
420 3677 509 3754 signa
525 3698 576 3756 pro
595 3703 695 3759 „prae-

251 3758 294 3806 ter
305 3753 454 3829 Signiam“.
473 3763 506 3824 al.
523 3766 643 3842 Signiam
655 3773 695 3827 in·

250 3846 293 3894 ter
312 3838 445 3902 Hernicos
468 3859 495 3906 et
513 3851 634 3913 ‘Volscos
659 3861 694 3915 si·

248 3931 303 3982 tem
320 3925 481 4006 Tarquinius
497 3937 565 4019 Sup.
583 3944 694 4002 colonor

249 4009 410 4088 deduxerat,
439 4028 604 4098 praesidinm
633 4033 695 4089 urbi

246 4094 383 4160 Romanae
401 4106 519 4167 futurum
546 4118 597 4183 (1,
625 4121 694 4189 bb).

835 2386 879 2440 10.
911 2381 940 2438 bi
958 2380 1076 2455 Signini,
1095 2399 1155 2437 cum
1173 2388 1280 2454 praeter

834 2471 938 2526 moenia
965 2488 1012 2525 sua
1034 2465 1213 2524 Hernicorum
1240 2469 1279 2521 in-

833 2554 1280 2633 frequentiasignaoonspexissent‚

834 2641 1281 2721 armacrpiuntetfunduntrgmeu

833 2731 1005 2804 fugientium,
1022 2729 1097 2807 quod
1115 2727 1213 2785 deinde
1229 2746 1280 2805 per

834 2837 912 2894 agros
929 2816 1049 2895 palatum
1065 2826 1114 2876 est.
1126 2847 1162 2858 -
1180 2815 1220 2872 ld:
1238 2817 1280 2870 in·

834 2905 984 2984 frequentia
994 2914 1141 2981 conspectu
1154 2906 1280 2978 signa.-

834 2991 858 3048 P
874 3013 910 3051 m.
930 2996 968 3052 1.:
987 2992 1133 3050 corridere.

766 3081 810 3138 12.
837 3080 1005 3154 insequenti
1014 3100 1092 3136 anno
1105 3098 1170 3153 cum
1181 3079 1281 3135 lucius

835 3166 978 3240 sulpicius
1002 3177 1032 3223 et
1051 3168 1142 3246 gaius
1163 3167 1282 3224 licinius

836 3253 941 3310 culuus
960 3275 1020 3314 eos.
1039 3265 1102 3313 cet:
1125 3252 1181 3312 ΡΜ
1199 3254 1281 3321 „Lu-

836 3343 899 3398 cius
911 3340 1073 3422 Sulpicius“
1092 3343 1171 3398 etiam
1182 3342 1211 3396 in
1223 3337 1282 3395 rell.

836 3426 915 3487 codd.
926 3432 1056 3506 scriptum
1066 3439 1116 3488 est.
1126 3428 1235 3495 clima
1250 3423 1282 3482 C.

836 3512 968 3591 Sulpicio.
982 3548 1016 3558 —
1028 3514 1121 3593 Neque
1133 3518 1206 3574 inu:
1218 3517 1244 3580 b,
1258 3515 1282 3570 1.

767 3600 810 3659 16.
836 3619 874 3660 ea
893 3604 998 3660 ultimo
1008 3604 1077 3677 fuit
1093 3622 1203 3660 causa.-
1226 3597 1284 3657 ΡΜ.

837 3718 872 3730 -
899 3688 980 3753 Reor.
1008 3689 1103 3750 codd:
1133 3710 1165 3746 ea
1191 3687 1283 3745 ultima

836 3793 916 3833 causa
934 3776 993 3836 tuit.
1043 3799 1047 3805 ·

777 3892 819 3931 ¹-
837 3882 904 3920 cnm
921 3866 1033 3921 multae
1050 3872 1120 3921 ante
1139 3864 1285 3941 querimo-

836 3954 905 4009 niae
920 3953 998 4009 ultro
1011 3953 1146 4025 citroque
1157 3953 1284 4007 incida

835 4048 952 4095 errent.-
968 4037 1034 4109 ΡΜ]
1047 4058 1109 4095 cum
1123 4036 1223 4095 multae
1240 4055 1285 4093 an·

835 4134 878 4180 tea
897 4135 947 4181 eet.
965 4122 1048 4195 (Poll.
1067 4134 1094 4180 et
1106 4123 1242 4182 Drakenb.
1256 4130 1285 4179 ut
