2618 4590
507 281 616 347 num
633 283 703 344 vui.
1042 343 1049 369 Ι
1088 266 1153 337 317
1175 302 1179 311 ·

52 448 228 539 pavebant:
251 445 307 512 ubi
329 464 406 513 vero
429 445 548 512 corruit
570 445 702 512 obrutus
719 445 800 530 telis,
821 444 895 512 inde
910 446 974 513 iarn
989 444 1075 511 baud
1096 443 1152 509 du-

45 553 105 637 bie
134 562 354 620 consternatae
385 550 533 619 cohortes
560 548 746 616 Latinorum
771 549 879 639 lugam
908 573 946 615 ac
972 549 1151 616 vastitatem

44 656 116 724 'late
144 652 297 729 lecerunt.
338 655 432 722 simul
462 665 496 722 et
515 653 651 741 Romani
681 654 834 721 exsolutis
866 653 1017 743 religione
1040 651 1152 718 animis

52 762 142 829 velut
161 771 232 827 tum
254 760 392 850 primum
413 760 503 850 signo
526 758 601 829 dato
624 760 726 827 coorti
747 754 891 849 pugnam
914 759 1069 847 integram
1090 755 1152 823 edi·

53 867 182 931 derunt:
211 889 286 931 nam
308 877 341 933 et
363 865 461 932 rorari
482 863 712 954 procurrebant
733 863 815 929 inter
837 863 1034 952 antepilanos
1060 860 1182 930 adde-5

52 971 194 1059 bantque
215 949 299 1036 vires
319 968 450 1037 hastatis
474 991 511 1034 ac
533 967 736 1058 principibus,
761 978 794 1034 et
815 968 912 1036 triarii
932 991 1017 1057 genu
1039 966 1152 1033 dextro

51 1073 149 1142 innixi
171 1085 284 1141 nutum
306 1073 445 1141 consulis
468 1073 509 1140 ad
532 1071 787 1161 consurgendum
809 1072 1031 1161 expectabant.

139 1175 181 1244 X.
225 1179 423 1247 Procedente
451 1177 565 1246 deinde
600 1177 771 1244 certamine
804 1198 881 1241 cum
914 1175 982 1241 aliis
1011 1175 1152 1265 partibus
1258 1165 1260 1171 ’

51 1281 220 1349 multitudo
236 1294 400 1373 superaret
415 1280 611 1363 Latinorum,
625 1276 763 1347 Manlius
780 1279 895 1347 consul
911 1281 1018 1348 audito
1035 1291 1154 1348 eventu

52 1387 193 1476 collegae
217 1410 291 1452 cum
312 1425 357 1435 -
379 1397 415 1454 ut
436 1387 485 1453 ius
508 1386 621 1476 sasque
644 1396 712 1452 erat
726 1425 770 1434 —
786 1384 935 1452 lacrumis
958 1408 1024 1452 non
1045 1385 1151 1451 minus
1164 1393 1200 1450 1⁰

52 1516 149 1582 quam
176 1490 323 1556 laudibus
351 1490 463 1558 debitis
492 1498 681 1582 prosecutus
708 1500 775 1556 tam
801 1490 1044 1557 memorabilem
1069 1492 1166 1557 mor·'

51 1607 119 1663 tem
141 1607 235 1677 esset,
258 1594 419 1685 paulisper
442 1594 639 1661 addubitavit
660 1618 701 1658 an
723 1593 932 1682 consurgendi
955 1594 1019 1659 iam
1040 1594 1153 1660 triariis
1236 1674 1240 1687 ,

50 1711 180 1788 tempus
204 1709 302 1765 esset:
327 1699 440 1765 deinde
462 1699 577 1775 melius
598 1710 685 1764 ratus
708 1697 848 1786 integros
871 1721 927 1762 eos
951 1699 991 1762 ad
1006 1697 1154 1764 ultimum

14 1879 20 1897 Ι
51 1803 223 1870 discrimen
250 1802 384 1885 servari,
418 1825 570 1869 accensos
600 1803 640 1868 ab
668 1801 840 1879 novissima
867 1801 934 1867 acie
964 1813 1037 1869 ante
1065 1802 1153 1892 signa

52 1908 227 1999 procedere
250 1905 347 1973 iubet.
388 1907 442 1996 qui
464 1907 518 1973 ubi
540 1905 676 1992 subiere,
699 1905 862 1994 extemplo
884 1904 988 1972 Latini
1008 1943 1053 1957 --
1074 1911 1202 1975 tam-15

54 2037 153 2103 quam
186 2011 272 2077 idem
306 2010 475 2079 adversarii
503 2011 654 2080 fecissent
674 2049 719 2061 --
745 2009 867 2077 triarios
896 2033 972 2077 suos
1000 2013 1156 2082 excitave-
1191 2009 1194 2016 ’

72 2205 96 2259 1.
124 2202 209 2260 haud
218 2203 571 2261 dubieeonsternateeco·
712 2222 852 2260 manorum
874 2201 973 2279 milites
997 2205 1156 2292 complecta·

711 2299 794 2358 retur,
806 2293 1064 2350 necessevidebatur
1076 2297 1157 2350 etiam

83 2346 91 2353 ,
124 2289 241 2348 homes:
260 2288 290 2348 P.
313 2321 347 2334 -
371 2289 413 2346 tt:
439 2291 504 2349 baut
522 2290 570 2347 du·

123 2376 169 2432 bie
189 2387 257 2441 cet..
470 2370 479 2399 ⁸
712 2377 747 2433 de
764 2377 874 2455 reliquis
893 2383 1025 2437 exercitus
1036 2381 1158 2456 partibus

71 2466 98 2523 l.
126 2463 254 2520 cohorti:
271 2464 302 2524 P.
321 2496 356 2506 —
374 2464 415 2522 tt:
434 2468 544 2526 coortis.

71 2554 97 2610 5.
117 2552 238 2608 'rorarir
256 2551 293 2608 P:
307 2573 466 2630 quamquam
480 2558 568 2632 primo

72 2660 74 2665 ·
124 2641 254 2714 scriptum
264 2651 321 2695 erat
333 2660 416 2708 „uam
429 2651 455 2697 et
466 2645 571 2700 romani

126 2725 353 2802 procurrebant“.
381 2759 415 2768 -—
443 2726 483 2783 Ill:
509 2748 571 2784 nam

712 2465 820 2534 relerri,
850 2460 923 2542 quae
939 2467 974 2523 ad
1001 2467 1031 2523 id
1052 2466 1156 2544 proelio

711 2554 976 2617 nouinterluissent.
997 2553 1158 2613 Procurre-

711 2641 783 2696 bant
805 2652 906 2709 autem,
929 2661 983 2696 non
1002 2663 1158 2715 procurre·

714 2736 790 2792 rant,
808 2731 999 2802 scriptumest,
1017 2729 1091 2804 ‹puod
1104 2749 1159 2784 uon

128 2820 156 2866 et
184 2814 288 2867 romani
304 2816 308 2881 Ι
325 2813 517 2886 procurrebant
542 2816 572 2871 in

125 2906 230 2953 terram
242 2897 377 2975 tepilanus
393 2901 398 2968 Ι
415 2909 465 2956 cet.
483 2919 519 2957 m.
531 2901 572 2958 3.:

126 2986 270 3057 interram
289 2983 465 3062 antepilanos.

76 3102 109 3114 -
127 3073 352 3148 addebantque:
376 3093 410 3133 ex
430 3074 500 3131 coni.
518 3073 570 3144 m.]

126 3159 336 3237 addiderantque
366 3159 428 3229 (P).
458 3188 492 3203 ...
529 3158 571 3216 lllr

714 2813 838 2867 omnibus
857 2813 952 2868 codem
973 2823 1094 2891 tempore
1114 2824 1158 2871 ro'·

715 2899 848 2952 rariorum
878 2899 1023 2977 manipulis
1048 2921 1158 2976 procur-

715 2983 828 3040 rendum
846 2984 1009 3054 videbatur.
1024 2988 1075 3044 aed
1097 2989 1160 3045 sub·

713 3072 849 3151 inde-pro
869 3082 963 3131 utres
985 3076 1045 3152 ipsa
1067 3082 1177 3155 postu?
1199 3094 1202 3103 '

711 3159 793 3220 labat.

126 3246 330 3324 „adderantq.“
361 3238 442 3305 simili
472 3247 571 3305 mendo

126 3335 285 3408 saepissime
312 3346 425 3391 erratum
453 3347 502 3391 est.
539 3335 572 3394 cl.

128 3439 169 3477 ex.
181 3439 218 3493 gr.
230 3424 273 3487 30,
287 3424 324 3476 o:
336 3423 485 3478 obruebant
495 3425 572 3478 itine-

128 3524 156 3560 ra
170 3516 306 3581 portarum
321 3507 391 3572 (Put.
406 3508 460 3574 al).
480 3510 574 3568 Beth:

129 3593 280 3652 obruerant.
299 3596 377 3661 3‚37.
397 3626 431 3635 —
452 3595 492 3651 lll:
507 3606 575 3651 asta-

661 3250 688 3306 7.
717 3250 831 3305 innixi:
855 3247 921 3321 PM]
944 3251 1036 3308 innisi.
1068 3249 1111 3310 Cf.
1134 3253 1161 3319 3,

717 3336 900 3401 ffiQld

647 3425 689 3480 10.
718 3424 873 3478 lacrumis.-
893 3422 932 3494 P]
956 3422 1075 3480 lacrimis
1093 3422 1161 3494 (ll).
1245 3496 1247 3501 ἲ

718 3509 760 3567 Ct'.
779 3512 805 3575 3,
824 3509 920 3582 58.,ε1.
942 3540 975 3550 -
999 3511 1081 3571 Paulo
1098 3521 1163 3569 anto

716 3595 779 3652 PM:
799 3595 915 3654 lllanlius
933 3605 988 3656 cori.
1134 3606 1138 3611 '

130 3683 165 3736 tis
176 3701 206 3736 ac
217 3682 432 3756 principibus-
444 3681 575 3738 Particula
648 3685 691 3739 12.
716 3685 871 3758 paulisper
906 3685 1095 3742 addubitauit
1123 3705 1163 3742 an

129 3788 199 3823 nam
218 3768 311 3825 Livius
335 3790 399 3825 usus
423 3780 476 3836 est,
502 3769 576 3846 qnod

128 3855 281 3913 Romanos
303 3860 432 3930 integram
459 3876 575 3932 pugnam

129 3941 247 3997 edidisse
265 3946 422 4020 scripserat,
444 3964 499 3998 non
522 3943 583 4015 lla-y
643 3968 646 3977 ⁴

129 4038 226 4086 statos
241 4032 457 4106 principesque.
476 4035 575 4101 etenim

131 4135 192 4172 cum
209 4115 276 4175 illud
294 4138 393 4176 nomen
409 4138 501 4197 omnes
520 4117 575 4176 lt'o·

718 3773 921 3850 consurgendi
955 3775 1014 3827 iam
1048 3772 1164 3835 triariis

718 3866 832 3932 tempus
851 3869 943 3917 esset.-
962 3857 988 3915 lll
1001 3879 1036 3914 m.
1048 3861 1076 3919 3.
1088 3857 1118 3914 Ρ.
1129 3885 1163 3901 -—

717 3944 744 4001 lll
767 3967 802 4002 m.
831 3947 869 4003 1.:
896 3956 950 4002 tem
976 3952 1026 4004 eet.
1062 3948 1163 4011 21:3st

717 4037 799 4107 temp’
812 4038 863 4091 eet.
876 4064 910 4074 -
923 4030 996 4090 Harl.
1014 4050 1045 4090 ιι
1064 4028 1164 4089 deinde

716 4119 814 4177 melius
831 4130 910 4177 natus
927 4121 1048 4195 intends
1066 4129 1118 4179 eet.
