2618 4590
165 251 210 320 ab
634 256 745 319 blant
762 258 805 321 Vl.

254 425 343 495 XIX.
386 424 430 492 A:
448 424 483 491 in
503 432 593 514 parte
615 420 713 489 altera
734 432 865 490 senatus
888 424 928 492 de
950 423 1132 493 secessione
1157 426 1191 493 in
1213 425 1268 493 do

166 554 258 601 mum
278 531 433 624 privatam
454 527 557 620 plebis
580 527 662 595 forte
685 527 782 594 etiam
802 528 835 595 in
864 552 937 596 arce
964 530 1102 621 positam
1123 541 1157 597 et
1178 529 1269 597 inmi-

154 637 255 725 ¹nenti
276 635 363 704 mole
384 633 536 702 libertatis
558 631 663 723 agitat.
696 657 811 725 magna
832 638 907 726 par's
928 634 1143 702 vociferantur
1165 634 1269 703 Servi·

166 742 211 810 lio
232 740 333 809 Ahala
356 763 437 832 opus
460 761 541 823 esse,
562 737 617 828 qui
638 738 759 805 nonin
781 738 884 807 vincla
906 738 979 806 duci
1000 739 1140 807 iubendo
1162 740 1270 808 inritet

132 846 330 937 apublicum
356 845 486 913 hostem
513 844 571 910 sed
598 843 692 911 unius
719 844 839 913 iactura
866 844 943 912 civis
971 844 1059 911 finiat
1083 844 1271 912 intestinum

165 952 297 1019 bellum.
335 949 512 1017 decurritur
539 949 581 1015 ad
607 950 762 1018 leniorem
789 949 894 1018 verbis
922 949 1113 1016 sententiam
1134 949 1201 1017 vim
1225 961 1270 1017 ta-

78 1088 85 1093 ·
164 1080 241 1124 men
264 1056 401 1124 candem
422 1053 609 1139 habentem,
636 1065 674 1122 ut
693 1054 822 1122 videant
842 1054 1043 1145 magistratus
1065 1078 1105 1121 ne
1128 1054 1205 1144 quid
1228 1077 1270 1121 ex

164 1161 351 1254 perniciosis
373 1160 512 1228 consiliis
534 1159 579 1227 M.
602 1158 702 1226 Manli
722 1183 775 1227 res
796 1159 925 1251 publica
948 1159 1127 1227 detrimenti
1155 1159 1269 1250 capiat.

164 1279 236 1334 tum
257 1265 375 1334 tribuni
396 1265 555 1334 consulari
575 1274 734 1356 potestate
755 1264 936 1355 tribunique
962 1263 1049 1354 plebi
1071 1301 1115 1315 -
1136 1287 1215 1330 nam
1237 1274 1271 1331 ct

184 1402 210 1459 1.
237 1399 277 1456 de
305 1399 472 1456 secessione
502 1398 533 1453 in
562 1397 683 1454 domum
771 1398 798 1457 3.
826 1414 938 1476 magna
952 1415 1027 1471 pars
1047 1394 1270 1467 uociferantur:

221 1500 230 1512 '
233 1487 385 1562 priuatam
392 1486 489 1562 plebis
494 1483 582 1557 forte
593 1486 683 1541 etiam

237 1575 347 1630 inarce
354 1576 499 1649 positam:
516 1571 581 1629 PM:
591 1571 683 1640 „tiber

237 1657 683 1736 diegeheimenZusammenlrdnlte

235 1748 284 1805 des
302 1747 401 1806 Valles
419 1751 448 1805 in
474 1751 562 1804 ciuem
579 1746 682 1804 Privat-

235 1835 333 1904 bausa,
351 1854 409 1892 was
427 1835 499 1891 noch
518 1834 587 1891 darn
604 1853 684 1911 sogar

235 1923 284 1980 aul
303 1922 352 1979 der
374 1923 447 1999 Burg
469 1921 577 1998 gelegen
599 1930 681 1990 wire,

228 2010 293 2076 ,und
310 2011 377 2068 iiber
399 2010 444 2067 die
462 2008 616 2066 lurcbtbare
633 2008 682 2066 der

233 2096 356 2155 Freibeit
381 2097 520 2155 drohende
548 2095 682 2156 Gefahr“.

233 2184 294 2241 Nec
319 2185 446 2242 Dulcius
471 2205 523 2241 nec
546 2183 682 2242 Drakenb.

114 2288 118 2295 ·
234 2270 307 2327 bunc
323 2271 413 2327 locum
431 2281 503 2327 recte
514 2271 684 2348 interpretati

235 2366 307 2424 sunt,
326 2376 387 2413 cum
404 2377 503 2413 arcem
523 2359 619 2432 ipsam
636 2356 683 2413 ba·

235 2443 329 2499 herent
339 2446 422 2501 illam
429 2446 616 2504 inminentem
623 2464 684 2502 ma·

236 2531 295 2588 lem
301 2554 316 2588 :1
327 2551 409 2608 quare
422 2532 546 2589 Dukerus
558 2534 639 2589 etiam
652 2540 686 2589 nt

236 2638 287 2695 pro
298 2627 327 2675 et
334 2620 417 2676 scribi
426 2618 520 2680 voluit.
530 2653 562 2661 —
570 2617 644 2681 llarl
650 2637 682 2678 1.:

235 2708 354 2782 priuata.
584 2692 597 2719 χ

181 2795 210 2850 2.
236 2802 266 2852 et
288 2795 442 2851 inminenti
461 2794 539 2851 mole
563 2792 683 2852 liberta

234 2883 290 2938 tis:
313 2880 364 2938 PM
381 2880 455 2941 Harl.
473 2901 490 2941 ι.
508 2879 584 2939 Leid.
601 2883 631 2954 ι]
656 2890 684 2937 et

235 2971 386 3024 imminenti
404 2967 475 3026 mole
491 2969 620 3029 libertati.
647 3000 682 3011 -

236 3055 377 3112 similibus
398 3053 467 3110 locis
491 3064 519 3109 et
545 3053 609 3110 alias
637 3054 682 3112 bia

236 3143 370 3216 genitivus
388 3141 537 3198 obiectivus
556 3142 589 3196 ab
601 3141 683 3197 inter·

235 3229 358 3304 pratibus
368 3248 463 3305 parum
475 3226 626 3284 intellectus
642 3237 683 3284 est

235 3314 287 3385 (cl.
306 3336 348 3374 ex.
365 3334 403 3390 gr.
422 3316 448 3384 2,
470 3318 511 3376 1.:
533 3313 683 3374 multitudi-

233 3405 309 3471 nis);
335 3403 459 3480 inprimis
488 3405 529 3460 als
554 3401 623 3459 locis
653 3406 683 3460 in

235 3491 333 3567 quibus
350 3490 463 3547 verbum
480 3490 617 3567 quoddam
635 3490 682 3547 da-

176 3612 181 3617 =
234 3580 322 3634 tirum
350 3577 504 3634 desiderare
533 3578 682 3639 videbatur.

236 3666 277 3721 ria
295 3667 373 3722 etiam
391 3665 444 3723 boc
462 3665 523 3722 loco
536 3667 682 3724 inminens

236 3754 331 3810 moles
357 3754 503 3810 libertatis
525 3754 598 3810 idem
626 3754 682 3810 fere

236 3840 309 3917 quod
326 3842 431 3920 ingens
442 3843 587 3898 libertatis
603 3843 681 3918 peri·

234 3927 333 3983 aulam
352 3928 435 4005 qnod
444 3930 569 3985 instaret
586 3927 636 3998 (cl.
653 3929 681 3997 5,

233 4017 293 4084 37.)
310 4014 454 4089 signifieat,
471 4034 520 4070 nec
535 4016 681 4072 libertatis

192 4112 195 4117 '
236 4100 270 4157 ad
288 4102 442 4157 inminenti
450 4100 618 4160 referendum
631 4111 680 4160 est.

822 1481 880 1543 PM.
899 1515 934 1525 -
951 1480 1025 1541 Harl.
1036 1501 1054 1542 ι.
1072 1481 1149 1541 Leid.
1163 1501 1181 1541 r.
1198 1480 1271 1541 rell:

824 1569 1018 1642 vociferatur.
1030 1601 1065 1611 -
1080 1568 1143 1627 PM:
1156 1571 1204 1647 qai
1216 1590 1271 1627 non

824 1659 854 1715 in
872 1659 973 1715 uincla
990 1657 1051 1714 duci
1068 1657 1187 1715 iubendo
1206 1659 1271 1715 inri-

823 1754 864 1802 tet
877 1744 1015 1824 publicum
1023 1744 1138 1804 bostem.
1152 1776 1187 1787 -
1200 1743 1224 1802 P
1235 1765 1270 1802 m.

824 1833 862 1891 1.:
883 1832 960 1890 finiat
978 1834 1195 1890 intestimaniurn
1214 1832 1269 1888 bel·

821 1918 887 1979 lum'.
909 1919 931 1976 P
949 1941 984 1977 m.
1003 1922 1029 1980 Ξ.
1048 1920 1086 1976 M:
1103 1921 1270 1980 intestinam.

769 2010 796 2068 7.
824 2026 862 2063 ne
875 2008 951 2083 qnid
961 2028 1002 2064 eta
1010 2008 1189 2082 perniciosis
1204 2027 1270 2063 aon·

823 2095 902 2152 siliis
920 2096 961 2155 M.
973 2095 1071 2152 Manli
1086 2102 1163 2172 resp.
1182 2092 1270 2152 detri-

825 2183 917 2237 menti
932 2184 1044 2257 capr'at:
1062 2180 1090 2237 Μ
1101 2201 1137 2238 m.
1155 2186 1182 2242 1.
1193 2182 1224 2242 P.
1236 2215 1271 2225 -

824 2266 853 2324 Μ
870 2287 906 2326 m.
923 2271 962 2328 2:
980 2267 1082 2328 Manlii.
1109 2267 1193 2329 Recc.
1212 2271 1270 2347 qui·

824 2352 887 2410 dam
904 2355 998 2415 codd:
1017 2376 1050 2413 ex
1061 2356 1271 2443 perniciosisll.

825 2442 918 2499 Manlii
936 2442 1066 2503 consiliis.

772 2530 799 2587 9.
825 2548 896 2587 nam
925 2539 955 2588 et
986 2533 1058 2607 qnia
1087 2531 1215 2591 eundem
1242 2540 1273 2589 et

824 2638 899 2675 suae
914 2620 1072 2694 potestatis
1085 2639 1172 2696 quem
1185 2620 1271 2677 liber·

824 2707 897 2762 tatis
915 2708 1045 2763 amnium
1053 2708 1152 2782 finem
1173 2726 1271 2764 eerne-

824 2794 904 2862 bant,
920 2802 1041 2869 patrum
1057 2795 1229 2851 auctoritati
1238 2813 1272 2852 se

827 2880 1023 2939 dediderant:
1042 2881 1067 2937 M
1084 2901 1120 2940 m.
1138 2883 1164 2940 2.
1182 2880 1213 2941 P.
1235 2910 1271 2922 -

823 2965 852 3024 M
869 2971 958 3027 m.1.:
976 2970 1128 3025 auctoritati
1145 2967 1195 3025 sed
1210 2971 1215 3040 Ι
1230 2968 1271 3025 di·

825 3053 929 3111 derant.
955 3075 991 3114 m.
1009 3058 1050 3114 3.:
1069 3054 1271 3115 sededederant.

824 3139 898 3199 Harl.
922 3161 954 3200 1.:
982 3145 1152 3200 auctoritates
1178 3143 1271 3200 edide-

823 3239 892 3289 rant.
905 3262 939 3272 -
951 3230 1007 3288 Alii
1024 3233 1185 3309 interpretes
1202 3229 1271 3291 illud

823 3319 899 3392 prius
912 3327 948 3386 et,
967 3317 1013 3373 alii
1025 3327 1167 3395 utrumque
1179 3327 1209 3377 et
1225 3318 1271 3375 de·

822 3402 933 3460 lendum
957 3415 1124 3465 censuerant.
1153 3406 1204 3463 sed
1223 3404 1271 3462 Li-

823 3493 884 3547 vius
902 3490 994 3548 dicere
1011 3491 1077 3560 vult,
1097 3493 1222 3550 tribunos
1240 3511 1271 3548 se

760 3656 762 3665 Ι
822 3587 930 3655 patrum
952 3581 1106 3637 auctoritati
1131 3579 1271 3637 dedidisse

823 3674 854 3723 et
871 3666 992 3743 qnidam
1003 3671 1040 3726 ab
1052 3668 1130 3725 bana
1147 3686 1271 3726 eausam

823 3755 886 3831 quia
904 3764 955 3815 aet.
973 3757 1002 3812 in
1020 3756 1072 3813 hoc
1091 3758 1174 3832 igitur
1190 3757 1271 3824 inest,

822 3841 941 3900 suturam
954 3863 1008 3900 non
1024 3844 1107 3901 luisse
1122 3853 1152 3900 ut
1164 3843 1270 3900 tribuni

821 3946 851 3986 aa
878 3951 894 3986 a
916 3929 996 4009 plebe
1022 3941 1194 3988 aecemerent
1215 3930 1271 3986 nisi

821 4015 889 4074 illud
907 4037 1048 4076 commune
1064 4021 1184 4076 omnium
1197 4018 1270 4096 peri-

821 4102 911 4163 culum
940 4124 988 4163 eas
1018 4108 1157 4167 movisset.
1188 4115 1269 4183 atque
