2618 4590
591 257 699 320 LIBER
717 258 765 319 IX.

124 422 290 493 tarinae.
306 423 459 493 Marcius:
480 423 617 492 altemm
637 435 674 492 ut
695 423 878 493 duumviros
901 420 1037 490 navalis
1061 422 1168 492 classis
1180 447 1204 493 o

126 531 250 598 nandae
260 529 513 619 reficiendaeque
525 552 620 599 causa
635 528 722 595 idem
736 528 877 620 populus
890 528 1045 599 iuberet:
1057 526 1208 601 iatorbuii

129 636 233 728 plebis
255 635 325 702 sciti
348 634 407 702 fuit
427 634 473 701 Μ.
490 633 610 701 Decius
631 634 775 700 tribunus
796 632 911 723 plebis.
927 670 976 683 —
993 633 1156 701 Eiusdem
1168 635 1209 701 ari

23 826 26 831 .
126 766 196 809 rem
219 741 305 808 dictu
327 763 459 832 parvam
479 737 684 829 praeterirem
711 737 743 804 ni
770 739 811 805 ad
838 737 1041 829 religionem
1065 739 1137 807 visa
1159 750 1211 807 eae

93 846 295 938 tpertinere.
332 844 475 912 tibicines
508 844 582 935 quia
618 842 769 933 prohibiti
803 867 823 909 a
854 843 1020 934 proximis
1059 844 1240 914 censonbu.

66 934 73 953 ’
128 965 217 1020 erant
238 951 270 1017 in
294 952 372 1018 aede
389 949 473 1017 lovis
495 948 589 1029 vesci,
613 947 701 1038 quod
723 946 872 1014 traditum
889 948 1082 1039 antiquitus
1100 960 1171 1032 erat,
1186 972 1212 1015 re
1241 960 1245 966 '

127 1080 182 1148 gre
204 1057 289 1147 passi
304 1056 406 1121 'tibur
426 1078 492 1120 uno
508 1052 632 1143 agmine
649 1051 802 1133 abiemnt,
824 1052 905 1119 adeo
921 1062 961 1120 ut
984 1077 1096 1122 nemo
1120 1054 1153 1121 in
1165 1052 1212 1121 urit

128 1173 214 1231 esset
236 1160 289 1251 qui
313 1159 472 1227 sacriticiis
494 1157 700 1249 praecineret.
737 1155 805 1223 eius
822 1156 868 1223 rei
890 1157 1009 1248 religio
1029 1159 1141 1227 tenuit
1159 1182 1213 1226 seu

128 1278 196 1334 tum
218 1266 405 1355 legatosque
420 1263 520 1331 Tibur
542 1263 705 1343 misemnt,
727 1271 764 1328 ut
785 1260 897 1328 darent
912 1286 1060 1353 operam
1084 1275 1124 1332 ut
1137 1263 1166 1330 bi
1182 1262 1214 1328 ha

82 1382 117 1439 10
130 1372 231 1437 mines
265 1368 417 1435 Romanis
450 1367 698 1435 restituerentur.
737 1364 893 1433 Tiburtini
926 1367 1081 1460 benigne
1117 1365 1215 1460 poliidt'

127 1475 265 1566 primum
288 1475 406 1541 accitos
429 1495 486 1540 eos
508 1473 541 1538 in
564 1471 683 1538 curiam
704 1470 822 1538 hortati
844 1482 919 1538 sunt
935 1471 985 1540 uti
999 1483 1216 1541 revertemur

127 1582 279 1648 Romam:
302 1590 475 1670 postquam
498 1576 630 1669 perpelli
652 1576 837 1668 nequibant,
859 1575 997 1644 consilio
1015 1576 1113 1644 baud
1133 1577 1216 1644 abbor-

127 1697 216 1754 rente
238 1685 280 1751 ab
302 1683 434 1775 ingeniis
456 1681 623 1749 bominum
645 1704 702 1749 eos
725 1681 960 1773 adgrediuntur.
1003 1681 1062 1750 die
1087 1684 1168 1751 festo
1186 1681 1218 1748 aii

198 1852 270 1909 duni
293 1852 392 1927 plebei
416 1850 451 1907 L.
473 1848 584 1905 Atilius
612 1847 644 1907 C.

199 1940 342 1996 Martius:
360 1935 462 1996 ΡΜ·
480 1935 556 1992 ΜιιΜ
574 1955 644 1994 rece.

199 2026 292 2085 codd:
319 2024 437 2081 tulerunt
459 2055 493 2064 -
516 2021 548 2082 L.
575 2024 644 2079 Aut·

197 2115 259 2173 lius.
278 2112 312 2171 ci.
331 2117 358 2177 5.
377 2115 419 2171 13.
438 2143 472 2153 -
490 2111 644 2175 ..θυιιιινὶ-

198 2222 244 2258 ros
262 2199 390 2256 navalia“
408 2201 565 2273 scripsimus
584 2219 644 2255 eum

199 2286 280 2358 Voss.
292 2306 318 2341 rr.
347 2285 382 2344 al.
417 2286 449 2342 ln
472 2285 493 2341 P
516 2306 551 2342 ιιι.
576 2289 599 2343 1.
617 2285 644 2341 Μ

199 2375 329 2446 scriptum
360 2381 414 2426 est:
446 2380 476 2427 ut
504 2371 644 2428 dumuiros

198 2457 307 2514 nauales
330 2456 423 2514 elassis
446 2459 581 2514 ornandae
602 2479 643 2514 re·

198 2544 382 2621 ficiendaeque
401 2564 490 2604 eausa.
511 2545 532 2601 P
550 2566 584 2602 m.
603 2548 643 2605 2:

198 2632 363 2691 duumuiros.
381 2629 458 2693 Leid.
476 2651 507 2689 r.:
526 2633 644 2700 „classis

198 2719 389 2796 oratoriaeque
406 2720 566 2779 reficiendae
584 2742 643 2778 cau·

48 2874 55 2883 =
92 2846 94 2851 ·
197 2812 261 2866 sa“.
284 2807 349 2864 binc
366 2807 446 2869 Voss.
464 2829 492 2868 rr.
511 2809 556 2868 ab:
576 2809 643 2866 clas·

157 2930 169 2961 r
195 2897 235 2951 sis
244 2896 379 2952 ornandae
388 2896 643 2958 reficiendaecause.

18 2982 28 3003 ¹
145 2984 171 3042 9.
198 2984 279 3039 lator·
296 2981 386 3039 buius
397 2984 493 3055 plebis
506 2985 643 3055 rcitisnit

171 3088 177 3110 ¹
199 3069 240 3127 M.
258 3069 369 3125 Decius
386 3075 423 3127 ti.
438 3070 497 3144 rib:
520 3068 586 3140 ΡΜ]
605 3068 642 3125 la·

197 3165 240 3213 tor
265 3154 346 3212 buius
371 3155 507 3232 plebisciti
534 3155 584 3212 tuit
606 3155 641 3215 Μ.

197 3242 298 3300 Decius
315 3243 439 3299 tribunus
456 3239 552 3319 plebis.

142 3332 170 3389 6.
197 3349 290 3410 aegre
308 3329 473 3407 (Pergase)
488 3330 577 3406 porei
596 3331 642 3387 Ti·

194 3419 251 3474 dur
277 3439 335 3475 uno
363 3420 481 3498 agmine
506 3419 642 3475 abierunt

194 3505 273 3561 adeo
296 3514 329 3562 ut
350 3525 434 3565 ncrno
454 3507 485 3561 in
508 3507 579 3563 urbe
597 3527 641 3563 es·

194 3600 241 3648 aet
258 3594 311 3666 qui
325 3593 481 3666 sacrificiis
490 3594 640 3666 praecine-

194 3687 256 3735 ret.-
287 3677 344 3736 PM.
374 3708 408 3719 -
437 3676 505 3738 Lov.
540 3681 577 3739 b:
609 3689 640 3736 ut

180 3785 273 3823 -nemo
292 3774 365 3821 esset
381 3767 427 3840 qui
446 3774 497 3824 cet.

53 3845 56 3853 ’
140 3857 167 3912 t.
194 3862 227 3911 ut
244 3853 486 3927 dorentopcrom
497 3863 529 3909 ut
542 3853 638 3910 hito-

192 3941 286 3997 minee
297 3939 441 3997 Romanis
453 3941 637 3997 restitueren-

193 4037 257 4083 tur:
276 4027 314 4098 P]
334 4035 363 4082 ut
382 4025 476 4083 darent
488 4047 597 4104 operam
609 4035 639 4083 ut

192 4112 214 4168 ii
231 4112 354 4173 hmines
371 4122 423 4172 cet.
440 4144 475 4159 -
494 4112 533 4170 tl:
553 4122 583 4171 ut
600 4112 639 4171 bii

786 1846 909 1904 homines
927 1856 981 1907 cet.
1004 1879 1043 1891 -
1069 1846 1151 1907 Prius
1170 1846 1218 1906 uti.

786 1934 808 1991 F
809 1957 830 1996 r.
845 1933 928 1994 Gran.
948 1934 1076 1994 deletum
1094 1936 1184 1996 voluit.
1197 1933 1217 1991 ci.

786 2025 812 2087 6,
832 2026 870 2081 1.=
887 2023 992 2081 urbem.
1045 2056 1051 2066 ·

716 2112 759 2170 10.
792 2112 938 2171 Tiburtini
950 2111 1085 2190 benigne
1100 2111 1219 2188 polliciti.-

785 2197 848 2255 Pil:
873 2217 1038 2273 quamquam
1058 2202 1150 2274 primo
1166 2195 1219 2254 iat

785 2285 905 2364 benigni
929 2283 1026 2346 iuerat.
1055 2318 1093 2329 -
1119 2285 1159 2343 P:
1180 2286 1219 2360 pri·

784 2391 858 2431 mum
876 2374 978 2427 accitos
999 2392 1051 2431 eos
1076 2375 1107 2431 in
1129 2375 1219 2431 turim

784 2457 823 2516 bl:
842 2461 946 2536 primos
960 2461 1068 2517 accitos
1086 2481 1136 2519 eae
1152 2463 1220 2518 inru-

785 2547 862 2605 riam.
874 2577 909 2589 -
927 2544 992 2603 ΡΜε
1010 2549 1053 2604 uti
1072 2557 1220 2607 reuerteren-

785 2642 829 2690 tur
845 2633 968 2693 Romam.
993 2632 1082 2695 beia.
1099 2655 1132 2695 r.:
1149 2643 1177 2692 ut
1190 2632 1219 2688 bii

785 2730 953 2779 reuertentur
970 2731 1024 2780 cet.

716 2810 759 2868 13.
786 2811 842 2865 olii
858 2806 937 2865 aliar
952 2829 1009 2882 per·
1021 2808 1221 2885 speciemcele·

785 2895 969 2951 brendorum
977 2905 1070 2953 cantra
1079 2898 1222 2971 epularum

732 3012 735 3017 ·
784 3001 878 3038 consa
905 2983 1049 3041 inuitaru:
1080 2983 1132 3041 Pu
1160 2980 1221 3051 reli]

784 3067 830 3124 alii
853 3067 921 3125 alios
943 3089 993 3148 per
1014 3073 1139 3146 speciem
1165 3067 1220 3126 cele·

785 3156 947 3214 brandarum
975 3166 1059 3214 cantu
1096 3155 1235 3235 epuirmn

783 3245 899 3301 invitant
918 3246 1066 3314 (ex-oeni.
1089 3246 1144 3307 loc.
1165 3243 1221 3302 Gro-

783 3333 884 3400 novii).
910 3362 946 3377 -
975 3331 1111 3407 Quamne
1140 3351 1222 3391 causa

741 3412 744 3417 ’
784 3416 863 3475 facile
890 3419 984 3476 abesse
1009 3428 1038 3475 et
1064 3440 1144 3496 „per
1168 3439 1222 3496 epe

783 3506 857 3562 ciem
875 3509 1031 3582 epularum
1049 3519 1142 3567 contu
1157 3508 1222 3567 celc-

738 3638 749 3657 ,
782 3594 988 3652 brondomm“
1004 3593 1222 3672 latinedicipes·

781 3681 827 3747 sit,
850 3689 937 3739 tamen
954 3703 1050 3740 cauea
1068 3682 1222 3741 deessem

781 3764 836 3836 lim,
847 3785 906 3825 cnm
917 3768 1010 3827 Livius
1019 3779 1140 3846 utroque
1149 3770 1222 3829 verbo

779 3874 845 3913 usus
863 3855 953 3913 dicere
964 3857 1090 3915 rideatur
1101 3859 1222 3922 voluisse.

779 3941 904 3998 Tiburtes
923 3962 982 3998 cum
1000 3945 1152 4017 invitarent
1169 3945 1222 4002 tibi·

780 4029 864 4097 ciues,
882 4048 945 4086 vere
958 4031 1038 4089 etiam
1047 4031 1078 4087 id
1088 4043 1222 4110 spectasse

780 4121 809 4173 ot
827 4136 919 4173 eorum
937 4127 1017 4174 cantu
1036 4117 1132 4195 epulae
1149 4139 1223 4176 orna·
