2618 4590
560 296 563 307 .
625 244 821 309 mutim,

103 405 107 431 '
168 414 323 505 cuiusque
343 411 507 503 ingenium
527 423 613 496 erat,
639 410 778 479 annuus
805 409 953 478 uritiusve
981 409 1192 479 suadentibus
1215 448 1273 496 -‚

168 531 240 587 tum
263 518 430 585 incertiora
455 515 562 585 omnia
583 539 667 584 unus
679 540 722 584 ex
738 515 974 585 Privernatibus
989 515 1102 606 legatis
1119 516 1201 584 iecit
1215 542 1274 584 ma

170 626 218 714 gis
240 621 435 690 condicionis
457 621 491 688 in
514 646 581 712 qua
599 633 694 690 natus
707 631 802 698 ,esset
823 644 921 711 quam
941 619 1117 709 praesentis
1141 622 1274 690 necessi

168 726 242 794 tatis
265 751 400 809 memor,
423 725 478 816 qui
500 725 710 815 interrogatus
733 750 751 791 a
774 725 916 815 quodam
931 724 1077 792 tristioris
1099 726 1273 794 sententiae

137 843 243 899 tenet
242 855 298 898 ore
321 848 419 922 quam
440 853 581 921 poenam
602 829 733 898 meritos
754 829 954 899 Privernates
974 841 1130 913 censeret,
1153 836 1273 915 ,‚eam“

165 936 270 1027 inquit
297 959 420 1027 „quam
447 945 610 1003 merentur
636 933 754 1024 quise
783 934 928 1003 libertate
957 933 1070 1024 dignos
1106 941 1272 1005 censent“.

45 1114 53 1139 Ι
167 1042 258 1109 cuius
280 1065 356 1108 cum
377 1040 477 1108 feroci
498 1059 655 1129 responso
676 1037 856 1108 infestiores
883 1039 985 1107 laotos
1007 1039 1133 1108 videret
1163 1041 1273 1110 consul

167 1170 225 1214 eos
249 1146 304 1237 qui
326 1155 399 1212 ante
421 1143 651 1212 Privcmetium
673 1159 804 1210 causam
824 1143 1050 1249 inpugnabant,
1072 1156 1109 1212 ut
1131 1145 1204 1236 ipse
1226 1147 1274 1214 be

167 1251 261 1340 nigna
288 1249 535 1340 interrogatione
565 1244 673 1315 mitius
705 1271 898 1339 responsum
932 1246 1063 1316 eliceret
1095 1250 1273 1340 ,‚qu1d,
1249 1274 1274 1317 ιι

120 1366 156 1421 10
167 1359 331 1444 poenam“
352 1354 456 1444 inquit
476 1352 701 1438 „remittimus
712 1353 820 1436 vobis,
847 1352 978 1442 qualem
999 1377 1059 1420 nos
1081 1377 1202 1444 pacem
1223 1376 1274 1424 vo

166 1458 292 1525 hiscum
314 1458 479 1527 habituros
501 1457 714 1548 speremus?“
736 1458 788 1542 „si
815 1456 936 1525 bonam
956 1457 1132 1525 dederitis“
1163 1460 1273 1551 inquit,

66 1679 80 1725 t

236 1739 302 1789 erat
313 1729 445 1787 atrocius
458 1721 597 1786 mitiusue
614 1748 683 1786 sua·

144 1878 149 1887 ¹
236 1817 389 1874 dentibus:
407 1817 429 1874 P
447 1838 482 1877 ιιι.
501 1821 526 1876 2.
544 1815 580 1877 Μ.
603 1847 638 1860 -·
661 1815 683 1872 P

235 1917 272 1963 tn.
286 1907 323 1963 1.:
335 1901 448 1961 atrotius
457 1908 600 1962 mutiusue.
616 1903 683 1973 „Da

233 1991 279 2047 die
311 1991 396 2066 Frage
431 1991 521 2049 sehon
553 2012 587 2047 an
622 1991 683 2047 sich

233 2077 380 2154 schwierig
388 2100 455 2149 war,
471 2078 564 2138 indem
575 2078 624 2135 der
633 2077 682 2134 Se

233 2175 281 2221 nat
303 2167 329 2239 je
353 2167 421 2222 nselr
445 2166 494 2223 der
510 2164 682 2225 verschiedn-

114 2306 117 2311 ,
232 2271 287 2307 neu
304 2251 440 2327 Richtuog
464 2253 512 2309 der
533 2252 682 2311 Einzelnen

235 2337 296 2391 sich
320 2336 383 2393 hald
401 2337 514 2413 heitiger
535 2340 599 2395 bald
622 2339 682 2396 mil·

235 2420 284 2477 der
302 2421 428 2492 erllttrte,
455 2444 486 2480 so
505 2425 682 2481 wurdenrdie

235 2506 358 2565 Urtlrcilc
376 2509 448 2583 noch
469 2510 682 2570 schwanlender

235 2595 360 2670 gemacht
374 2596 457 2653 durch
477 2597 521 2654 die
533 2596 682 2673 Erlltrung

192 2726 195 2731 .
234 2683 280 2739 elie
298 2686 372 2740 einer
388 2682 436 2741 der
447 2683 682 2744 Privernatischen

214 2767 391 2859 <Gemndten
403 2773 486 2847 gat‘t
499 2771 568 2828 -P
587 2793 622 2832 ιιι.
641 2776 681 2832 1.:

199 2900 202 2909 .
232 2865 289 2914 tem
312 2860 465 2919 incertiore.
494 2859 575 2921 Ριιι.
592 2862 619 2920 2.
637 2859 680 2917 M:

232 2953 298 3003 tum.
317 2972 352 2988 ⁶-
377 2945 452 3005 Harl.
468 2968 501 3007 ιι
519 2958 577 3004 tum
594 2949 682 3004 incer·

156 3032 159 3038 ’
232 3032 303 3087 tiore
322 3035 411 3089 omnia
423 3054 516 3090 uerum
534 3056 567 3091 ex
579 3039 683 3111 priuer·

235 3117 342 3175 natibus
360 3117 461 3193 legatus
478 3119 591 3178 iecit.-
592 3123 681 3182 ·.Pm

110 3182 123 3223 i*
224 3204 319 3265 Ι1.Μι
342 3203 513 3264 conditionis.
543 3205 619 3266 Ριιι.
636 3212 681 3287 2.;

234 3292 455 3353 coodicionls.-
464 3292 502 3350 Μ.
496 3314 681 3373 .qnamprae-

232 3383 318 3438 sentis
347 3401 381 3438 ne
395 3384 401 3453 Ι
417 3383 560 3441 cessitetis
578 3399 681 3441 memor

234 3445 421 3527 necessitatis
432 3490 543 3527 mernor
558 3469 564 3543 Ι
579 3474 626 3548 qui
638 3474 680 3526 in·

231 3563 382 3630 terrogatus
410 3557 527 3634 quodam
551 3561 679 3616 tristioris

231 3645 380 3697 sententias
397 3652 507 3711 auctore
525 3655 576 3705 cet
597 3647 626 3703 Μ
642 3668 678 3707 m.

232 3728 260 3785 3.
274 3726 308 3783 P:
328 3729 506 3805 interrogatus
523 3755 545 3789 a
561 3735 679 3811 quodm

232 3820 297 3875 cet'
310 3813 413 3873 Eadem
430 3838 511 3876 manu
530 3824 679 3878 recentiore

231 3903 358 3963 videntur
392 3907 473 3964 verba
509 3911 679 3966 necesitotis

150 4000 153 4005 '
232 4009 345 4049 memor
363 3990 449 4049 deletu
468 4014 528 4050 esse
544 3998 573 4050 in
591 3994 626 4054 Μ.

176 4075 205 4133 ὅ.
233 4095 325 4154 qnam
338 4099 468 4153 poenam
478 4083 601 4141 meritos
612 4080 678 4142 Pri·

167 1573 258 1654 „ct
244 1550 342 1630 lidum
365 1574 399 1631 et
418 1575 626 1654 perpetuam.
648 1561 677 1628 si
699 1563 827 1648 malam,
848 1562 937 1630 haud
959 1562 1177 1632 'diutumam“
1205 1576 1272 1632 tum

816 1738 967 1794 'temutes
984 1740 1131 1788 senseras
1149 1718 1179 1789 Μ
1195 1733 1272 1792 Μ.

825 1813 902 1878 P.-
920 1816 947 1873 Μ
965 1837 1001 1877 ιιι.
1020 1821 1058 1874 1.:
1077 1819 1271 1896 priuctnantes.

825 1937 860 1949 -
879 1903 961 1964 Recc.
980 1902 1054 1982 qnid.
1072 1905 1167 1964 coddn
1193 1926 1272 1984 quam

825 2012 940 2071 poenam
966 1994 1134 2070 priuemates
1163 1996 1273 2051 meritos

827 2089 958 2139 censent
970 2100 1006 2125 *-
1023 2077 1064 2137 Μι
1083 2081 1130 2157 qui
1147 2099 1180 2136 se
1195 2079 1274 2137 liber·

824 2176 880 2224 tate
899 2166 996 2242 dignos
1013 2177 1086 2226 cent.
1115 2169 1193 2225 cuius
1214 2189 1272 2226 curn

815 2264 875 2313 cet.
893 2253 959 2314 Pul.
982 2258 1009 2310 1.
1028 2257 1056 2314 3.
1074 2246 1154 2333 Voss.
1173 2274 1201 2315 ιι.
1225 2254 1271 2314 al:

824 2343 871 2418 qui
880 2361 910 2399 se
919 2341 1043 2399 libertate
1051 2341 1147 2418 dignos
1155 2360 1271 2401 censere.

770 2422 798 2487 ¹7.
824 2429 999 2501 infestiores
1018 2428 1127 2502 factos
1157 2431 1271 2487 uideret

823 2521 884 2576 soi.
907 2537 960 2573 eos
983 2517 1037 2590 qni
1062 2525 1133 2574 ants
1153 2515 1273 2574 Priuer·

825 2605 939 2659 natium
968 2622 1092 2660 cansam
1127 2605 1272 2683 inpugna·

824 2689 911 2746 bant:
933 2688 990 2748 PM
1018 2711 1053 2731 ²
1081 2686 1152 2750 [ιον.
1172 2694 1196 2749 l.
1224 2688 1270 2748 tl:

752 2799 755 2803 ·
823 2777 1016 2851 priuernetum.
1034 2808 1069 2821 —
1092 2775 1169 2834 Pm.
1186 2778 1213 2835 2.
1230 2775 1267 2832 M:

825 2872 855 2919 ut
866 2865 926 2939 ipse
938 2863 1050 2939 henigne
1062 2866 1271 2938 interrogatione

822 2951 915 3006 mitius
933 2970 1090 3028 responsum
1108 2949 1226 3009 eliceret.
1249 2949 1271 3007 P

823 3055 860 3095 ιιι.
886 3039 923 3096 1.ι
949 3037 1070 3119 eligeret
1097 3034 1165 3092 Poll
1190 3038 1216 3095 1.
1244 3040 1270 3098 3.

823 3121 904 3182 Voss.
922 3144 950 3184 ιι.
974 3125 1020 3186 ein
1045 3124 1137 3181 mitius
1159 3121 1271 3180 eliceret

822 3229 992 3287 responsum.
1020 3211 1088 3272 Lot.
1110 3212 1151 3271 l..
1176 3213 1269 3268 mitius

823 3297 935 3360 diceret.
959 3331 994 3342 -
1020 3298 1061 3358 M:
1087 3298 1201 3378 quidsi
1224 3319 1268 3375 pe·

821 3401 892 3447 nam.
910 3411 945 3429 -ὰ
963 3387 1080 3448 llarl.1.t
1099 3385 1270 3466 qualemque·

821 3471 874 3531 lem
891 3495 943 3534 nos
960 3496 1055 3554 pacem
1071 3476 1213 3534 uobiscum
1224 3473 1270 3530 ln·

820 3561 926 3620 bituros
943 3583 1092 3642 speremus.

750 3647 794 3704 12.
811 3651 947 3725 etfidam
959 3663 992 3709 et
998 3660 1191 3726 perpetuam:
1206 3646 1265 3706 PM:

821 3757 982 3815 quemquam
1001 3740 1089 3819 primo
1107 3741 1137 3795 in
1149 3738 1171 3794 P
1184 3736 1268 3794 luerat

749 3846 752 3872 ³
813 3824 921 3902 fidem.
950 3825 982 3881 ln
1001 3824 1081 3883 Voss.
1102 3845 1129 3883 11.
1144 3824 1266 3884 nleexci·

819 3910 865 3967 dit
878 3915 953 3987 prius
970 3923 1007 3972 et.
1021 3936 1055 3954 -ι
1067 3911 1109 3970 M:
1127 3914 1154 3969 si
1171 3909 1267 3968 malam

818 3997 872 4055 eud
890 3999 1051 4057 diuturnam.

765 4114 801 4128 -
818 4093 882 4144 tum
892 4105 966 4145 nero
973 4087 1086 4144 minori
1095 4072 1150 4144 nes
1161 4085 1198 4143 id
1206 4102 1266 4142 am·
