2618 4590
160 207 226 276 564
624 214 733 276 uram
750 215 797 275 lx

163 382 372 473 legationibus
394 379 538 449 Etruriae
561 378 729 446 amicitiam
759 378 940 469 petentibus
968 402 1052 470 prae
1076 403 1117 446 se
1141 377 1264 445 Roman
1301 426 1305 437 .

163 489 204 555 ad
223 499 368 556 senatum
389 486 495 552 missis
523 482 637 553 consul
664 484 891 574 praestantiore
921 483 1022 551 etiam
1052 507 1163 573 quam
1187 483 1264 549 dicta

161 603 213 659 tor
234 591 363 659 victoria
386 590 583 681 triumphans
605 587 718 654 urbem
741 600 791 656 cst
811 589 972 656 invectus:
995 587 1082 678 quin
1098 588 1207 655 ctiam
1226 588 1265 654 de·

164 695 320 783 pictorum
335 695 526 762 Samnitium
548 695 645 761 decus
667 717 781 783 magna
796 718 838 760 cx
853 705 941 784 parte
957 693 998 759 ad
1011 693 1153 782 legatos
1168 693 1206 760 P.
1218 692 1266 759 De

127 800 247 867 ficium
274 810 307 866 et
328 799 374 867 Μ.
397 800 560 868 Valerium
587 809 801 882 catumeum,
829 820 911 889 quos
938 797 1089 888 populus
1120 797 1266 888 proximis

161 904 297 973 comitiis
317 905 436 995 ingenti
457 925 615 973 consensu
637 902 802 970 consulem
824 903 960 970 alterum
984 901 1137 969 alterum
1154 913 1265 1003 praeto-

162 1033 232 1079 rem
253 1008 437 1076 declaravit

246 1111 329 1179 XLI.
373 1112 472 1181 Fabio
495 1111 538 1179 ob
561 1112 685 1202 egregie
700 1113 912 1203 perdomitam
924 1110 1094 1179 Etruriam
1110 1113 1267 1181 continua·
1304 1202 1306 1207 η

161 1227 213 1284 tur
233 1216 426 1300 consulatus,
447 1215 550 1282 Decio
573 1216 695 1306 collega
719 1217 819 1284 datur.
853 1216 1000 1285 Valerius
1016 1230 1164 1307 praetor
1188 1240 1266 1307 quar·
1303 1304 1306 1311 Ι

116 1332 230 1391 totum
251 1332 385 1388 creatus.
419 1319 566 1388 consules
585 1322 691 1411 partiti
712 1322 905 1413 provincias:
928 1321 1058 1388 Etruria
1074 1322 1203 1404 Decio,
1224 1320 1267 1386 Sa·
1303 1376 1305 1413 2

161 1424 284 1492 mnium
317 1423 416 1493 Fabio
443 1424 559 1494 evenit
604 1426 766 1517 profectus
794 1427 835 1495 ad
866 1425 1041 1495 Nuceriam
1069 1426 1268 1506 Allateman

815 1550 954 1678 elatura·¹
965 1616 998 1675 ln
1014 1617 1073 1675 fiee
1091 1620 1220 1696 proximi
1236 1636 1268 1685 cr·

814 1708 881 1784 pitis
905 1705 999 1762 Livius
1026 1707 1086 1763 iam
1110 1705 1225 1763 dixerat
1244 1702 1267 1759 P.

816 1792 932 1849 Decium
943 1793 1046 1867 ingenti
1059 1811 1205 1850 consensu
1215 1810 1267 1847 con·

816 1879 903 1937 sulem
912 1879 1076 1937 declaratum
1084 1900 1160 1940 esee.
1174 1881 1267 1958 optime

815 1968 899 2041 igitur
921 1967 1016 2035 habet,
1043 1966 1124 2044 qued
1147 1968 1181 2024 in
1207 1967 1266 2023 roti-

818 2055 957 2129 qnissimis
974 2053 1056 2113 codd.
1080 2055 1200 2130 legitur,
1223 2053 1264 2109 Fa·

814 2142 892 2199 lsium
908 2141 995 2199 Decio
1019 2140 1164 2216 collegam
1181 2141 1264 2198 datum

817 2247 890 2285 esse:
909 2249 964 2286 non
981 2232 1053 2286 enim
1068 2230 1176 2286 Decius
1187 2220 1264 2285 Fabio

233 1625 369 1674 amatum
386 1617 509 1675 missis“
527 1625 578 1681 eet,
599 1637 675 1696 repe·

232 1705 280 1761 riri
297 1702 316 1763 l
331 1703 352 1764 l.
370 1703 495 1763 diximus.
509 1735 543 1745 -
560 1703 676 1764 laonia

184 1808 189 1815 ·
227 1789 327 1849 consul
338 1794 532 1868 praestantiore
544 1793 625 1849 etiem
636 1794 676 1848 ui·

234 1880 320 1935 ctoria
342 1899 421 1955 quam
444 1877 560 1937 dictator
582 1880 676 1936 trium-

229 1964 318 2042 phans
335 1967 364 2022 in
382 1965 476 2022 urbem
493 1967 676 2024 cstlnuectus.

180 2053 207 2111 3.
236 2055 307 2128 quin
324 2054 413 2110 etiam
425 2053 609 2112 deuictorum
619 2054 676 2114 Sa·

232 2141 366 2197 moniam
386 2141 478 2198 decue
500 2160 611 2221 magno
636 2162 677 2198 ex

231 2236 318 2301 porte
329 2227 373 2284 od
383 2228 498 2305 legatos
507 2228 542 2287 P.
552 2230 677 2287 Decium

233 2322 264 2369 et
288 2314 329 2370 M.
357 2313 512 2370 Valerium
538 2323 584 2371 est
613 2335 676 2372 uer-

233 2416 315 2452 aum:
338 2397 399 2453 Plll:
422 2402 470 2471 „ja
489 2420 550 2456 man
568 2401 675 2458 schrieb

233 2482 308 2537 nicht
334 2484 430 2540 einmal
458 2486 505 2541 das
532 2485 677 2545 Verdienst

181 2572 186 2593 ¹
233 2567 279 2625 die
295 2567 435 2628 Samniten
458 2573 560 2649 besiegt
579 2595 613 2631 su
630 2575 676 2631 ha·

233 2656 285 2711 lren
312 2656 374 2714 doen
399 2659 525 2718 Dictator
553 2662 676 2740 Papirius

218 2740 308 2813 'mehr
325 2765 358 2802 sa
380 2744 420 2802 als
437 2746 490 2804 den
512 2750 610 2808 beiden
625 2749 677 2808 Le-

232 2837 332 2908 gaten“
355 2852 381 2890 ιι.
394 2853 416 2893 s.
428 2855 464 2893 w.
487 2869 521 2879 -
549 2838 584 2894 P:
608 2858 678 2916 qnos

232 2919 348 2996 populus
365 2925 495 2994 proximis
507 2928 624 2984 comitiis
637 2929 678 2983 in·

188 3016 191 3021 '
232 3008 305 3080 genti
328 3027 461 3063 consensu
483 3018 538 3066 cos.
564 3011 677 3069 alterum

235 3090 346 3149 alterurn
357 3104 506 3168 praetorem
517 3096 677 3156 declarauit:

233 3177 278 3235 dlt
296 3179 392 3256 ‚‚quod
410 3188 461 3251 (m.
474 3185 514 3242 Ἅι
532 3189 677 3281 quostpo·

116 3337 119 3343 Ι
234 3263 313 3341 pulus
338 3270 468 3342 proximis
494 3275 611 3329 comitiis
638 3275 680 3330 in·

234 3353 307 3424 genti
322 3355 327 3422 Ι
342 3373 475 3414 consensu
494 3365 550 3417 coi.
567 3358 679 3416 alterum

234 3436 411 3501 declarauit“.
447 3463 483 3503 m.
507 3446 545 3503 Ἅι
572 3451 679 3522 plorem

234 3522 387 3587 declararit.
406 3527 483 3588 Voss.
501 3549 527 3590 n.
546 3531 597 3591 al.:
615 3532 680 3590 alte·

234 3628 295 3666 rum
313 3612 459 3672 consulem
474 3614 585 3675 alterum
602 3639 679 3698 pree·

234 3704 329 3755 torem.

182 3782 208 3840 9.
235 3783 469 3865 Decncottega
495 3790 600 3863 datm.-
629 3791 678 3850 ΡΜ

234 3870 296 3930 cod.
312 3871 408 3933 Klocls.
427 3873 504 3936 Voss.
517 3897 544 3937 ιι.
562 3877 611 3951 al]
625 3879 678 3935 Ds-

235 3959 293 4015 cins
311 3958 413 4036 collega
426 3961 505 4041 datur
521 3963 565 4034 (ll
576 3985 612 4024 ιιι.
625 3967 695 4035 2.),ι

209 4038 213 4063 ¹
234 4073 269 4087 -
284 4044 362 4105 Laid.
379 4065 397 4106 ι.
415 4047 463 4109 el.:
482 4050 560 4110 decio
578 4049 678 4127 college

816 2313 866 2370 sod
888 2315 987 2372 Fabius
1012 2316 1103 2374 Decio
1127 2314 1263 2380 addendus

815 2399 919 2477 collega
938 2405 1012 2461 visus
1026 2414 1101 2461 erate
1120 2405 1210 2474 „dam
1222 2402 1262 2460 l'a·

818 2489 880 2546 hius
906 2488 977 2546 wird
1004 2489 1044 2548 als
1065 2490 1262 2572 Anerkennung

817 2575 862 2633 litr
884 2576 928 2633 die
955 2577 1093 2652 gtnzliclre
1115 2579 1263 2656 Besieguug

817 2663 958 2722 Etruriene
987 2665 1035 2721 das
1063 2661 1202 2723 Consulat
1226 2685 1260 2723 cr·

819 2762 927 2821 nauem,
945 2772 974 2807 er
991 2752 1063 2809 wird
1085 2754 1150 2811 dem
1163 2754 1261 2811 Decius

817 2837 858 2895 als
876 2840 1067 2913 Amtsgenosse
1083 2841 1243 2916 zugcsellt“.

749 2925 792 2984 ll.
815 2928 972 3002 profectur
986 2928 1030 2984 ad
1039 2927 1206 2986 Nuceriam
1215 2931 1262 2986 At-

811 3012 985 3085 foternam:
1007 3011 1049 3086 tt]
1077 3017 1103 3071 ie
1128 3016 1262 3092 prolectas

819 3111 870 3159 cet.
883 3130 916 3147 ·-
934 3100 968 3158 Is
986 3103 1014 3157 in
1032 3099 1107 3158 nullo
1127 3103 1263 3164 consen

817 3198 895 3263 ptum
923 3197 965 3245 eat
990 3190 1044 3244 nisi
1066 3190 1096 3245 in
1118 3191 1263 3266 Sigoniano

820 3277 1018 3344 recentissimo,
1042 3295 1093 3332 nec
1110 3281 1198 3356 magis
1215 3279 1264 3336 hoc

819 3360 881 3420 loco
900 3383 930 3419 es
947 3383 1016 3431 voce
1039 3383 1109 3441 opus
1127 3375 1171 3422 est
1188 3385 1264 3443 quam

818 3449 911 3508 multis
928 3449 1063 3507 similibus
1080 3450 1159 3512 locis.
1177 3455 1213 3512 cl
1225 3458 1264 3521 10,

821 3539 847 3596 1.
864 3571 898 3581 -
925 3537 960 3596 P:
977 3537 1115 3614 prolectas
1133 3541 1263 3598 adnuce·

819 3625 888 3682 riam
899 3624 1059 3685 lalaternam.
1075 3624 1148 3687 Cod.
1159 3626 1265 3687 K'loclr.:

819 3712 956 3786 proiectus
974 3716 1003 3767 in
1014 3709 1144 3771 luceriam
1162 3713 1264 3772 inlater-

819 3818 888 3857 nam.
926 3799 969 3855 Cf.
987 3799 1069 3856 Diod.
1088 3801 1137 3868 19,
1156 3804 1217 3860 65.:
1240 3803 1265 3858 oi

808 3880 854 3972 ¹dl
874 3885 925 3959 rain
947 3884 1111 3960 Νουκερίαν
1133 3888 1265 3959 rriv'Atr

819 3966 963 4046 cariacae
1001 3967 1194 4044 καλουμένην
1229 3976 1266 4032 oi·

818 4059 935 4125 wdvrac
943 4053 1099 4127 κεισὲένιις
1108 4058 1168 4185 ded
1179 4064 1267 4120 ’τινων
