2618 4590
68 294 73 303 ἱ
167 218 229 279 xiv

51 390 54 395 '
93 377 95 381 ’
165 379 423 484 gionibuspue:
453 362 636 453 nam'non
666 386 738 451 tarn
762 375 848 453 urbs
879 404 985 480 quarn
1012 380 1188 484 regiones.
1202 408 1307 473 aur

168 513 289 605 partes
314 500 414 575 urbis
438 497 576 613 divisae
600 498 623 573 i.
642 497 964 579 e'disterminatae
988 511 1075 577 sunt
1097 504 1168 581 illis
1193 512 1307 583 eol-

167 625 275 699 libus:
301 614 498 713 „nachdem
522 617 581 693 die
598 617 706 695 stadt
728 620 801 696 und
825 620 884 696 die
901 621 1051 697 Bezirke
1075 621 1298 709 de'rselben

169 744 281 821 durch
311 744 369 818 die
391 739 523 849 Hilgel,
552 739 692 818 welche
717 740 899 818 hewohnt·
918 732 1091 835 murder,
1119 744 1157 820 in
1188 746 1282 825 vier

168 867 294 945 Theile
323 864 538 964 abgegrennt
565 852 751 939 worden“.
794 863 895 940 Nihil
924 865 1049 969 magis
1067 866 1175 968 igitur
1206 866 1264 943 his

167 987 381 1064 coniecturis
407 983 655 1085 spectavimus,
681 1008 787 1085 quam
810 995 853 1060 ut
874 985 1010 1063 relictis
1027 988 1092 1078 eis,
1117 1013 1209 1088 quae
1227 989 1269 1062 in'

167 1109 324 1210 antiquis
351 1106 452 1181 libris
483 1106 620 1207 integra
650 1105 869 1208 legerentur,
899 1105 1007 1183 modo
1039 1109 1266 1215 suppleretur

168 1257 241 1331 quo
271 1226 320 1311 ad
352 1226 485 1303 iustum
521 1228 777 1303 sententiarum
807 1254 1005 1304 connexum
1042 1228 1265 1307 efficiendum

59 1436 62 1452 Ι
166 1377 258 1454 opus
284 1358 383 1426 esset
406 1359 444 1423 et
468 1349 566 1451 quod
587 1349 691 1425 facile
715 1350 878 1426 excidere
901 1350 1091 1454 potuisset.
1127 1350 1265 1427 Diffici-

165 1474 254 1548 liore
277 1474 399 1574 itaque
423 1471 504 1548 loco
528 1476 562 1563 7,
580 1473 638 1547 41.
661 1471 833 1572 particula
856 1482 965 1575 utque
988 1471 1154 1549 restituta
1177 1473 1265 1549 nihil

18 1600 31 1612 ”
157 1593 295 1670 'deesse
319 1591 515 1670 videbatur.
546 1594 580 1685 6,
603 1595 663 1668 38.
689 1617 761 1694 quo
784 1591 864 1669 loco
887 1593 996 1696 quod,
1021 1620 1114 1695 quae
1138 1620 1208 1670 vox
1223 1596 1265 1669 'in

166 1714 270 1795 coddl
281 1715 493 1834 scripta-est,
506 1714 635 1791 deesse
646 1739 719 1789 non
730 1725 881 1815 poterat,
896 1717 990 1793 inter
1000 1715 1137 1792 litteras
1149 1715 1178 1790 d
1188 1726 1226 1791 et
1238 1745 1263 1791 u

165 1832 358 1914 adiecimus
382 1838 444 1925 du,
470 1864 542 1938 quo
566 1835 788 1912 librariorum
813 1862 933 1913 errore
949 1837 1194 1915 animadverso
1209 1847 1265 1913 tot

32 1967 38 2019 ’-
84 1974 99 1981 ''
163 1960 253 2036 locis
277 1961 347 2034 iam
372 1987 393 2036 a
417 1959 595 2063 prioribus
610 1984 695 2036 vera
711 1945 831 2034 oratio
840 1970 983 2062 reperta
1001 1964 1087 2035 erat
1116 1959 1167 2034 Et
1184 1985 1264 2033 cum

27 2092 35 2105 '
111 2156 114 2161 ,
162 2108 237 2157 non
259 2078 378 2158 minus
404 2104 511 2182 saepe
534 2079 668 2155 librarii
685 2079 734 2155 ita
749 2079 842 2182 lapsi
858 2092 981 2158 essent
1005 2092 1046 2155 ut
1068 2081 1140 2156 duo
1155 2082 1263 2158 verba

162 2202 201 2275 in
224 2228 335 2291 unum
359 2199 629 2291 connecterent,
659 2201 762 2277 cuius
786 2213 907 2304 partes
937 2202 1099 2304 inprimis
1131 2201 1264 2302 syllaba

32 2392 36 2402 .
163 2349 233 2424 que
250 2323 381 2398 omissa
398 2321 652 2426 comprehendi
667 2348 777 2424 posse
795 2325 1010 2414 viderentur,
1032 2326 1067 2413 6,
1084 2325 1141 2397 ⁶23.
1156 2351 1264 2425 quac-

43 2452 72 2539 ’,
125 2447 130 2529 J
163 2455 299 2518 rentem
323 2438 544 2521 restituimus
569 2444 707 2546 aliaque
733 2445 809 2520 eius
835 2445 984 2545 generis.
1012 2470 1094 2523 nam
1119 2471 1193 2519 non
1208 2472 1264 2521 sa-

162 2564 211 2659 tis
237 2564 425 2666 diligentes
449 2569 489 2641 in
510 2566 708 2653 retinendis
739 2566 792 2641 eis
818 2592 910 2666 quae
934 2567 972 2640 in
1001 2566 1262 2669 antiquioribus

158 2670 261 2762 libris
287 2687 514 2764 inveniuntur
539 2692 622 2764 cs'se
646 2706 849 2789 possumus,
875 2685 1066 2788 quodnisi
1090 2687 1158 2763 bac
1181 2689 1258 2790 lega

38 2869 46 2877 .
98 2870 101 2879 .
161 2802 348 2885 observati
375 2802 658 2912 quibuscumque
689 2809 903 2887 coniecturis
937 2796 1040 2912 copia
1070 2809 1152 2885 data
1184 2811 1258 2884 erit.

20 2994 27 3041 ·.
160 2926 248 3002 haec
274 2930 379 3004 etiam
405 2958 511 3008 causa
536 2942 630 3022 erat,
665 2931 827 3033 qu'od2‚
854 2936 909 3006 13.
946 2959 1066 3023 „novo
1092 2930 1179 3005 inde
1203 2957 1263 3031 ge·

160 3038 276 3131 nerel‘
300 3053 546 3144 scriberemus,
572 3080 652 3128 cum
676 3055 727 3128 ibi
751 3054 789 3128 in
813 3052 970 3153 antiquis
989 3051 1089 3126 libris
1106 3061 1147 3126 ut
1172 3052 1260 3127 mul-

135 3169 207 3245 'tis
239 3169 316 3246 aliis
346 3172 435 3250 locis
466 3177 506 3248 iu
537 3203 603 3279 pro
634 3162 683 3251 ἶιῖ
697 3177 720 3251 i.
752 3203 782 3251 e.
812 3172 900 3248 inde
936 3173 1109 3275 scriptum
1145 3184 1260 3249 esset:

158 3290 253 3367 nulla
279 3293 374 3368 enim
399 3322 506 3372 causa
529 3294 684 3373 inveniri
705 3307 828 3400 potest
851 3321 916 3370 cur
940 3297 1018 3368 ina
1041 3294 1192 3372 librariis
1210 3296 1263 3371 ul-

29 3483 33 3491 .
158 3421 217 3497 tro
242 3413 419 3492 adiectum
443 3419 501 3494 sit
531 3445 599 3494 nec
623 3418 711 3494 inde
738 3419 773 3493 h
798 3417 821 3492 l.
845 3441 1147 3518 supervacaneum
1171 3427 1258 3506 erat,

57 3593 61 3600 .
111 3540 116 3555 '
160 3533 293 3635 quippe
318 3565 388 3638 qua
411 3566 502 3616 voce
525 3539 805 3641 responderetur
834 3538 954 3627 verbis
984 3565 1114 3613 nouam
1139 3541 1178 3613 in
1191 3541 1262 3642 fe·

157 3657 258 3729 mina
281 3660 460 3749 virtutem,
487 3688 568 3736 cum
591 3662 692 3763 virgo
718 3688 812 3762 equo
836 3660 997 3737 insidens
1020 3661 1059 3735 in
1084 3661 1259 3737 sacraria

158 3789 368 3874 poneretur:
403 3783 485 3872 „sie
514 3783 708 3859 belohnten
739 3781 887 3857 deshalb
910 3782 994 3856 'den
1025 3791 1129 3857 sonst
1163 3780 1258 3854 noch

37 3906 42 3915 ’
77 3946 81 3959 .
155 3898 215 3971 nie
241 3926 282 3975 so
308 3928 355 3975 an
373 3904 489 3978 einem
506 3884 645 3979 Weibe
663 3890 1004 4016 hervorgebetenen
1020 3901 1128 3976 Muth
1143 3900 1257 3976 durch

13 4010 16 4015 ’
156 4018 236 4145 eine
261 4048 353 4097 nene
366 4023 432 4097 'aul
444 4021 502 4096 die
519 4024 614 4101 Tbat
628 4026 747 4130 Beaug
770 4024 934 4101 habende
945 4023 1254 4125 Auwszeichmmg‘t
