2618 4590
526 244 709 329 urpuuvu
1105 239 1168 307 177

68 415 253 498 arriserunt,
280 413 416 504 patriam
438 411 602 504 profectae
624 424 736 502 postea
758 438 777 480 a
799 407 876 482 Veis
897 417 1011 486 virtute
1037 435 1170 507 recupe-

66 542 187 589 ravere.
226 518 320 586 nobis
343 519 440 583 deum
462 515 653 606 benignitate
675 516 825 585 felicitate
846 531 900 586 tua
916 522 1089 614 populique
1104 522 1168 603 Ro

65 625 153 690 mani
176 635 209 691 et
230 645 281 689 res
304 633 337 688 el
357 621 456 711 gloria
478 631 527 688 esi
547 621 683 710 integra:
718 645 913 712 quamquam
935 625 975 690 de
993 626 1090 714 gloria
1111 625 1165 691 vix

66 728 172 794 dicere
196 727 312 808 ausim,
338 722 365 791 si
392 749 451 792 nos
480 736 512 792 et
538 724 648 792 hostes
675 726 762 792 haud
789 750 883 795 secus
911 752 1009 818 quam
1033 729 1166 794 feminas

67 831 193 897 abditos
215 831 295 896 intra
317 830 437 931 vellum
459 829 608 898 omnibus
631 830 833 904 contumeliis
849 832 983 899 eludunt
1000 842 1034 898 el
1054 843 1090 897 tu
1111 833 1195 902 ιιι-5

53 947 195 1023 perator
215 945 335 1016 noster,
358 935 446 1024 quod
468 933 591 1024 aegrius
612 935 765 1023 patimur,
788 935 964 1003 exercitum
985 947 1078 1003 tuum
1099 936 1167 1005 siue

66 1038 178 1107 animis
199 1038 267 1106 sine
291 1039 385 1106 armis
407 1039 476 1107 siue
496 1038 644 1105 manibus
665 1037 785 1106 iudicas
807 1064 894 1124 esse,
922 1052 957 1108 et
982 1040 1167 1132 priusquam

63 1153 214 1231 expertus
236 1165 296 1210 nos
318 1164 415 1227 esses,
437 1145 477 1210 de
499 1143 592 1210 nobis
614 1143 660 1210 ita·
681 1144 854 1234 desperasti
875 1156 911 1212 ut
931 1156 965 1212 te
978 1167 1167 1211 mancorum

63 1270 101 1313 ac
129 1246 281 1315 debilium
310 1249 426 1316 ducem
453 1249 608 1314 iudicares
636 1271 718 1315 esse.
756 1249 832 1338 quid
861 1248 946 1315 enirn
974 1249 1059 1315 aliud
1093 1271 1165 1316 esse
1271 1308 1275 1314 ,

61 1360 178 1418 caused
199 1353 380 1436 credamus,
408 1377 465 1420 eur
486 1364 655 1420 veteranus
677 1354 743 1419 dux
764 1352 954 1420 fortissimus
980 1353 1067 1420 bello
1090 1368 1214 1425 con-1⁰
1250 1381 1257 1395 ·

61 1456 179 1546 pressis
202 1458 291 1547 quod
313 1458 401 1525 aiunt
421 1456 568 1524 manibus
591 1458 723 1524 sedeas?
750 1470 924 1548 utcumque
948 1459 1033 1525 enirn
1054 1483 1090 1525 se
1111 1459 1165 1527 ha·

61 1559 116 1625 bet
137 1583 205 1644 res,
225 1572 258 1629 te
282 1564 322 1630 de
343 1573 453 1628 nostra
475 1563 591 1629 virtute
615 1562 775 1628 dubitasse
797 1561 896 1628 videri
918 1582 1017 1652 quarn
1040 1586 1100 1643 nos
1124 1564 1165 1630 de

60 1674 116 1730 tua
136 1665 242 1732 verius
265 1677 323 1733 est.
364 1664 413 1732 sin
436 1677 543 1732 autem
565 1689 632 1733 oon
653 1677 746 1732 tuum
760 1665 843 1732 istuc
864 1668 921 1732 sed
937 1667 1101 1754 publicum
1116 1678 1166 1733 est

61 1769 245 1852 consilium,¹
262 1781 295 1836 et
316 1792 492 1837 consensus
515 1769 612 1859 aliqui
634 1780 761 1861 patrum
782 1792 849 1835 non
864 1769 1022 1835 Gallicum
1043 1769 1165 1836 bellum

59 1895 122 1939 nos
146 1873 186 1938 ab
209 1874 289 1939 urbe
312 1899 330 1940 a
352 1871 520 1963 penatibus
542 1875 658 1940 nostris
681 1872 845 1963 ablegatos
867 1884 964 1953 tenet,
987 1894 1108 1964 quaeso
1128 1884 1165 1940 ut
1177 1885 1211 1941 15

57 1998 98 2043 ca
133 2000 216 2068 quae
245 1977 349 2045 dicam
378 2001 445 2044 non
473 1998 491 2044 a
523 1977 676 2045 militibus
708 1977 891 2068 imperatori
920 1978 1005 2065 dicta
1032 2000 1163 2046 censeas

57 2081 117 2148 sed
140 2107 159 2147 a
181 2082 277 2171 plebe
299 2078 456 2174 patribus,
483 2105 566 2176 quae
589 2081 635 2149 sic
657 2093 693 2151 ut
715 2107 774 2150 vos
794 2076 901 2151 'vestra
923 2075 1068 2150 babeatis
1090 2103 1164 2151 cou-

74 2258 100 2316 1.
127 2277 148 2313 a
176 2257 268 2330 Veis]
297 2258 330 2315 ab
355 2257 437 2317 Veiis.
464 2289 500 2302 ·-
526 2256 576 2314 ΡΜ

127 2343 231 2408 Harlr.
249 2343 326 2404 Leid.
345 2365 379 2405 1.:
403 2345 494 2404 abeis.
530 2343 575 2404 Cf.

129 2434 155 2498 4,
174 2436 233 2493 32,ι
252 2455 267 2489 a
284 2428 358 2494 Veis.

717 2251 740 2316 P
758 2275 794 2318 m.
813 2254 852 2316 l.:
871 2258 1030 2336 conpressit.
1047 2248 1121 2315 llarl.
1133 2277 1164 2316 ιι

716 2347 818 2406 sedeat.
837 2335 914 2404 Leid.
932 2366 963 2402 ιε
980 2365 1011 2401 se
1030 2343 1088 2402 dea.

647 2436 690 2492 11.
717 2445 873 2511 utcumque
902 2431 981 2490 enim
1010 2453 1045 2488 se
1075 2424 1165 2488 hebet

19 2532 21 2539 '
64 2520 100 2579 '2
123 2519 273 2592 felicitate
294 2529 348 2576 tua
361 2507 460 2597 pappi
480 2529 509 2576 ei
526 2537 576 2577 reu
716 2542 766 2578 res
793 2531 822 2578 te
852 2520 891 2576 de
920 2529 1026 2576 nostra
1055 2519 1164 2578 uirtute

34 2655 38 2664 .
127 2616 157 2666 et
175 2609 274 2667 cloria
293 2617 340 2665 est
361 2609 492 2688 integra.-
516 2605 575 2663 ΡΜ.
716 2610 872 2667 dubitasse
890 2617 952 2666 cetu
970 2607 1006 2665 ll.
1029 2600 1060 2663 lu
1078 2599 1100 2661 P
1118 2625 1163 2663 ex·

125 2651 261 2752 -iues
279 2694 354 2770 qua.
373 2693 467 2750 uada
490 2693 575 2750 reua-
717 2691 785 2751 cua
802 2696 840 2755 a.

128 2789 184 2839 lale
208 2790 255 2839 tua
281 2780 382 2860 populo
408 2800 521 2836 romano
548 2788 576 2835 et
646 2777 690 2838 13.
717 2782 767 2837 sin
785 2782 883 2836 autem
901 2794 961 2837 uon
983 2779 1066 2835 ioum
1089 2780 1165 2835 istuc
1222 2814 1225 2820 ·

127 2886 173 2923 res
195 2876 223 2922 et
243 2865 328 2942 gloria
353 2872 394 2923 est
410 2868 522 2941 integra.
540 2896 575 2907 -
716 2863 1164 2939 sedpoblicomestcousiliumr

127 2950 192 3010 Plll:
212 2974 373 3032 quamqqam
385 2952 419 3011 de
431 2951 516 3029 gloria
528 2953 576 3010 uix
716 2949 746 3007 Μ
763 2973 799 3010 m.
819 2953 843 3010 1.
862 2952 891 3009 P.
904 2949 979 3008 -Μ
997 2970 1033 3010 ru.
1051 2953 1076 3010 ὓ.
1095 2950 1162 3009 muld

127 3034 218 3098 dicere
235 3040 321 3103 ausim
344 3045 370 3099 si
388 3050 439 3103 cat.
462 3040 490 3099 h.
508 3061 532 3103 e.
550 3038 575 3096 sl
717 3041 793 3117 tique
811 3051 881 3099 iace.
900 3038 994 3098 codd:
1012 3029 1097 3099 istud.
1214 3080 1215 3083 =

129 3128 246 3205 quidem.
647 3126 691 3184 14.
716 3128 1162 3204 eicousensucoliquipatrum:

71 3215 99 3274 7.
128 3224 156 3273 ei
171 3219 347 3293 priusquam
363 3224 506 3293 expertus
519 3235 576 3273 nos
715 3211 743 3272 Μ
759 3234 795 3271 m.
815 3217 840 3273 1.
858 3210 887 3272 P.
906 3213 978 3274 Harl.
998 3206 1031 3288 ι]
1053 3226 1081 3270 et
1098 3234 1162 3268 con·

128 3319 228 3360 esses:
251 3302 286 3363 Μ.
313 3337 348 3346 -
375 3303 410 3362 P:
439 3314 466 3361 et
487 3304 576 3381 prius«
715 3318 811 3359 sensus
830 3300 928 3383 affluis
945 3310 1050 3378 patrum
1068 3299 1162 3383 (llm.

125 3410 209 3466 quam
227 3401 352 3468 expertus
370 3411 427 3447 non
445 3409 574 3448 esses.-
653 3385 656 3391 ’
716 3391 768 3457 3.).
787 3418 820 3427 -
838 3383 914 3446 [reid.
933 3407 963 3446 r.:
983 3378 1097 3464 aliquid.
1130 3385 1162 3442 lu

126 3473 262 3532 Pm.1.:
288 3492 320 3531 ac·
341 3475 448 3537 delium.
478 3492 515 3536 m'.
532 3479 572 3534 Ἅι

127 3580 161 3618 ac
180 3561 315 3618 debilium.

71 3651 101 3710 9.
130 3650 207 3727 quid
223 3651 300 3710 enim
318 3645 405 3704 aliod
421 3669 488 3706 esse
505 3668 572 3706 cau⁸¹

128 3759 183 3794 sae
200 3738 373 3793 credamus.-
391 3735 440 3791 ΡΜ
460 3733 538 3795 Leid.
555 3756 574 3794 1.

128 3824 180 3896 al]
202 3824 268 3903 quid
292 3824 363 3880 enim
386 3855 416 3865 -
435 3822 575 3881 credemus

128 3912 216 3980 (Harl.
229 3926 255 3971 1'1.
263 3919 281 3979 ).

54 3998 100 4060 10.
128 4001 297 4074 conpressis
316 3997 574 4074 quodomnium

129 4087 217 4146 nibus
229 4087 353 4144 sedeas:
370 4082 440 4143 Pru.
452 4085 478 4142 2.
491 4082 526 4142 Μ.
540 4114 574 4125 -

83 4191 115 4239 Τ.
129 4189 181 4238 Livi
195 4205 246 4250 pars
259 4189 292 4237 ΙΙ.

713 3473 794 3533 Voss.
808 3494 836 3531 ιι.
854 3475 887 3532 al.
907 3468 1036 3530 omissum
1048 3481 1090 3531 est
1107 3474 1161 3532 oli·

716 3564 776 3636 qui.
790 3592 823 3602 -
837 3559 879 3619 Cl'.
898 3563 925 3628 3,
944 3564 1001 3618 17.:
1018 3562 1044 3618 si
1061 3562 1109 3640 qui
1120 3555 1161 3616 in·

715 3648 815 3727 pediai.
831 3648 865 3710 al.
883 3648 942 3707 Cic.
958 3648 992 3709 de
1005 3648 1052 3709 off.
1067 3652 1092 3717 1,
1103 3649 1160 3705 32:

716 3750 795 3792 casus
814 3737 896 3813 aliqui
920 3747 967 3795 aut
988 3745 1093 3815 {empus
1112 3737 1161 3792 im·

714 3825 801 3898 pouit.
818 3827 845 3891 3,
864 3827 903 3882 7.:
923 3825 975 3881 nisi
987 3822 1071 3902 aliqui
1084 3842 1161 3880 casua

716 3920 767 3968 cel.
785 3910 818 3968 al.

646 3993 690 4055 17.
717 4017 795 4071 praue
812 3995 855 4055 sic
873 3998 1090 4058 uiuosueutra
1107 3995 1161 4052 aa«
1210 4026 1213 4031 ,

716 4086 810 4141 beatis
833 4077 959 4142 consilia
981 4077 1025 4142 sic
1047 4099 1082 4147 se
1103 4102 1161 4141 aua

919 4173 961 4240 12
