2618 4590
530 212 639 274 umus
654 213 713 276 vit.
852 250 860 273 a
1109 199 1175 271 ‘231
1196 196 1199 201 ¹

72 374 243 468 ditataque
264 373 347 443 inter
368 375 461 442 iacet.
483 368 528 440 ibi
549 398 657 442 rursus
673 375 739 443 acie
758 373 950 460 dimicamm,
972 377 1189 468 adversoque

71 479 195 568 proelio
219 479 375 570 Campani
395 480 476 546 intra
498 479 626 548 moenia
648 479 807 568 conpulsi,
834 504 908 548 cum
929 481 1044 551 robore
1065 482 1173 575 iuven·

13 646 16 651 .
70 585 147 652 tutis
170 608 248 652 suae
272 586 378 652 acciso
399 585 487 651 nulla
509 584 689 675 propinqua
710 607 785 674 spes
803 595 897 668 esset,
920 586 1021 653 eoacti
1043 584 1172 656 suntab

71 689 226 758 Romanis
249 702 359 780 petere
380 690 544 756 auxilium.
587 730 594 739 ,
1214 745 1217 751 .

158 793 265 882 XXX.
308 795 419 886 Legati
440 793 613 862 introducti
639 793 673 861 in
701 806 848 862 senatum
875 794 1016 862 maxime
1036 794 1069 860 in
1090 791 1208 867 hauet
1279 805 1289 818 ⁸

69 899 261 965 sententiam
282 899 382 978 locuti
403 911 494 967 sunt:
518 898 682 990 „populus
704 923 765 966 nos
781 900 964 992 Campanus
986 898 1110 989 legatos
1133 886 1173 965 ad

67 1025 128 1068 vos
154 1013 261 1093 patres
289 1004 460 1094 conscripti
485 1004 572 1072 misit
598 1003 768 1070 amicitiam
799 1004 832 1071 in
861 1014 1054 1094 perpetuum
1087 1002 1173 1069 auxi-

66 1105 147 1172 lium
168 1130 320 1196 praesens
343 1109 470 1177 avobis
487 1109 632 1200 petitum.
670 1133 769 1200 quam
791 1132 818 1176 sr
809 1108 984 1176 'secundis
1006 1107 1102 1176 rebus
1117 1130 1172 1175 uo
1244 1094 1249 1111 ’

65 1211 139 1278 stris
161 1213 363 1302 petissemus,
385 1213 431 1280 sie
453 1224 491 1282 ut
513 1224 630 1304 coepta
643 1214 803 1282 celerius
794 1227 837 1281 rta
856 1196 1028 1285 infirmiore
1043 1211 1193 1281 vinculo

65 1326 229 1387 eontracta
252 1329 352 1387 esset·
375 1318 570 1402 musenim,
592 1330 629 1386 ut
650 1319 706 1410 qui
728 1344 770 1388 ex
793 1343 897 1410 aequo
920 1343 980 1386 nos
997 1317 1122 1386 venisse
1137 1316 1169 1382 iu
1185 1331 1220 1385 to

67 1406 238 1488 amicitiam
264 1423 538 1507 meminissemus,
570 1424 823 1491 amieiforsitan
840 1423 974 1514 'pariter
1001 1446 1045 1490 ac
1076 1419 1171 1504 nuirc,

63 1525 199 1593 subiecti
221 1538 317 1617 atque
341 1526 472 1594 obnoxii
494 1527 587 1596 vobis
609 1529 714 1594 minus
743 1552 902 1596 essemus:
937 1551 1024 1594 nunc
1052 1525 1171 1593 miseri·

64 1631 172 1699 cordia
199 1643 304 1699 vestra
333 1632 493 1700 conciliati
520 1632 703 1723 auxilioque
731 1632 765 1699 in
794 1632 896 1699 dubiis
924 1633 1020 1699 rebus
1049 1631 1171 1698 defensi

61 1735 256 1803 beneficium
286 1761 417 1827 quoque
448 1747 616 1826 acceptum
645 1737 790 1805 colamus
818 1748 960 1827 oportet,
993 1759 1035 1802 ne
1059 1734 1171 1825 ingrati

135 1896 166 1930 ao
201 1875 344 1933 moenibus
372 1876 512 1935 Romanis.
547 1909 583 1922 —
725 1880 753 1935 in
772 1896 901 1954 praesens
918 1876 1000 1932 modo
1018 1874 1067 1933 sed
1085 1876 1171 1932 inre·

135 1962 209 2021 Harl.
224 1983 255 2022 t:
273 1962 352 2021 Leid.
365 1982 383 2022 1.
400 1962 481 2022 Voss.
493 1982 522 2020 u.
536 1962 582 2023 al:
725 1967 842 2021 rientem
862 1966 940 2020 etiam
959 1983 1066 2022 aunum.
1085 1960 1119 2020 al.

133 2048 288 2126 tilactaque.
305 2050 332 2106 lll
344 2071 381 2111 m.
391 2054 432 2110 θα
446 2050 582 2127 tilatique.
672 2055 698 2110 8.
725 2071 816 2127 quum
827 2053 857 2108 si
867 2052 1007 2126 secundis
1020 2051 1108 2108 rebus
1119 2069 1170 2104 no·

134 2135 216 2195 llaec.
234 2137 312 2194 multi
335 2138 432 2198 cudda
454 2136 581 2195 Tilatam·
725 2141 798 2197 atris
807 2140 996 2212 petissemus,
1010 2140 1053 2194 sic
1065 2146 1097 2193 ut
1107 2155 1171 2191 coe·

132 2244 192 2301 que.
722 2234 776 2301 pte
793 2227 919 2282 celerius
943 2228 986 2282 itu
1008 2219 1171 2300 infirmiore

82 2312 110 2368 2.
137 2313 320 2369 cumrobore
337 2313 390 2380 (lllr
403 2313 521 2384 robure)
539 2315 582 2370 iu·
725 2308 845 2369 uiubulo
884 2321 1039 2369 contracta
1076 2316 1170 2368 esset:

135 2401 263 2455 uentutis
283 2420 357 2456 auae
379 2403 476 2457 acciso
495 2402 582 2458 nulla
722 2398 786 2456 PM:
805 2407 992 2476 praeterquam
1009 2396 1083 2476 quod
1095 2418 1130 2454 m.
1145 2398 1182 2452 1.»
1215 2406 1219 2417 ’
1264 2430 1272 2448 ι

130 2488 301 2562 propinqua
319 2507 388 2561 spes
406 2486 579 2565 essetrlPlll.
723 2489 831 2555 cerins,
858 2507 893 2544 m.
912 2490 937 2546 2.
955 2487 1082 2549 celerius
1099 2483 1169 2540 iul’

133 2603 167 2615 -
183 2571 252 2631 Cod.
267 2568 326 2630 Gal.
339 2572 412 2632 Harl.
427 2595 445 2634 1.
462 2573 540 2634 Leid.
550 2593 580 2633 t:

134 2663 232 2717 acciso.
250 2659 331 2717 Rece.
350 2661 429 2719 codd,
449 2661 495 2718 alii
513 2682 579 2729 „oe-

136 2749 215 2802 eiso“
235 2745 281 2800 alii
298 2745 460 2813 ‚‚abseis0“.
490 2746 535 2806 Cf.
553 2752 580 2815 3,

135 2835 191 2890 10.:
222 2835 273 2888 etsi
303 2832 424 2889 abscisae
448 2854 491 2889 res
517 2836 581 2892 siut.

132 2921 160 2988 Β,
174 2921 231 2978 ll.:
251 2918 319 2975 adeo
332 2940 404 2976 emm
417 2922 520 2977 accisae
537 2940 581 2976 res

132 3015 196 3063 sunt
219 3016 249 3061 ut
273 3006 431 3065 eonsuli-
453 3007 581 3063 dederent

133 3114 163 3150 se
183 3113 276 3150 omues
294 3092 393 3154 Latini.

79 3185 108 3242 6.
136 3184 253 3261 legatos
272 3183 316 3238 ed
336 3203 400 3241 uos.
415 3188 467 3259 pi.
485 3184 580 3239 misit.-

130 3269 193 3326 Pul:
220 3271 274 3324 uisi
298 3268 371 3346 quod
396 3270 424 3324 in
445 3267 468 3325 P
490 3273 578 3346 primo

133 3355 288 3430 ‚‚legatus“.
300 3388 333 3397 -
345 3353 396 3410 ΡΜ
406 3355 464 3414 rell.
472 3359 579 3425 :·„ami-

131 3446 222 3501 citiam
230 3445 259 3498 in
271 3451 439 3519 perpetuum,
451 3444 579 3501 auxilium

73 3583 78 3590 .
130 3550 280 3611 praesensa
291 3531 514 3606 uobispetitum“.
527 3532 577 3588 Illi·

132 3638 184 3675 nus
201 3627 263 3695 apte
275 3614 368 3674 Loret.
378 3619 417 3675 2:
432 3649 489 3687 ‚,-
505 3621 578 3675 auxi·
616 3670 619 3676 .

20 3729 23 3741 ¹
130 3703 198 3762 lium
216 3707 248 3761 in
265 3722 392 3781 praesens
408 3706 514 3761 auobis
531 3727 578 3782 pe-

130 3794 243 3852 titum“.
261 3790 305 3849 Gi.
318 3795 345 3860 7,
357 3794 415 3848 at:
433 3791 533 3849 milites
544 3826 578 3835 -

133 3879 236 3957 duplici
262 3878 396 3935 frumento
426 3881 455 3936 lu
483 3900 578 3958 perpe·

132 3977 222 4036 tuum,
244 3969 274 4024 in
294 3968 444 4044 praesentia
466 3967 580 4042 siugulis

134 4055 223 4112 bubus
242 4085 275 4096 —
295 4053 399 4114 donati.
416 4057 443 4124 2,
454 4056 511 4115 tu:
529 4075 580 4112 neu

722 2576 910 2652 scriptum.-
876 2573 1026 2630 -llleudo
1045 2568 1169 2648 typothe-

722 2671 811 2719 tarum
829 2663 883 2716 uisi
901 2651 980 2717 fallor
997 2660 1069 2734 apud
1086 2653 1168 2714 Bell.

722 2750 907 2823 scriptumest
926 2748 1119 2821 „potissimus‘
1121 2749 1169 2798 ‘et

723 2836 978 2902 „meminissimus“
980 2876 987 2891 .

653 2922 696 2979 12.
722 2920 846 2976 subiecti
862 2930 953 2995 utque
976 2917 1099 2975 obnoxii
1119 2935 1168 2971 uo·

723 3008 768 3064 tia
786 3009 885 3064 minus
903 3026 1050 3064 essemus:
1075 3001 1107 3061 P.
1134 3031 1168 3042 -

722 3095 764 3153 Μ·
777 3094 894 3152 subiecti
906 3104 985 3172 atque
998 3091 1167 3149 obnoxiiuo·
1234 3123 1235 3126 =

720 3185 765 3240 uis
782 3183 872 3239 miuus
890 3201 1018 3240 essemus.
1037 3209 1071 3220 -
1095 3154 1204 3234 Haec
1275 3204 1281 3211 ’

721 3272 804 3326 verba
829 3271 1018 3346 praetermissa
1046 3273 1110 3321 suut
1138 3264 1168 3318 iu

720 3355 795 3414 Harl.
822 3375 841 3415 ι.
876 3356 954 3414 Leid.
981 3374 999 3409 r.
1034 3349 1113 3408 Voss.
1138 3367 1166 3405 u.

720 3443 786 3502 Pall.
805 3445 830 3500 1.
849 3447 875 3500 3.

666 3564 702 3579 -·
720 3551 799 3588 nunc
828 3526 1035 3584 misericordia
1066 3532 1168 3581 uestm

720 3617 884 3675 conciliati:
902 3613 960 3674 Plll.
979 3642 1014 3657 -
1043 3610 1117 3670 Harl.
1136 3630 1167 3668 u:

721 3706 764 3762 bis
798 3722 869 3758 nuuc
902 3700 1086 3758 misericordia
1117 3707 1167 3754 oet.

720 3791 797 3850 Laid.
827 3810 861 3850 t:
896 3790 940 3846 bis
973 3783 1167 3846 misericordia.

720 3879 801 3938 Voss.
818 3898 861 3938 tn:
891 3898 964 3935 nunc
984 3876 1028 3930 bis
1051 3872 1168 3929 miserie.
1238 3903 1241 3908 -

722 3965 803 4025 Reor.
827 3966 901 4044 quid.
926 3962 1018 4021 codd:
1046 3971 1074 4017 ot
1096 3978 1168 4015 nune

722 4073 839 4112 miserae.
