2780 4720
539 319 698 382 ornnnx.
794 285 797 295 ’
945 311 948 315 ·
1003 289 1007 298 ’
1070 293 1170 377 ‘735
1224 399 1227 410 Ι

68 484 216 570 mnitimn
238 484 324 554 milio
347 483 454 574 uiginti
476 483 610 552 trecenti
632 483 854 572 quodraginta,
890 492 983 571 eapte
1001 481 1061 550 'tria
1084 445 1171 550 milio

68 589 241 679 octingenti
265 601 298 657 et
319 586 533 678 septuaginta,
562 587 650 677 signa
674 587 818 656 militaris
842 586 1011 676 nonaginta
1034 597 1171 676 septem.
1274 683 1279 688 .

68 706 213 782 ceterum
234 694 314 760 illurl
335 690 509 762 memoriae
531 691 677 772 truditur,
706 715 770 760 non
800 691 913 759 lerme‘
929 689 1025 758 olium
1055 691 1171 778 ducem

103 852 109 866 ⁸
140 885 173 895 -
192 851 214 908 P
233 851 279 921 sl:
298 854 346 908 mil
363 871 381 907 x
400 867 489 906 eccxn.
508 857 583 923 cepte
673 853 698 906 0.
726 858 853 908 ceterum
865 850 934 906 illut
944 849 1102 908 memoriae
1113 829 1171 906 tre·

140 945 179 994 rin
199 939 265 996 decc
282 949 377 995 ειη,
400 969 432 978 -
459 933 584 1010 Legimus

140 1029 183 1093 10,
201 1029 245 1086 38.
264 1024 299 1081 erl
316 1024 490 1101 quodraginta
511 1019 584 1080 milis

142 1114 303 1171 Samnitium
311 1115 341 1168 iu
351 1113 447 1168 castris
456 1111 491 1170 sl
501 1111 584 1190 Aqui·

89 1267 91 1274 Ι
123 1201 242 1304 ‘lonium
276 1201 375 1281 positis
417 1197 584 1255 consedisse:

87 1295 90 1307 '
141 1290 256 1371 eiusque:
269 1285 447 1344 multitudinis
466 1284 585 1348 sedecim

130 1375 214 1442 ,utilia
219 1374 258 1431 lm
263 1385 391 1430 tentorum
397 1372 511 1430 rnilitum
522 1367 593 1428 luis:

141 1481 179 1528 se
198 1460 328 1539 reliquom
342 1462 487 1517 exereitum
505 1458 586 1537 paulo

142 1547 203 1626 plus
220 1550 315 1624 viginti
334 1546 437 1604 milimn
478 1546 587 1611 10,ι10,

140 1640 251 1692 nuntius
274 1635 369 1691 allatus
394 1631 522 1700 truditur,
549 1633 586 1689 ri·

139 1721 376 1798 grutrSumornum
386 1719 583 1795 cohortesque

141 1811 219 1884 (iring
203 1811 323 1864 eonorius
356 1808 491 1886 prolectas
528 1825 586 1861 esse

88 1924 93 1932 =
140 1893 306 1953 Cominium.
337 1897 386 1962 10,
405 1896 448 1953 11.
466 1883 585 1972 perlitum

142 2001 237 2058 agmen
264 1981 336 2058 quod
364 1969 468 2059 pugnae
494 1985 587 2058 super·

141 2070 193 2126 luit
215 2079 239 2126 et
269 2070 297 2124 in
317 2079 402 2124 cestro
426 2077 454 2123 et
477 2067 587 2148 Aquilo·

140 2158 212 2214 nium
231 2155 397 2232 compulsum
417 2175 485 2224 esse,
513 2155 588 2210 nobi·

142 2244 296 2322 illatumque
320 2253 347 2298 et
369 2244 473 2320 equites
490 2241 588 2298 Boris-

141 2353 206 2390 unm
225 2332 333 2408 fugisse.
351 2349 385 2392 ex
403 2350 435 2386 eo
448 2331 530 2403 igitur
546 2348 587 2384 se·

142 2422 245 2497 quitur,
270 2415 342 2474 haut
363 2436 464 2493 psueos
482 2417 587 2474 Somni·

140 2509 208 2564 tium
226 2523 381 2562 nec-osesos
394 2507 495 2584 esseio
509 2523 586 2582 proe-

140 2593 179 2648 lio
189 2612 238 2647 nee
248 2602 350 2668 captos.
360 2591 433 2666 quotl
442 2593 465 2646 si
472 2594 524 2647 inm
535 2591 587 2647 hoc
651 2648 658 2662 x

142 2671 204 2734 loeo
223 2681 284 2745 (tu
303 2680 363 2744 on)
379 2695 461 2754 supra
479 2679 586 2752 triginta

144 2771 272 2840 quattuor
283 2763 356 2818 milio
370 2782 445 2818 caesa
459 2772 589 2839 ceptoque

144 2851 270 2908 (licuntur
296 2869 328 2906 ex
351 2869 383 2904 eo
408 2868 519 2924 nurnero
541 2851 588 2926 qui

106 2927 115 2982 .'
133 2940 231 2996 ⁴minuo
256 2939 365 3012 triginta
396 2934 510 2994 (luorum
539 2938 588 2993 mi·

141 3027 207 3086 lium
225 3025 320 3092 luent,
336 3023 462 3088 mendum
482 3021 588 3080 alibra-

143 3115 194 3170 riis,
215 3111 314 3178 lecture
337 3131 396 3170 csse
419 3109 588 3168 manifestum

143 3211 193 3260 est.
217 3201 402 3272 integerrimus
419 3200 501 3273 igitur
518 3196 590 3256 mett

144 3287 247 3344 codicis
282 3287 415 3366 scripture
454 3284 590 3343 ridebitur

146 3391 218 3430 esser
237 3393 297 3441 nero
317 3374 363 3450 qui
382 3391 508 3428 uumerus
526 3371 589 3429 inl'

143 3459 276 3527 refertum
297 3461 322 3516 is
344 3459 479 3538 aliquanto
501 3461 590 3516 minor

144 3556 186 3622 est
203 3565 282 3622 quarn
301 3555 345 3614 ut,
367 3565 428 3603 eum
449 3555 521 3603 trun
540 3546 587 3603 δι-
625 3555 631 3562 “

143 3634 267 3702 tonitium
296 3633 386 3690 elrrles
413 3633 507 3702 luerit,
537 3653 588 3710 pro

143 3740 207 3780 vero
231 3719 325 3778 hobeii
346 3721 443 3798 possit
465 3749 500 3761 -
527 3718 589 3778 l'll:

143 3809 221 3884 signe
238 3805 363 3884 militarie
380 3825 460 3865 xcrrr.
481 3804 558 3868 tud.
571 3824 588 3864 ι.

144 3893 265 3970 Vesun.
285 3892 354 3954 laos.
371 3896 397 3954 1.
421 3889 468 3953 alr
500 3902 528 3952 et
550 3894 586 3950 si·

142 4000 202 4058 gne.
220 3979 297 4039 Leid.
308 3999 341 4040 ne
357 3999 449 4040 xcvnr.
465 3979 534 4039 Lov.
546 3982 585 4038 n:

143 4087 217 4128 cem.
256 4067 337 4130 lleee.
367 4066 461 4127 oddo
492 4067 586 4144 viginti

140 4161 253 4232 septene-

726 939 824 994 ditur:
843 935 876 994 ll.
897 968 926 977 -
948 933 982 991 P:
1000 933 1171 994 illut-1³:

725 1025 894 1097 benogerum
910 1027 915 1092 Ι
931 1021 1039 1081 cinerei.
1049 1021 1091 1080 ll:
1103 1023 1172 1078 bene

726 1108 825 1184 gerulo
843 1112 892 1168 rei.
915 1141 947 1152 -—
974 1108 1034 1166 Plll:
1052 1111 1108 1177 „slr
1126 1129 1170 1172 eo·

726 1196 788 1257 dem
806 1197 904 1258 robore
915 1198 1096 1274 crimineque
1109 1217 1171 1252 eon·

727 1295 848 1342 tronerso
872 1286 992 1362 euspicio
1018 1285 1138 1340 reuocari
1157 1278 1183 1339 a¹

727 1369 830 1450 proelio
849 1363 959 1447 potuit“
978 1381 1028 1432 eet.
1058 1372 1076 1431 i.
1096 1375 1118 1430 e.
1138 1373 1171 1427 sb
1240 1389 1246 1398 ·

727 1458 822 1517 eodem
847 1457 944 1514 robore
972 1460 1053 1515 enimi
1084 1459 1171 1546 prole·
1249 1483 1254 1490 ¹
1363 1469 1366 1480 '

727 1555 800 1608 ctum
813 1555 856 1602 cst
866 1543 940 1622 quod
952 1565 987 1601 ne
999 1551 1172 1602 controverso

729 1633 839 1709 quidem
858 1633 978 1710 euspicio
989 1653 1002 1687 a
1015 1633 1118 1710 proelio
1132 1653 1170 1688 re·

725 1723 820 1782 vocari
844 1721 932 1797 potuit
950 1727 1014 1780 eet..
1035 1718 1066 1775 id
1084 1719 1174 1776 effecit
1192 1727 1201 1750 ‘

728 1807 799 1862 enim
818 1805 884 1888 illud
897 1808 979 1864 animi
991 1807 1074 1863 robur
1091 1818 1121 1864 ut
1132 1827 1174 1862 re·

729 1896 820 1950 vocari
839 1916 853 1950 a
871 1893 976 1972 proelio
995 1914 1049 1952 non
1072 1903 1173 1970 posset.

729 1981 766 2041 et
783 1984 832 2048 00,
850 1985 889 2040 0.ι
919 1980 1081 2038 relucentem
1099 1981 1171 2036 llam·

729 2077 798 2126 mom
818 2099 852 2111 -
871 2088 932 2126 eum
962 2071 1172 2144 conspexissent,

689 2147 692 2152 ¹
729 2159 768 2214 ob
785 2155 881 2214 eodan
899 2163 1002 2212 terrore
1019 2154 1128 2214 eredere
1147 2165 1174 2211 et

729 2244 842 2317 ipsisne
855 2251 951 2319 sponte
964 2242 1116 2300 incendium
1130 2261 1172 2297 or·

729 2339 795 2390 turn.
813 2328 856 2390 Cl.
866 2327 888 2389 F
890 2374 896 2388 .
907 2328 985 2386 Hand
996 2329 1030 2387 orl
1038 2314 1174 2389 Turselln.
1218 2365 1222 2380 .

723 2437 788 2494 jpag,
807 2419 850 2476 19,
869 2418 895 2476 l.
921 2448 954 2457 -
983 2417 1025 2473 De
1042 2415 1172 2500 porticula

729 2515 825 2582 neque
843 2504 877 2564 el.
895 2507 922 2571 5,
933 2507 989 2564 an:
1008 2525 1042 2562 ne
1060 2506 1174 2583 quidex
1193 2541 1203 2559 ι

729 2593 840 2668 antiquo
867 2600 973 2667 praeter
998 2611 1094 2648 sonem
1124 2590 1173 2648 lin-

728 2698 795 2754 guae
822 2697 872 2734 uec
899 2698 960 2734 eum
990 2680 1176 2754 incorruptum

729 2767 883 2823 retinerent.
902 2768 929 2832 7,
941 2767 984 2822 34.
1003 2768 1047 2820 to,
1064 2767 1113 2834 30,
1130 2767 1175 2824 11.
1226 2783 1231 2792 ’

730 2849 826 2910 el.-
853 2849 902 2908 ΡΜ
924 2849 971 2910 alr
983 2871 1053 2940 qno
1077 2851 1174 2930 templo
1238 2869 1244 2878 ¹

730 2937 796 2994 ders
811 2927 997 2997 inmortalibus
1010 2959 1104 2996 nonen
1116 2957 1175 3008 mos
1224 2957 1226 2965 ⁴
1304 2943 1310 2964 '

730 3033 849 3084 erst-
873 3023 939 3082 ll.'
931 3028 987 3084 roni
1005 3028 1122 3087 uictorii.
1144 3058 1176 3068 -

730 3110 807 3170 Leit.
825 3131 855 3170 n:
883 3116 906 3169 si
926 3112 1044 3190 legiones
1063 3089 1197 3172 ledisset

729 3197 856 3258 hostium.
881 3232 914 3242 -
939 3199 1002 3260 PM:
1026 3202 1175 3277 „pocillum

729 3283 809 3342 mulsi
821 3289 977 3369 priusqnam
990 3299 1117 3350 temetum
1135 3289 1175 3346 bi·

729 3372 806 3430 beret
831 3393 891 3430 sese
920 3375 1082 3436 1ιιοιιιιιιιιι11.
1118 3377 1175 3433 Fo-

730 3479 795 3516 cere
820 3479 1018 3540 nonnumquam
1045 3472 1076 3520 ut
1093 3463 1175 3520 Grue-

729 3565 822 3603 cornm
838 3541 910 3620 piger
911 3574 929 3606 ν
950 3550 1101 3626 significare
1127 3572 1175 3608 ea·

729 3634 878 3706 erficere,
897 3654 959 3692 rem
976 3638 1109 3698 divinem
1119 3637 1176 3710 fu-

730 3739 805 3788 cere,
815 3730 966 3782 notumest
980 3725 1019 3782 ei.
1015 3724 1096 3801 Virg.
1106 3727 1138 3784 Ε.
1148 3728 1200 3794 0,

730 3809 773 3866 77.
793 3805 851 3864 cio
870 3828 912 3883 ep.
927 3811 1066 3880 nontin
1083 3814 1174 3872 tna.

729 3890 879 3964 „Cloelium
898 3896 980 3980 Appii
1003 3898 1021 3958 1.
1044 3899 1124 3956 credo
1149 3909 1175 3956 te

728 3933 852 4052 indisso
863 4001 923 4040 enm
950 3993 1024 4040 veste
1051 3983 1174 4045 mullebri
1255 3971 1263 4006 ⁸

729 4067 923 4145 deprehensum
942 4070 1015 4128 domi
1033 4070 1066 4131 C.
1076 4070 1174 4129 cana-

673 4169 677 4178 ·
730 4155 776 4222 ris,
794 4173 855 4212 eum
875 4175 926 4233 pro
943 4157 1045 4238 populo
1062 4158 1163 4216 fierct“
1164 4201 1175 4226 ,
