2618 4590
417 330 425 345 ,
518 274 629 335 urum
644 275 733 349 vul„

1101 262 1167 333 :343

69 439 123 506 sit:
156 438 235 507 illud
263 438 419 530 pervelim
440 458 485 486 -—¹
506 461 568 505 nec
591 450 878 532 omnespauctores
902 452 978 509 sunt
995 481 1041 494 ·-
1062 442 1167 534 prodi-

68 553 135 610 tmn
157 543 240 610 falso
262 568 348 626 esse,
376 543 507 610 venenis
530 542 718 632 absumptos
740 566 877 633 quorum
899 546 986 612 morl
1013 547 1170 624 infamem

65 672 183 715 annum
205 648 385 738 pestilentia
407 647 532 715 iecerit:
555 647 600 715 sic
622 658 658 714 ul
680 648 825 737 proditur
844 658 953 717 lamen
967 674 1027 734 res,
1049 675 1090 718 ne
1113 651 1165 719 cui
1268 716 1271 723 A

64 765 231 820 anctorum
253 752 350 819 fidem
372 752 605 844 abrogaverim,
634 754 825 844 exponenda
849 765 908 821 est.
943 778 1019 822 curn
1046 757 1165 846 primo:

65 882 116 925 res
140 857 272 925 civitatis
293 857 448 925 similibus
470 857 590 924 morbis
606 859 786 949 eodemque
801 858 903 927 ferme
918 883 1032 929 omnes
1046 867 1194 953 eventus

64 973 278 1045 morerentur,
309 962 424 1029 ancilla
447 963 605 1054 quaedam
627 963 667 1029 ad
690 963 731 1049 Q.
742 963 891 1058 ‘Fabium
912 954 1097 1032 Maximum
1113 988 1165 1032 ae·
1231 986 1233 993 ·

65 1067 162 1134 dilern
184 1067 327 1135 cundem
348 1066 562 1167 indicaturam!
577 1091 612 1135 se
641 1089 773 1134 causam
800 1068 948 1159 publicae
972 1069 1072 1160 pestis
1093 1071 1189 1160 pros

63 1172 147 1238 fessa
170 1184 233 1256 est,
261 1171 352 1239 si'ab
374 1195 415 1240 eo
437 1171 517 1238 fides
540 1171 600 1239 sibi
623 1173 696 1239 dala
725 1184 812 1240 esset
832 1173 919 1239 haud
945 1174 1088 1241 futurum
1108 1194 1171 1241 no·-

61 1276 133 1342 xiae
150 1276 315 1345 indicium.
351 1277 469 1345 Fabius
492 1277 661 1346 confestim
682 1301 752 1345 rem
774 1278 814 1344 ad
832 1277 992 1360 consules,
1015 1276 1169 1345 consules

62 1381 103 1446 ad
123 1374 446 1465 senatum'reierunl,
475 1405 699 1474 consensuque
722 1382 839 1451 ordinis
861 1383 941 1449 fides
963 1383 1058 1449 indi'ci
1081 1383 1168 1453 dalei.-
1177 1388 1213 1444 1⁰

62 1495 132 1551 tum
153 1485 349 1574 patefactum
371 1485 518 1554 muliebri
540 1486 651 1556 fraude
675 1489 836 1557 civitatem
861 1487 964 1577 premi
992 1498 1167 1554 matronas

31 1580 34 1587 ’
62 1613 127 1679 que
150 1613 188 1655 ea
210 1613 335 1657 venena
357 1615 497 1681 coquere
520 1601 567 1673 el,
589 1592 617 1658 si
639 1592 730 1683 sequi
752 1592 916 1682 extemplo
938 1590 1046 1673 velint,
1068 1588 1165 1683 manif

60 1694 145 1759 festo
168 1693 363 1782 deprehendi
384 1718 491 1784 posse.
530 1696 632 1764 secuti
652 1696 792 1766 indicem
819 1706 853 1763 el
879 1693 1060 1785 coquentis*
1074 1700 1172 1785 quae

60 1797 138 1864 darn
158 1787 392 1865 medicamenta
414 1809 448 1869 et
468 1801 631 1870 recondita
652 1802 758 1871 vitalia
766 1801 978 1889 invenerunt:
1001 1796 1117 1888 quibus
1131 1796 1171 1889 in'v

133 1947 169 1986 m.
200 1927 240 1987 b:
276 1927 434 2007 absumptos
465 1951 596 2008 quorum*

131 2033 205 2070 mors
223 2023 275 2074 cel.

77 2106 105 2159 3.
132 2122 170 2158 ne
187 2105 237 2159 cui
252 2111 407 2160 auctorum
416 2104 518 2180 fidem
528 2105 579 2162 ab-

71 2264 75 2269 ·
131 2191 319 2268 rogaverim:
336 2188 359 2245 P
376 2210 412 2249 m.
429 2193 455 2252 2.
466 2188 506 2249 ll:
524 2193 590 2249 nisi-

132 2277 206 2353 quod
228 2278 257 2333 in
278 2275 305 2334 Μ
327 2286 474 2339 autorum.
498 2306 533 2319 —
555 2275 579 2334 P

131 2385 167 2423 m.
188 2368 226 2422 1.:
244 2373 389 2421 auctorem.
407 2397 442 2408 -
458 2363 579 2425 Laide:

134 2452 329 2525 abrogauerinl.

78 2542 106 2602 ὑ.
133 2540 245 2597 ancilla
258 2540 406 2616 quaedem
419 2538 463 2594 od
475 2537 511 2614 Q.
522 2537 579 2595 Fe·

132 2627 212 2682 dium
220 2625 579 2683 Maximumaedilemeu·

134 2714 229 2768 rulem
255 2723 321 2769 cen:
348 2711 371 2768 P
394 2711 467 2768 Harl.
485 2730 504 2770 r.
524 2712 580 2768 nisi

133 2797 208 2874 qood
230 2799 258 2852 in
281 2796 387 2854 Harlr.
409 2806 449 2854 ot.
476 2829 511 2841 -
537 2797 578 2853 ll:

133 2882 291 2953 „ancilcilla
309 2881 441 2959 quaedam
459 2903 474 2938 a
492 2882 578 2956 Wa-

131 2971 206 3028 bium
231 2972 400 3028 maximum“
418 2978 479 3029 cet.
510 2990 580 3046 quac

69 3095 71 3098 >
131 3059 221 3117 medio
239 3056 300 3115 loco
319 3078 354 3116 m.
370 3060 394 3117 1.
408 3059 509 3136 scripte
522 3058 579 3114 lue·

22 3135 23 3139 Ἰ
130 3150 194 3213 rint,
204 3167 313 3202 cernere
323 3167 377 3202 non
385 3148 471 3224 potui.
490 3164 525 3205 m.
534 3146 578 3205 3.:

132 3232 229 3290 ancilla
255 3233 385 3310 quaedam
414 3232 480 3293 adit.
505 3231 579 3310 quil

131 3320 233 3376 fabium
252 3331 302 3378 cet.
325 3351 359 3361 -
382 3321 511 3378 Mooeimi
532 3340 578 3376 eo·

132 3426 247 3482 gnomen
260 3407 295 3480 Q.
306 3405 389 3462 Fabio
401 3398 518 3464 censori
530 3406 576 3463 da·

29 3540 32 3553 .
133 3504 190 3550 tum
214 3513 273 3549 esse
291 3497 321 3561 9,
339 3494 383 3551 46.
405 3491 518 3549 relatum
539 3490 577 3549 le-
628 3516 631 3521 ·

133 3582 229 3655 'gimua
241 3611 274 3624 -
287 3579 328 3638 ll:
345 3599 452 3637 causam
469 3577 579 3656 puplico

129 3670 225 3744 pestis.

78 3760 106 3816 8.
135 3756 220 3812 haud
234 3756 377 3828 futurum
398 3755 510 3811 noxiae
536 3754 577 3811 in·

133 3843 256 3899 dicium:
274 3843 302 3899 Μ
319 3863 354 3901 m.
372 3843 414 3913 Μ]
439 3839 511 3898 baud
538 3841 578 3898 sn·

49 3956 52 3965 ·
133 3937 221 4009 lurum
239 3949 324 3987 noxae
342 3930 471 3986 indicium
489 3926 527 3997 (P
541 3947 579 3987 m.

134 4017 188 4084 9.).
218 4014 262 4076 cl.
279 4020 306 4084 7,
325 4018 362 4075 d:
380 4037 460 4092 quam
478 4015 513 4071 ob
531 4036 578 4072 no-

133 4104 214 4160 xiam·
236 4106 283 4173 ll),
301 4108 357 4163 lea
374 4106 398 4163 si
415 4123 473 4180 qua*
487 4102 577 4160 clades

720 1931 879 2000 incidisset,
915 1929 1047 1987 desertori
1081 1925 1170 2002 magis
1184 1920 1212 1941 “’

720 2041 801 2097 quam
820 2019 925 2074 deserlo
939 2018 1035 2073 noxiae
1048 2015 1114 2073 lore.
1132 2011 1167 2074 al,
1219 2026 1230 2061 a

720 2107 787 2164 -P
800 2126 836 2164 ιη.
851 2109 875 2164 1.
888 2103 916 2161 Μ
927 2107 1015 2163 m:1.:
1027 2101 1168 2159 indictum.

666 2199 694 2255 9.
719 2195 833 2253 Fabius
854 2192 1014 2264 confestim
1036 2207 1098 2247 rem
1125 2187 1169 2244 ad

720 2288 797 2339 ccii.
813 2280 953 2339 consules
964 2277 1015 2334 od
1031 2283 1168 2334 senatum

720 2369 875 2441 referunt:
892 2360 941 2423 ΡΜ
952 2363 986 2425 al.
998 2360 1123 2418 -lnrd
1134 2380 1167 2420 1.:

614 2496 617 2501 -
720 2455 758 2512 sd
778 2453 904 2511 consules
926 2461 957 2510 et
969 2450 1014 2508 =ad
1035 2450 1167 2507 senatun.

719 2540 801 2601 Recc.
819 2540 895 2618 quid.
913 2537 1007 2598 codd:
1025 2545 1054 2594 cl
1071 2553 1167 2594 eonsu-
1263 2602 1269 2619 ι

719 2628 759 2687 les
778 2627 813 2684 ad
830 2637 961 2686 senatum.
1189 2652 1191 2659 ·

651 2718 694 2777 11.
721 2715 860 2772 nauliebri
872 2713 995 2784 fraude
1018 2710 1168 2768 ciuitatem
1202 2728 1206 2733 ·

718 2802 827 2874 premi:
851 2799 882 2857 P.
910 2830 945 2843 -
977 2796 1019 2855 ll:
1042 2795 1168 2872 „praemi

720 2894 908 2960 matronasque
927 2904 959 2938 ea
976 2901 1079 2947 uenena
1102 2900 1167 2936 con·

720 2991 803 3050 quere
820 2979 848 3026 et
865 2973 895 3028 si
910 2971 957 3048 qui
970 2966 1103 3045 extemplo
1122 2985 1168 3023 ue-

718 3059 770 3116 lint
778 3062 795 3091 ‘⁴
814 3066 865 3114 cet.
895 3057 1010 3114 sortasse
1035 3055 1168 3132 scriplum

716 3149 776 3202 'erai
793 3148 822 3202 in
840 3147 992 3224 antiquiore
1010 3142 1090 3203 libro·
1101 3160 1167 3199 eon·
1192 3188 1202 3195 ,

717 3253 854 3308 coquere.

648 3322 691 3380 ll.
717 3330 748 3378 et
764 3319 918 3377 recondita
931 3317 1037 3376 uitalia
1049 3316 1167 3372 inuene-

718 3416 804 3464 runt.-
827 3405 870 3479 Μ]
897 3415 924 3460 et
948 3401 1087 3460 recondita
1114 3400 1166 3457 alia

718 3497 880 3552 invenerunt
906 3490 968 3562 (P).
990 3520 1025 3533 —
1051 3488 1167 3549 Vralm

719 3576 1165 3656 euphemismoquodamscriplum

719 3688 779 3726 esse
802 3686 881 3723 nemo
903 3686 959 3722 non
975 3664 1066 3724 videt:
1092 3661 1165 3734 „die

718 3753 824 3812 welche
846 3754 894 3810 der
910 3748 1071 3826 Anzeigerin
1097 3749 1161 3824 folg-

719 3853 764 3898 len
781 3841 878 3898 landen
896 3841 967 3898 anob
984 3836 1109 3895 wirlrlicb
1126 3839 1163 3893 cl·
1222 3864 1224 3873 v

718 3931 780 4005 nige
807 3927 891 3986 domic
912 3927 1074 4007 besebaltigl
1095 3924 1163 3981 Zau·

718 4016 860 4073 berlrbnke
884 4012 941 4073 und
966 4010 1096 4089 gebeima?
1111 4009 1162 4069 Le·

717 4103 852 4162 omasum
870 4122 903 4160 au
920 4100 1109 4161 rochester-4
1127 4097 1162 4155 P:
1245 4157 1247 4161 ,
