2818 4728
537 291 647 356 ararit
662 292 699 356 X.

1107 280 1173 348 619

55 453 205 541 barbari,
227 457 268 526 de
290 455 439 528 mercede
461 453 579 548 agitur:
602 479 666 548 qua
683 466 781 546 'pacta
794 443 998 548 'acceptaque
1022 481 1097 526 cum
1118 481 1172 548 pa·
1215 545 1219 558 Κ

54 571 132 628 rata
158 573 277 632 cetera
289 563 330 630 ad
351 561 473 630 bellum
495 571 603 630 essent
623 562 779 652 sequique
800 559 954 638 Etruscus
976 561 1107 646 iuberet,
1127 562 1172 629 in-

57 663 152 734 fitias
184 679 262 736 cunt
293 666 478 736 mercedem
503 689 540 734 se
572 666 648 734 belli
675 666 827 738 Romanis
858 666 1013 736 inferendi
1043 678 1172 758 pactos:

54 769 225 862 quidquid
252 770 447 864 acceperint,
475 757 637 864 accepisse
665 797 707 842 ne
726 797 845 884 <agrum
870 772 1043 842 Etruscrun
1070 783 1172 840 vasta·

55 885 137 944 rent
160 877 323 970 armisque
342 877 538 944 lacesserent
557 875 713 948 cultores:
737 877 1057 954 militatruoetamen
1078 901 1125 962 se,
1145 874 1209 942 sit

55 978 183 1070 utiquc·
200 979 328 1050 Etrusci
348 981 463 1066 velint,
494 979 553 1050 sed
582 979 672 1048 nulla
702 981 762 1056 alia
790 983 940 1053 mercede
962 1006 1061 1073 quam
1081 981 1174 1048 utin

56 1093 193 1173 partem
213 1086 282 1178 agri
303 1085 498 1177 accipiantur
518 1086 714 1176 tandemque
735 1085 842 1178 aliqua
864 1087 942 1156 sede
964 1098 1051 1156 corta
1073 1085 1174 1156 consi-

57 1199 161 1258 stant.
200 1191 302 1260 multa
324 1191 365 1258 de
388 1213 428 1258 eo
451 1189 585 1258 concilia
606 1190 802 1280 populorum
816 1191 961 1264 Etruriae
982 1191 1091 1260 habita
1112 1213 1174 1258 nec

56 1292 177 1382 perlici
197 1295 372 1390 quicquam
393 1294 595 1390 potuitnnon
615 1304 683 1362 tam
705 1295 779 1385 quia
793 1292 927 1378 inminui
942 1321 1053 1390 agrum
1075 1319 1174 1387 quam

60 1395 142 1486 quia
166 1398 293 1468 accolas
316 1399 376 1466 sibi
400 1397 536 1491 quisque
559 1397 730 1490 adiungere
745 1410 813 1468 tam
828 1401 976 1470 efferatae
992 1399 1095 1493 gentis
1116 1400 1173 1467 ho»
1187 1409 1222 1463 10
1306 1470 1309 1476 ,
1340 1439 1347 1468 1

60 1501 171 1570 mines
193 1502 354 1574 horrebat.
392 1503 437 1571 ita
465 1500 587 1573 dimissi
608 1502 692 1570 Galli
717 1506 888 1594 pecuniam
916 1507 1079 1598 ingentem
1106 1503 1175 1572 sine

59 1603 178 1674 labore
207 1631 246 1676 ac
272 1607 419 1699 periculo
444 1615 590 1698 paratam
617 1607 818 1678 rettuderunt.
854 1611 999 1684 Romam
1019 1620 1176 1677 terrorem

60 1709 212 1800 praebuit
233 1712 319 1782 lama
335 1711 448 1780 Gallici
470 1711 626 1779 tumultus
648 1713 689 1780 ad
709 1713 833 1781 bellum
852 1713 1025 1782 Etruscum
1047 1710 1177 1778 adiecti:

62 1837 105 1882 co
127 1815 235 1884 minus
258 1825 444 1885 cunctanter
465 1816 580 1883 foedus
601 1815 701 1883 ictum
715 1841 791 1885 cum
805 1817 927 1886 Picenti
949 1815 1071 1909 populo
1094 1825 1154 1883 est.

154 1919 212 1989 Xl.
256 1921 296 1990 Τ.
318 1920 439 1996 Manlio
468 1919 593 1989 consuli
620 1921 784 2011 provincia
805 1922 932 1990 Etruria
958 1931 1047 1990 sorte
1074 1919 1176 1989 venit:
1190 1929 1225 1984 15

65 2024 124 2116 qni
152 2025 287 2094 vixdum
315 2026 477 2118 ingressus
504 2024 647 2093 hostium
674 2015 751 2095 finis
773 2052 849 2096 cum
872 2036 1076 2096 exerceretur
1096 2024 1179 2092 inter

85 2225 112 2286 2.
139 2224 288 2303 aequique
299 2224 448 2282 Etruscan
460 2224 588 2283 iuberet.-

140 2310 200 2372 Pll.
229 2343 264 2362 -
292 2309 371 2373 Laid.
397 2331 430 2372 n:
456 2312 589 2390 sequique

140 2407 263 2458 etruscos
283 2401 402 2458 iuberet:
427 2399 587 2470 (nominati

140 2489 233 2559 rael).
259 2487 326 2546 Pell.
354 2489 380 2550 1.
407 2490 434 2548 3.
458 2485 537 2547 von.
560 2505 587 2547 ιι.

140 2573 191 2634 al:
212 2577 344 2652 sequique
367 2585 491 2634 etruscae
513 2575 589 2634 iube·

142 2671 243 2721 rentur.
262 2691 297 2706 ·-
320 2662 347 2718 fl
366 2683 402 2722 m.
425 2666 451 2722 1.
468 2662 508 2720 P:
530 2661 591 2719 inti·

144 2748 196 2802 tiae
220 2756 293 2805 eunt.
322 2747 350 2804 tl
371 2767 408 2807 m.
425 2751 468 2806 da
490 2747 592 2805 infitias

85 2879 91 2889 .
144 2836 228 2894 aiunt.
243 2831 312 2893 Pell.
326 2836 351 2892 1.
364 2837 391 2894 3.
408 2832 489 2892 Voss.
501 2853 530 2894 rc
543 2831 592 2893 al:

144 2921 337 2981 inlitiaucrunt.
367 2919 412 2980 Gi.
434 2923 468 2989 6,
490 2923 534 2980 to.
556 2949 592 2964 ···

143 3009 218 3085 Pura.
234 3007 312 3066 Ml:
332 3007 465 3087 quidquid
482 3025 592 3082 aecepe-

145 3100 201 3158 rint
217 3099 355 3174 accepisse
373 3117 407 3154 nc
430 3113 523 3173 agrum
541 3103 592 3156 cet.

146 3185 169 3244 P
186 3188 273 3245 m.1.:
291 3205 343 3242 nec
361 3203 462 3261 agrum.
475 3213 511 3226 -
522 3181 544 3240 P
557 3203 602 3243 m..

147 3276 186 3332 1.2
207 3291 290 3350 quam
308 3281 338 3330 ut
355 3281 459 3349 partem
474 3273 533 3348 agri
553 3291 595 3328 rc·

135 3360 295 3436 ··eipiant2.
314 3362 402 3420 rud:
420 3379 501 3438 qnam
518 3367 549 3417 nl
566 3360 595 3416 in

103 3490 105 3498 ,
126 3483 130 3491 ,
148 3457 252 3526 partera
272 3456 324 3507 cet.
434 3486 437 3500 .

100 3539 125 3596 9.
150 3535 597 3614 mutamquiaiumr‘nuiagrum
650 3580 657 3594 .

152 3640 242 3700 quam
265 3625 423 3700 quiocctr:
447 3621 483 3682 ld.
499 3651 540 3666 ›··-
563 3623 598 3681 P:

152 3727 208 3768 narr
225 3720 279 3768 tam
297 3731 316 3786 a
334 3711 527 3770 imminuicet

91 3801 128 3859 11.
149 3799 304 3874 pecuniam
316 3800 465 3877 ingentem
477 3799 543 3856 cine
554 3799 598 3856 la·

154 3887 225 3944 bare
242 3906 279 3942 ac
293 3887 425 3961 periculo
444 3895 599 3962 paratam:

27 4004 32 4025 .
154 3972 204 4030 Plll
221 3971 298 4033 Leia.
317 3993 336 4033 r.
355 3971 433 4033 Voss.
451 3993 478 4034 rr.
497 3972 600 4033 Laud.

156 4059 206 4133 cl]
225 4063 367 4139 pecaniam
389 4063 524 4136 ingentem
541 4064 601 4118 sine

155 4147 247 4240 labore
276 4169 309 4208 ac
342 4149 463 4228 periculo
499 4158 601 4227 partam

725 2223 1039 2300 Ι(οιιι1.8ἰς.’1)ι1.ιι.).
1068 2220 1113 2284 cf.
1137 2241 1180 2280 ex.

729 2333 768 2388 gr.
787 2314 832 2381 11,
846 2314 901 2372 tls
920 2311 1072 2370 atreum
1090 2309 1125 2368 ad
1136 2311 1176 2367 vi·
1242 2339 1244 2358 ι

704 2420 773 2458 ‚rec
798 2419 872 2469 erm,
899 2419 969 2477 quac
995 2400 1087 2480 longo
1108 2407 1180 2458 tem-

670 2529 674 2534 -
729 2488 918 2566 permultis
930 2489 1109 2568 magnisque
1121 2505 1180 2542 me·

731 2577 800 2634 ritis
818 2583 971 2652 pareretur,
994 2576 1181 2634 admonentem

730 2661 811 2734 (cod.
828 2661 979 2731 hadrieli).
1009 2665 1059 2728 11,
1076 2665 1117 2720 aa
1131 2680 1181 2718 ar·

697 2771 700 2780 ’
729 2757 821 2828 gendo
851 2757 943 2826 parate
973 2749 1116 2824 mancipia.
1146 2779 1181 2789 —

704 2855 707 2860 ·
730 2833 950 2892 lirrettcleruut.
967 2833 1181 2895 Pzraetullcrunt.

706 2962 708 2972 .
732 2939 817 2980 roma.
835 2939 872 2979 m.
890 2923 931 2980 λε
950 2941 1041 2978 rome.

663 3007 708 3067 15.
732 3009 890 3082 prouincia
900 3010 1026 3066 Etruria
1042 3017 1123 3068 carte
1135 3029 1183 3067 ue·

734 3095 794 3152 nita
809 3093 860 3154 ΡΜ
878 3093 935 3169 al.].
946 3098 1086 3175 provincia
1105 3095 1184 3154 Etru·

735 3184 775 3238 ria
793 3194 868 3240 sorta
881 3186 970 3241 evenit
982 3187 993 3253 (
1000 3191 1071 3244 racc.v
1080 3183 1193 3258 codd).x

736 3269 781 3328 cf.
800 3275 832 3338 Β,
851 3274 891 3330 1.=
918 3279 1061 3352 unumque
1083 3271 1184 3329 bellum

675 3409 679 3416 .
716 3408 719 3414 .
736 3357 844 3415 Plautio
862 3367 936 3414 sorte
953 3361 1036 3418 veuit.
1055 3362 1080 3428 9,
1095 3361 1136 3419 12.
1149 3390 1184 3401 -

689 3464 693 3493 ·.
714 3493 717 3500 ,
738 3445 810 3502 rar
831 3447 963 3523 scriptum
985 3455 1027 3504 cst
1049 3455 1092 3515 „t
1110 3467 1185 3504 mau-

737 3531 779 3590 lio
789 3539 885 3592 cciv
894 3533 961 3592 int}
973 3533 1091 3602 ‚manlio
1101 3539 1186 3591 cons“

677 3623 681 3638 '
705 3656 707 3666 ·
732 3622 842 3688 ,omisso
860 3623 1042 3698 praenomine.
1065 3651 1099 3666 ····
1122 3623 1186 3678 lluo

738 3709 1188 3786 rerbaprauinciactruria‚quac

739 3794 913 3854 librariorum
930 3796 1009 3876 culpa
1027 3798 1056 3854 in
1074 3796 1150 3857 Laid.
1169 3817 1187 3857 ι.
1230 3807 1236 3818 ’

740 3885 770 3941 in
783 3883 843 3944 cod.
856 3883 962 3943 Thoan.
974 3883 1118 3960 multisque
1128 3883 1188 3946 aliis

741 3973 879 4048 rescriptis
909 3973 1095 4049 praetermissa
1130 3993 1189 4030 csse

742 4058 868 4116 meliores
901 4059 981 4118 codd.
1018 4059 1188 4134 persuadent,

703 4171 706 4176 ·
745 4146 990 4233 trecenarius
1008 4149 1096 4208 omitti
1108 4169 1188 4226 posse
