2618 4590
164 205 231 275 sss
631 222 792 286 mnu
1009 285 1017 308 ,
1255 228 1281 287 ι.

169 384 251 452 ditur
271 383 308 453 P.
330 384 421 454 Decii
452 398 585 457 eventus
606 425 650 438 —
671 386 782 476 ingens
808 385 981 453 hortamen
1012 383 1059 451 ad
1092 382 1202 451 omniu
1220 406 1257 471 pro

165 489 349 580 republica
371 491 532 560 audenda:
558 493 666 582 itaque
689 514 764 559 eum
785 489 868 557 Galli
888 487 1026 557 structis
1052 497 1135 555 ante
1159 509 1195 553 se
1213 508 1258 552 sm

165 593 207 661 tis
228 595 362 664 conferti
383 608 504 665 sterent
525 621 586 665 nee
607 596 707 664 tacitis
728 596 811 686 pede
827 595 957 665 conlato
975 593 1158 661 videretur
1172 611 1260 679 pugn,

163 697 258 765 iussu·
277 700 453 791 legatomm
475 701 619 769 conlecta
640 701 730 768 humi
756 700 821 791 pilo
849 724 934 791 quoe
962 709 1075 767 strata
1099 696 1187 762 inter
1206 694 1260 760 dm

128 802 248 870 tocies
269 803 430 889 iacebant,
453 815 549 897 utque
569 806 602 873 in
625 805 817 873 testudinem
838 803 984 873 bostium
1009 802 1188 871 coniecta:
1218 800 1261 890 qui

163 907 223 975 bus
244 909 406 1002 plerisque
427 911 459 977 in
482 909 1061 1002 scotaverrutisqueineorpomipsa
1081 906 1163 974 fixis
1180 907 1261 974 steni

161 1021 215 1080 tur
239 1037 362 1082 cuneus
394 1016 437 1085 ita
464 1027 500 1086 ut
526 1041 640 1109 magna
668 1039 741 1108 pars
769 1014 897 1106 integris
923 1013 1135 1104 corporibus
1164 1013 1261 1080 ottouiu'

230 1207 388 1264 genommen
405 1219 440 1232 -
465 1191 508 1248 ein
530 1190 677 1268 mtchtiger

230 1277 343 1332 Antrieb
359 1275 434 1333 Alios
459 1277 501 1334 tur
524 1276 577 1335 den
599 1278 677 1337 Stant

231 1382 265 1420 nr
282 1369 407 1435 wagen“.
425 1363 549 1422 Latinius
567 1387 622 1422 non
635 1368 678 1424 ibi

229 1450 279 1507 sed
297 1453 348 1508 ubi
368 1451 452 1508 scribi
470 1452 568 1522 voluit,
586 1463 616 1510 ot
632 1456 675 1510 in·

227 1550 304 1617 gerru
322 1537 477 1597 hortamen
495 1560 549 1597 non
568 1542 674 1619 apposi-

169 1646 174 1659 ¹
229 1626 269 1682 tio
291 1627 367 1683 roris
391 1636 515 1685 eventus
537 1629 587 1685 sed
611 1648 675 1704 epo-

230 1711 307 1769 dosis
334 1723 418 1770 esset:
449 1713 516 1783 „elo
545 1716 586 1771 sie
611 1735 675 1772 rom

229 1799 307 1859 Tode
318 1799 367 1857 des
380 1801 481 1858 Decius
494 1820 675 1872 veruommeu‚

231 1887 265 1945 de
284 1886 393 1965 ergreiit
409 1891 450 1945 sie
462 1889 507 1946 die
519 1888 590 1945 hobe
601 1888 674 1946 tlah-

228 1996 301 2052 nuog
318 1975 393 2034 Alles
411 1966 464 2035 tur‘
477 1977 530 2034 den
548 1975 623 2034 Stant
641 1994 674 2034 ιιι

184 2125 189 2136 ,
229 2071 364 2139 wegen“:
377 2064 459 2141 idque
469 2066 520 2122 ubi
529 2064 674 2121 nonmodo

228 2152 257 2206 tn
287 2152 482 2208 recentioribus
514 2152 674 2228 quibusdam

229 2238 309 2295 eodd.
322 2240 516 2314 scriptumest,
533 2238 674 2295 sedetiam

206 2334 309 2383 'manu
325 2327 433 2401 antiqua
451 2328 480 2381 in
496 2325 519 2381 P
536 2345 617 2402 supra
634 2327 675 2382 ibi

227 2412 370 2469 adiectum.
402 2411 451 2468 sed
478 2420 584 2488 praeter
608 2414 675 2467 onti-

228 2501 331 2576 quioris
358 2499 507 2574 scripturae
531 2500 675 2554 auetorita-

226 2597 282 2643 tem
305 2595 331 2642 et
354 2593 488 2641 structura
510 2587 593 2642 totius
619 2583 674 2641 loci

227 2685 256 2732 et
273 2675 402 2730 omissum
420 2673 532 2730 verbum
549 2672 618 2730 bane
637 2671 673 2730 al·

226 2771 312 2819 terrm
321 2763 569 2837 interpretationem
584 2762 674 2818 minus

226 2847 353 2907 ridentur
369 2849 504 2908 adiuvare.

174 2939 200 2999 t.
226 2938 359 2994 conlecta
388 2934 473 2991 humi
495 2937 562 3011 pile
593 2955 672 3013 quae

226 3032 324 3082 strato
341 3025 419 3078 inter
437 3022 515 3079 dues
532 3024 612 3078 ecies
631 3025 672 3078 ie·

225 3111 343 3167 cebant:
360 3107 426 3165 PM:
444 3110 498 3164 nisi
510 3108 583 3183 quod
601 3107 670 3164 iulii

188 3239 193 3257 r
224 3199 355 3274 seriptum
379 3205 421 3251 est
442 3197 566 3264 „seies“.
603 3184 669 3264 ,'‚Da

225 3284 311 3341 reden
325 3286 365 3340 sie
382 3283 427 3340 die
443 3283 489 3338 auf
504 3281 565 3338 dem
574 3281 670 3339 Boden

224 3371 360 3428 {wischen
385 3370 483 3427 beiden
509 3368 670 3427 Seblaehtli·

223 3456 668 3535 nienzerstreutliegendeuWurf·

223 3544 305 3622 pisile
323 3545 371 3601 auf
385 3545 442 3602 und
454 3544 614 3601 sobleudern
629 3548 669 3602 sie

222 3630 670 3692 indieSebildwendderFeinde“.
702 3642 707 3647 '

221 3717 257 3774 Et
274 3737 324 3797 pro
344 3717 470 3775 liberiore
482 3718 594 3775 Liviana
606 3739 668 3775 eon·

222 3804 417 3880 iungendorum
445 3805 590 3862 verborum
626 3826 667 3861 ra·

220 3892 295 3947 tione
313 3891 397 3950 humi
418 3891 496 3948 facile
518 3891 667 3949 adstrata

220 3978 316 4033 reterri
334 3988 438 4053 potest,
462 3989 490 4035 et
511 3979 608 4036 similis
626 3980 665 4034 lo·

219 4082 268 4121 eus
291 4061 361 4124 Plin.
379 4069 409 4138 8,
433 4068 476 4127 tt.
495 4069 539 4126 65.
562 4067 664 4124 eDm·

818 1187 986 1248 kenborebio
995 1187 1135 1244 laudatus
1149 1186 1261 1256 „iamtelr

816 1279 892 1336 borni
920 1275 1042 1333 collecta
1075 1277 1173 1352 equiti
1200 1276 1281 1354 porri·-

816 1370 903 1441 gunt“
914 1360 958 1422 rei
965 1361 1060 1419 Ιιιιιιιί
1066 1361 1262 1430 collectot„dir

815 1474 870 1512 von
882 1452 932 1509 der·
940 1451 1018 1507 Erde
1032 1449 1261 1526 autgerafftentie

795 1541 968 1610 ¹sebosse“)
985 1538 1072 1613 iungi
1087 1558 1180 1616 posse
1197 1537 1262 1594 dotet

744 1643 746 1648 ’
815 1661 850 1673 -
868 1625 953 1684 Paulo
972 1635 1042 1682 ente
1061 1624 1106 1682 P:
1126 1646 1182 1684 nee
1198 1623 1262 1682 facilis

814 1715 901 1794 pedes
917 1712 990 1769 alato
1010 1712 1168 1770 uideretur
1179 1731 1259 1790 pugne

762 1804 789 1862 b.
815 1803 924 1879 quibus
943 1801 1117 1876 plerisque
1141 1803 1176 1857 ἰιι
1200 1808 1264 1858 scm

815 1891 1009 1965 narratisque
1019 1890 1054 1944 in
1068 1906 1207 1964 corpora
1217 1890 1264 1962 ipso
1283 1908 1291 1961 g

807 1976 890 2055 fixis
943 1977 1101 2031 sternitur
1156 1966 1290 2061 cuneum}

801 2061 968 2132 ¹„vvtbrend
988 2061 1039 2117 die
1052 2064 1179 2119 meisten
1197 2062 1265 2119 deror
1287 2058 1294 2129 1

814 2152 844 2207 in
862 2148 906 2205 die
918 2148 1047 2216 Sehiide,
1067 2150 1118 2206 die
1131 2149 1264 2206 seburim·

817 2239 967 2313 gespitzten
981 2234 1164 2314 Wurfpfeiie
1178 2238 1264 2294 aberit

816 2323 862 2380 die
889 2322 998 2397 Kdrper
1026 2322 1124 2380 selbet
1153 2324 1265 2400 drangeu,

816 2409 1265 2488 dastitrztdiekeiltdrmigediesn

816 2516 850 2553 eu
859 2496 962 2565 boden,
975 2516 1007 2552 so
1021 2497 1093 2554 dass
1107 2502 1160 2555 ein
1173 2518 1266 2576 gressu

814 2583 894 2641 Tbeil
916 2583 984 2640 auch
1008 2585 1088 2641 ohne
1104 2586 1225 2645 verletzt
1242 2605 1266 2642 m

814 2674 875 2730 sein
904 2671 999 2728 dureh·
1019 2671 1080 2729 den
1111 2674 1203 2732 Sturz
1229 2673 1266 2730 der

814 2746 934 2834 iibrigen
963 2759 1014 2815 mit
1051 2759 1266 2836 niedergerisser

814 2845 926 2906 werd“.
940 2876 975 2887 -
993 2845 1030 2901 P:
1052 2849 1160 2924 quibus
1180 2847 1265 2925 pleris-

812 2952 865 3011 que
883 2935 911 2990 in
929 2941 1005 2989 scuta
1018 2937 1147 2991 uerrutis
1167 2938 1204 2992 in·
1216 2953 1264 2990 eor·

811 3040 878 3100 poro
905 3023 963 3099 ipss
986 3020 1058 3076 fixis.
1082 3019 1130 3078 M:
1150 3023 1265 3098 „quibus

811 3106 921 3188 plerisq.
944 3110 973 3163 in
993 3115 1066 3164 stote
1095 3113 1208 3165 uereris
1222 3112 1227 3179 Ι
1242 3128 1265 3183 q.

811 3197 879 3250 rutis
898 3196 925 3250 in
949 3214 1065 3271 corpora
1090 3197 1156 3273 ipsa
1175 3195 1262 3254 fixis“.

812 3280 883 3338 Cum
909 3283 1005 3338 similis
1032 3281 1180 3341 Medieeae
1206 3285 1264 3340 seri·

811 3379 891 3446 ptura
910 3371 938 3426 in
956 3367 1033 3428 Leid.
1050 3388 1071 3428 1.
1091 3381 1181 3438 esset,
1200 3372 1263 3426 Dra·

780 3504 783 3508 .
810 3456 889 3514 kenb.
898 3455 1071 3513 scribendum
1084 3460 1198 3515 censuit
1209 3477 1263 3526 „ra-

811 3544 903 3620 risque
913 3545 1014 3601 verutis
1026 3545 1054 3599 in
1068 3564 1191 3623 corporo
1209 3545 1262 3623 ipsa

810 3631 910 3687 fixis“:
932 3631 981 3685 sed
998 3639 1109 3706 praeter
1127 3653 1191 3708 que
1215 3631 1261 3701 (ei

747 3764 750 3773 .
810 3720 841 3786 6,
859 3721 902 3775 t.:
926 3717 1071 3793 laborque)
1099 3721 1172 3776 nibil
1191 3721 1259 3777 Pari·

809 3807 863 3862 siui
881 3805 983 3861 codicis
995 3806 1149 3878 scripturae
1170 3807 1262 3865 deesse

808 3892 957 3949 videbatur.
979 3891 1013 3948 V
1009 3894 1169 3970 erutisque
1184 3898 1262 3952 etiam

807 3981 836 4035 iu
849 3979 973 4036 omnibus
984 3997 1071 4055 prope
1081 3998 1157 4042 rece.
1171 3985 1262 4040 mseri-

807 4067 864 4144 ptis
881 4064 985 4142 legitur.

953 4151 964 4175 ἱ
