2618 4590
519 230 628 290 LIBER
644 230 704 294 vlt
1094 220 1160 289 217

60 405 172 464 coetus
205 394 374 471 desereret.
397 392 554 485 ¹undique
582 417 650 461 non
675 393 797 461 urbano
822 406 948 463 tontum
971 398 1031 466 sed
1063 396 1161 465 etiam

61 500 177 590 agresti
203 500 367 568 iuventute
395 498 509 566 decem
535 496 676 587 legiones
705 498 840 588 scriptae
870 500 1015 568 dicuntur
1037 512 1161 593 quatere
1243 562 1246 577 ,

60 628 140 670 num
161 604 286 670 milium
307 614 340 670 et
355 603 552 671 ducenorum
566 603 710 692 peditum
726 603 934 694 equitumque
948 615 1160 691 trecenorum,
1250 664 1254 681 ,

61 733 162 799 quem
183 733 269 775 nuno
290 732 411 776 novum
440 705 629 790 exereitum,
661 707 690 773 si
717 730 782 803 qun
804 718 934 774 externa
955 708 1003 783 vis
1026 710 1159 800 ingruet,

60 812 171 878 hae
140 836 223 880 vires
239 812 350 903 populi
364 810 509 894 Romani,
533 834 612 905 quus
628 810 684 879 vix
697 823 854 879 terrerum
868 811 954 903 capit
970 813 1065 897 orbis,
1087 838 1160 881 con·
1171 826 1189 884 t

45 927 181 1007 ⁴tractae
203 917 236 983 in
256 939 365 1021 unum
377 914 463 983 haud
485 914 577 982 facile
600 915 752 984 efficiant.
776 915 890 983 adeo
880 941 914 983 rn
936 941 1019 1008 quae
1040 918 1162 986 labora-

61 1042 153 1089 mus
163 1021 232 1087 sole
261 994 484 1089 eieiirirus—
512 1019 634 1089 divitias
661 1019 894 1113 luxuriamque.
939 1022 1025 1089 Inter
1057 1032 1163 1090 cetera

131 1177 263 1243 honorum
280 1176 412 1247 librorum
430 1197 578 1249 consensus

129 1264 180 1321 sed
210 1268 290 1322 etium
320 1286 364 1324 res
393 1268 454 1324 isa
480 1276 578 1326 tuetur.

130 1351 221 1409 Latini
242 1355 314 1411 euim
337 1289 432 1431 popriii
458 1356 488 1412 in
515 1353 577 1410 luco

129 1436 305 1509 Ferentinae,
326 1461 380 1517 quo
399 1440 579 1499 consiliosus

131 1525 231 1586 habere
248 1527 386 1597 solebant,
417 1530 579 1589 etiamtunc

718 1180 821 1248 tionem
832 1178 948 1236 debeant
958 1181 1024 1261 quin
1041 1182 1165 1238 socialis

718 1277 819 1324 coctus
832 1287 883 1345 pro
901 1269 1014 1336 „sociis
1028 1270 1163 1324 coniura-

720 1346 800 1411 tione
820 1354 912 1427 facto
929 1355 1164 1412 ι·ι6ε11αιιίι”ὂιω“6

718 1439 802 1497 latine
819 1444 902 1501 scribi
919 1444 1046 1519 potuerit.
1087 1464 1089 1469 ’

668 1531 695 1588 2.
722 1538 900 1605 quaternum
922 1531 1037 1588 milium
1060 1538 1089 1587 et
1109 1530 1163 1586 dur

132 1626 326 1684 convenerant,
348 1617 439 1692 ibique
460 1618 578 1681 maximo
719 1625 870 1682 centorum
879 1617 1012 1690 peditum
1023 1619 1164 1692 equitum

132 1704 253 1758 omnium
282 1722 414 1759 consensu
451 1700 578 1757 deiectio·

132 1808 196 1844 nom
213 1789 246 1844 ab
260 1791 374 1868 imperio
387 1788 509 1853 Romano
521 1808 579 1844 mo·

133 1874 272 1932 liebertur.
309 1877 339 1933 id
367 1874 510 1934 eonsilium
545 1876 579 1935 ab

134 1964 260 2018 omnibus
285 1961 442 2019 Latinorum
471 1961 580 2042 populis

134 2060 242 2127 coptum
269 2069 342 2118 esse,
367 2049 463 2107 Livius
488 2049 580 2107 verbis

134 2145 236 2194 coetus
246 2138 367 2193 socialis
375 2139 524 2214 exprimere
533 2155 581 2194 vo-

134 2221 194 2283 luit.
234 2243 328 2281 verum
355 2226 438 2280 otiam
467 2223 580 2280 aiterum

135 2319 177 2366 est
195 2310 269 2387 quod
286 2310 379 2367 eadem
394 2331 461 2368 voce
478 2319 580 2367 coetus

135 2400 248 2474 exprimi
265 2407 379 2474 poterat,
396 2398 478 2475 iique
495 2399 580 2476 potis·

134 2486 233 2543 simum
258 2488 418 2564 scriptorem
444 2495 581 2563 spectasse

134 2573 245 2631 verbum
269 2575 409 2632 deserere
428 2572 603 2639 decerevi,

136 2654 223 2719 detur.
254 2680 315 2717 oum
341 2662 413 2717 enim
438 2669 539 2717 conus
565 2680 582 2714 u

136 2747 270 2802 coeundo
298 2747 446 2804 derivatum
475 2749 525 2813 sit,
555 2754 583 2801 et

137 2833 307 2894 societatem
324 2837 404 2899 coire
424 2833 496 2910 opud
515 2834 584 2907 opti-

138 2938 198 2987 mos
216 2940 337 2997 quosque
349 2922 495 2997 seriptqres
512 2919 583 2993 lega·

137 3015 195 3074 tur,
224 3009 347 3068 socialis
372 3017 474 3072 coetus
504 3010 585 3063 etiarn

140 3135 158 3163 ‚,
164 3095 254 3162 socios
265 3096 311 3172 qui
321 3094 430 3158 foedere
442 3094 513 3162 iqeto
523 3114 584 3153 oum

138 3181 240 3260 populo
249 3182 515 3250 Romquoconiunoti
524 3202 584 3240 ese

140 3270 295 3336 debebunt“
316 3272 468 3346 significare
484 3279 584 3348 potest.

140 3357 190 3416 sed
213 3360 299 3419 steni
321 3362 372 3426 irre
393 3359 475 3426 ultera
501 3361 584 3415 inter·

140 3447 292 3530 pretatione
307 3466 362 3502 non
375 3447 498 3504 videatur
515 3466 585 3524 opus

142 3551 211 3601 esse,
223 3553 272 3610 per
280 3551 323 3600 me
331 3533 393 3600 lieet
402 3536 482 3601 etiarn
493 3535 587 3613 priore

141 3614 236 3690 stetur.
261 3620 301 3689 sio
319 3622 363 3688 39,
382 3622 426 3694 142
443 3624 586 3690 „eonium-

120 3744 123 3749 ν
143 3710 232 3765 tiones
269 3713 436 3785 coetusque“
451 3706 588 3780 degimus,

142 3797 170 3864 9,
189 3797 232 3854 26.
252 3798 321 3873 „qui
338 3815 450 3874 usquam
473 3796 590 3853 coissent

146 3881 590 3960 coniurasseutque'sdversusrem·

146 3971 316 4046 publioom“,
330 3968 467 4046 multoque
483 3969 590 4039 similia,
653 3987 655 3991 ⁴

147 4052 216 4134 quae
240 4078 347 4117 omnem
369 4056 464 4115 toliere
486 4056 591 4117 tuttu-

722 1723 787 1779 que.
800 1723 872 1761 cco:
885 1701 941 1760 Pil.
959 1702 1063 1759 Eodem
1075 1723 1166 1759 erroro

720 1792 750 1848 in
775 1788 867 1847 multis
893 1808 964 1853 reor.
990 1788 1070 1848 codd.
1099 1792 1165 1846 seri·

719 1886 796 1956 ptum
823 1885 865 1934 est
891 1880 1086 1955 „equitumque
1112 1885 1166 1933 tre·

721 1971 891 2025 uentorum“.
903 1996 937 2009 -
950 1961 1124 2024 HsrL1.Lsii
1134 1983 1167 2021 r:

722 2061 879 2128 quaternum
891 2050 1006 2108 militum
1024 2059 1051 2106 et
1069 2048 1167 2106 duceu·
1185 2034 1189 2047 ¹

720 2147 811 2196 torum
836 2138 959 2217 peditum
988 2139 1167 2215 equitumque.

722 2225 1168 2304 m-OEQfflmm

720 2321 797 2369 terne
814 2312 888 2371 milia
907 2320 983 2369 erent
993 2310 1115 2392 peditum
1132 2320 1167 2371 st.

722 2419 777 2460 eor.
795 2404 900 2477 equites
917 2408 968 2459 oet.

669 2488 696 2547 5.
722 2487 780 2545 hoo
803 2490 885 2546 uires
909 2490 983 2564 psit:
1009 2485 1046 2547 Μ,
1071 2517 1106 2529 -·
1131 2484 1167 2543 P:

722 2573 775 2631 hus
792 2577 864 2632 uires
882 2581 925 2656 pi.
947 2607 983 2628 -.-
1008 2576 1041 2631 Iu
1057 2572 1131 2633 Harl.
1149 2590 1167 2632 r.
1240 2578 1249 2595 ⁸

723 2663 824 2719 excidit
841 2663 908 2720 hae.

670 2747 698 2805 6.
725 2748 801 2803 odeo
829 2750 861 2804 in
891 2768 969 2824 quoe
996 2749 1169 2805 laboramus

724 2836 794 2889 oola
814 2836 962 2890 crescimus
986 2835 1108 2893 diuitias
1126 2837 1171 2892 lu·

726 2920 920 2995 muriamque:
943 2919 992 2978 tut
1014 2920 1071 2979 rell.
1093 2921 1120 2980 h.
1145 2939 1171 2981 e.

726 3007 755 3062 in
773 3006 879 3065 emolu
900 3009 997 3085 quibus
1018 3006 1171 3070 laboremus

724 3088 866 3155 crevimus.
896 3096 931 3157 ot
949 3101 982 3165 7,
999 3100 1040 3154 5.=
1063 3097 1117 3152 nisi
1141 3097 1171 3150 in
1227 3113 1228 3116 ¹

724 3203 793 3260 queo
814 3184 875 3260 ipse
897 3187 1067 3260 concepisset
1088 3181 1171 3240 verba

724 3272 833 3330 iuraret.

673 3360 700 3416 7.
727 3360 910 3415 interoetera
918 3359 1018 3414 tristia
1027 3358 1091 3414 eius
1100 3357 1174 3413 anni
1211 3364 1213 3371 '

726 3450 778 3502 eoi
787 3445 865 3501 ultor
877 3443 980 3503 cet.:P.
989 3475 1024 3495 -ε
1032 3443 1060 3500 tl
1069 3442 1143 3503 Harl.
1152 3464 1172 3505 1.

726 3530 804 3589 Leid.
814 3551 832 3590 1.
844 3531 891 3590 ri:
910 3534 1004 3601 „inter
1018 3542 1106 3589 cetero
1124 3533 1173 3588 tri·

727 3620 801 3674 stitia
824 3620 882 3674 eius
904 3620 998 3680 anni“.
1033 3620 1081 3676 Sic
1107 3604 1173 3677 scri·

729 3715 806 3781 ptum
823 3716 865 3762 est
882 3709 907 3775 2,
927 3711 952 3769 1.
970 3711 1000 3766 in
1014 3707 1065 3765 ΡΜ
1082 3727 1175 3786 „quos

730 3791 840 3850 lituus
857 3805 887 3862 ut
904 3796 1000 3853 laetior
1016 3801 1120 3864 esset“,
1146 3798 1175 3850 in

730 3881 805 3940 Hori,
817 3902 835 3941 r.
855 3883 1027 3953 ‚‚ioeticior“.
1045 3886 1073 3951 4,
1090 3886 1134 3940 52.
1146 3885 1180 3947 in·

731 3969 781 4027 PM
813 3973 970 4040 „tristior‘⁴‚
1004 3973 1033 4030 in
1062 3968 1175 4029 11er.

734 4060 919 4128 ‚‚tristicior“.
936 4059 971 4118 sl.
