2618 4590
514 264 688 330 LIBERIX.
1087 256 1152 328 505

52 431 209 500 sidionem
238 432 387 515 redeunt,
414 431 560 522 intraque
586 448 707 521 paucos
737 432 805 498 dies
827 432 966 500 Saticula
987 434 1150 504 Romanus

51 562 117 630 per¹
133 536 335 619 deditionem,
357 536 483 604 Plistica
506 536 651 627 pervim
673 536 951 627 Samnis'potitur.

139 641 254 710 XXIII.
298 642 420 708 lllutata
444 642 517 708 inde
538 641 616 707 belli
637 641 721 708 sedis
743 652 806 726 est,
832 641 871 708 ad
894 641 1009 708 Soram
1032 666 1073 709 cx
1095 643 1150 711 Sa·

50 745 138 813 mnio
161 745 341 835 Apuliaque
363 737 525 813 traductae
553 744 706 834 legiones,
744 745 826 813 Sora
854 746 893 813 ad
916 728 1086 813 Samnites¹
1099 749 1151 815 de·
1191 756 1193 765 ’

50 851 172 918 fecerat
192 848 365 917 interfectis
387 849 510 917 colonis
532 849 767 916 Romanomm:
795 873 860 939 quo
883 873 958 917 cum
980 851 1068 941 prior
1089 851 1185 924 llo-5

49 977 165 1044 manus
188 954 346 1021 exercitus
375 954 416 1021 ad
442 953 659 1022 ulciscendam
681 953 798 1022 civium
825 977 940 1020 necem
964 979 1151 1047 recuperan-

51 1059 191 1149 damque
213 1057 372 1126 coloniam
394 1059 517 1150 magnis
538 1059 700 1127 itineribus
722 1058 949 1151 praevenisset,
970 1060 1072 1150 sparsi
1094 1084 1152 1152 per

48 1163 116 1230 vias
138 1163 355 1255 speculatores
377 1163 469 1254 sequi
490 1162 631 1253 legiones
654 1162 845 1230 Samnitium
866 1186 927 1229 nec
952 1163 1017 1229 iam
1037 1165 1152 1255 procul

48 1267 161 1336 abesse
184 1268 236 1335 alii
257 1291 353 1358 super
376 1269 456 1336 alios
478 1267 669 1350 nuntiarent,
695 1266 825 1335 obviarn
846 1266 926 1335 itum
946 1267 1032 1335 hosti
1054 1281 1152 1360 atque

48 1373 89 1440 ad
104 1372 255 1441 Lautulas
278 1371 406 1464 ancipiti
427 1371 550 1464 proelio
574 1371 758 1440 dimicatum
781 1384 845 1440 est:
867 1396 933 1440 non
955 1370 1198 1447 caedes-noum

120 1582 229 1641 Plistiae
242 1593 293 1644 cet.
310 1584 346 1640 ut
357 1584 398 1641 sio
409 1579 490 1661 paulo
502 1590 566 1660 post

118 1673 146 1729 iu
165 1671 268 1729 eisdem
285 1670 362 1728 libris
383 1689 439 1728 nou
455 1668 566 1735 Plistia

22 1765 26 1774 “
118 1758 169 1815 sed
198 1758 324 1817 Plistica
353 1758 485 1833 seriptum
514 1766 565 1816 est.

119 1843 163 1905 Cf.
181 1850 211 1914 9,
230 1848 273 1903 21.
291 1843 342 1900 sub
359 1844 450 1903 finem.
472 1874 508 1887 -·
532 1843 565 1900 Iu

118 1933 145 1990 tl
175 1934 306 2009 scriptum
337 1941 379 1988 est
407 1931 459 1988 lroc
487 1930 564 1989 loco:

119 2019 567 2098 „plisticaptiampetentibpruae

118 2127 153 2164 se
171 2127 284 2165 romam
294 2108 339 2164 ad
349 2115 485 2165 serratum
497 2108 565 2163 mis·

119 2196 164 2256 ais
186 2204 237 2254 eet.
264 2214 333 2272 quas
358 2195 440 2252 verba
468 2196 565 2273 capitis

119 2281 316 2358 quadragesimi
341 2290 413 2342 sunt.
448 2281 565 2343 Omnem

118 2369 267 2427 orationem
294 2370 328 2427 ab
355 2372 416 2427 uim
442 2368 565 2428 Samnis

115 2457 228 2531 potitur
238 2466 288 2516 eet.
306 2476 393 2533 usque
405 2457 440 2514 ad
452 2476 511 2537 cap.
521 2460 564 2516 40.

118 2545 148 2600 in
171 2562 229 2620 cap.
253 2555 349 2620 quarto
375 2544 480 2602 decimo
502 2553 566 2622 post

118 2629 200 2686 verba
219 2651 256 2688 eo
269 2632 421 2711 legatione
428 2634 564 2706 papirius

118 2719 305 2795 interpositam
322 2717 375 2794 legi
393 2721 419 2786 9,
435 2721 479 2777 14.
496 2718 564 2775 dixi-

116 2822 186 2863 urus.

65 2894 92 2957 3.
120 2899 235 2948 mutata
246 2892 316 2948 inde
327 2892 400 2950 belli
410 2893 492 2950 sadis
505 2900 566 2949 eet:

119 2976 370 3052 Pm.1.lllm.1.]
390 2978 566 3036 mutatainda

119 3063 183 3121 belli
201 3066 280 3120 sedes
298 3076 339 3122 est
357 3065 396 3135 (P
408 3087 442 3123 m.
455 3068 481 3126 2.
493 3066 519 3123 tl
529 3086 564 3125 m.

115 3153 146 3209 Ω.
164 3151 248 3222 rell).
266 3151 310 3212 CI.
327 3156 354 3221 6,
372 3158 410 3210 5.:
429 3154 512 3214 aedis
531 3184 565 3197 -

120 3237 157 3296 P:
175 3239 296 3296 traducta
314 3239 442 3316 legiones.

14 3370 17 3383 .
65 3330 92 3388 7.
120 3329 237 3405 magnis
250 3329 404 3386 itineribus
412 3328 567 3404 posuisset

119 3415 221 3488 sparsi
239 3433 296 3489 per
313 3417 380 3472 uias
402 3418 566 3490 speculato·

120 3510 252 3562 rescat:
275 3501 339 3574 Plll]
363 3504 466 3577 magnis
486 3504 566 3559 itine-

120 3586 195 3642 ribus
214 3590 412 3665 praeuonissct‚
434 3598 461 3645 et
477 3590 566 3665 sparsi

119 3676 238 3750 pervias
250 3675 431 3751 speculatores
444 3684 495 3735 cet.
508 3677 567 3745 (ed,

77 3807 79 3814 ,
119 3760 202 3821 Frob.
230 3766 332 3832 1535.).
359 3793 398 3811 -ss
423 3763 465 3820 Et
491 3763 594 3819 abest*

121 3850 200 3904 etiarn
224 3849 256 3904 ab
281 3851 405 3907 omnibus
429 3850 566 3910 liraleub.

121 3934 270 4005 codicibus,
282 3959 333 4015 qua
343 3938 473 4015 particula
485 3940 565 3994 omis·

120 4042 150 4078 sa
178 4025 264 4079 oratio
290 4024 375 4081 multo
403 4025 500 4084 sortior
526 4026 566 4086 iit.

120 4112 219 4179 mirum
245 4131 310 4169 sane
339 4123 381 4171 est
408 4114 482 4192 quod
509 4114 567 4171 cius

706 1581 843 1641 scribendi
865 1583 969 1657 generis
986 1584 1029 1641 vis
1046 1591 1088 1640 tot
1103 1581 1152 1640 lro·
1200 1654 1203 1659 .

706 1669 910 1737 antecedentes,
924 1689 984 1727 curu
996 1689 1152 1748 persuasum

705 1758 882 1819 haberentet
902 1757 1067 1832 neglegentia
1087 1777 1151 1833 qua·

705 1837 768 1902 darn
777 1845 925 1901 scribarum
933 1845 1152 1921 praetermissum

706 1932 780 2000 esse,
807 1932 880 2009 quod
897 1940 960 2008 post
976 1932 1153 2010 „praeuenis-
1168 1936 1173 1945 '
1191 1932 1195 1941 '

707 2021 774 2077 set“
787 2018 865 2075 Iacilo
877 2019 1000 2075 excidere
1009 2014 1152 2098 potuisset,

697 2116 735 2162 ⁴et
751 2106 804 2162 Iroc
821 2116 849 2163 et
866 2106 927 2162 aliis
948 2105 1020 2163 locis
1039 2125 1154 2186 prorsus

707 2193 784 2268 fugit.
798 2192 831 2253 cl.
838 2195 864 2262 9,
872 2195 929 2253 aa:
940 2196 1088 2271 „coniungi
1099 2194 1152 2260 uti-

705 2302 758 2357 que
772 2282 845 2359 passi
860 2281 927 2338 duos
941 2281 1096 2359 consulares
1107 2301 1154 2355 ⁰¹1

691 2371 837 2441 ,ercitus‘t
852 2399 892 2441 ¹-
916 2369 937 2425 P
962 2389 997 2429 m.
1023 2366 1068 2429 1.:'
1085 2375 1150 2448 pue·

705 2465 804 2516 nasset.
833 2456 914 2517 llaec.
930 2457 1041 2536 quidam
1059 2455 1152 2516 codd:

705 2547 935 2623 ‚‚perucuisset“:
973 2545 1023 2603 sed
1052 2544 1151 2620 „prio-

706 2651 769 2688 rem
797 2635 985 2706 praevenire“
1021 2635 1152 2710 scriptum

706 2727 749 2774 est
771 2729 802 2775 ut
823 2729 901 2777 retro
929 2721 1042 2789 redire,
1071 2739 1151 2793 repe·

706 2814 770 2861 tere
787 2805 821 2864 al.
844 2838 878 2849 -
901 2805 929 2861 ul
954 2825 989 2863 m.
1015 2810 1052 2863 1.:
1076 2805 1152 2861 obitu

707 2890 780 2947 hosti
798 2902 878 2970 atipue
896 2892 930 2948 ad
945 2891 1062 2947 laurulas
1080 2893 1152 2948 auoi-

706 2982 758 3054 ptri
786 2980 889 3057 proelio
917 2980 1072 3036 diuricatum
1103 2987 1152 3036 est.

706 3086 743 3124 m.
762 3070 800 3126 Ἅι
824 3068 931 3124 obuiam
949 3069 989 3124 iti
1011 3068 1084 3124 hosti
1102 3074 1152 3124 cet

706 3153 784 3214 Leid.
802 3175 820 3214 r.
838 3155 916 3215 Voss.
934 3174 962 3215 u.
981 3154 1048 3215 Lov.
1062 3158 1087 3212 d.
1106 3154 1152 3213 al:

706 3242 742 3299 ad
759 3243 885 3302 lausulas.
915 3244 950 3300 P:
976 3243 1010 3299 ad
1031 3242 1153 3299 laatulas.

708 3332 743 3388 ol.
761 3334 787 3399 7,
804 3333 848 3390 39.
867 3365 901 3378 ·-
923 3330 1011 3387 Verba
1030 3330 1064 3387 ab
1082 3349 1153 3398 „nec

707 3419 761 3473 iam
797 3419 913 3493 procul“
950 3419 984 3474 ad
1024 3418 1154 3488 „obviam
1232 3438 1235 3443 ’

706 3505 801 3560 itum“
819 3506 977 3563 exciderunt
995 3510 1022 3562 in
1039 3505 1117 3565 Leid.
1134 3524 1154 3563 r.

708 3590 787 3669 Voss.
807 3591 961 3652 11.L0v.t.
980 3593 1013 3654 al.

639 3678 681 3736 10.
710 3697 770 3734 reon
787 3680 896 3736 caedes
913 3701 973 3737 non
984 3682 1065 3753 fuga
1081 3680 1154 3737 altc-

708 3767 773 3822 rius
789 3769 886 3839 partis
904 3769 961 3824 sed
977 3789 1039 3823 nox
1062 3769 1150 3823 incer·

707 3861 755 3910 tos
779 3854 850 3910 uicti
873 3856 1037 3911 uictoresne
1055 3863 1155 3911 essent

708 3940 842 3997 diremit:
859 3940 894 3999 lll.
918 3974 950 3984 -
974 3940 1010 3997 P:
1033 3952 1051 3998 ἢ
1073 3941 1153 3998 cedes
1264 3966 1275 3972 ··

708 4027 804 4101 r‘rluga
824 4037 873 4086 cet.
893 4060 926 4072 -
953 4028 1027 4089 Pur.
1047 4031 1088 4110 13:
1112 4029 1152 4085 iu·

709 4114 813 4172 ueruio.
830 4136 866 4175 m.
879 4117 917 4176 2:
936 4117 1053 4177 iuuenio.
1065 4102 1100 4162 -’
1117 4115 1152 4174 P:
1250 4184 1257 4199 .
