2618 4590
527 276 637 338 trouu
653 276 700 340 vt.
1122 265 1165 337 47

64 465 107 509 an
128 464 211 510 vana
232 439 366 523 iaceret,
394 435 561 507 thesauros
584 439 696 508 Gallici
717 438 785 507 auri
813 439 963 509 occrdmri
984 466 1003 509 a
1024 439 1167 533 patribus

65 546 155 630 iecit,
176 569 239 613 nec
260 545 326 610 iam
347 543 546 633 possidendis
567 545 703 636 publicis
725 544 806 634 agris
827 556 992 617 contentos
1015 569 1085 614 esse
1107 545 1168 614 nisi

65 652 240 742 pecuniam
261 671 391 738 quoque
413 649 573 739 publicam
596 659 756 717 avertant:
787 671 824 715 ea
851 672 902 715 res
924 650 952 716 si
975 652 1081 740 palam
1101 652 1165 735 fiat,

64 755 193 822 exsolvi
214 751 343 845 plebem
370 776 442 820 aere
471 753 574 821 alieno
601 776 708 844 posse.
740 752 830 843 'quae
856 752 911 818 ubi
939 754 1062 822 obiecta
1089 779 1164 845 spes

64 870 129 942 est,
159 859 244 926 enim
264 881 341 925 vero
362 857 526 948 indigumrr
546 858 668 924 facinus
690 857 804 941 videri,
837 881 913 925 cum
937 858 1194 937 conferendum5

63 965 108 1028 ad
128 963 342 1055 redimendam
363 962 524 1030 civitatem
546 962 679 1030 aGallis
696 986 808 1027 aurum
823 961 925 1045 fuerit,
948 962 1066 1030 tributo
1089 988 1163 1031 con·

60 1067 216 1133 lationem
237 1065 369 1151 factam,
397 1066 483 1134 idem
505 1091 618 1133 aurum
640 1090 681 1133 ex
703 1065 848 1133 hostibus
877 1078 1007 1157 captum
1035 1067 1068 1133 in
1090 1092 1166 1158 pau·

58 1195 174 1237 corum
201 1173 354 1259 praedam
382 1173 524 1239 cessisse.
560 1172 667 1261 itaque
695 1170 952 1259 exsequebantur
977 1166 1165 1261 'quaerendo

56 1273 117 1342 ubi
137 1285 243 1342 tantae
265 1274 312 1342 rei
335 1275 456 1343 furtum
478 1277 704 1345 occultaretur:
728 1275 947 1364 differentique
970 1286 1003 1342 et
1016 1286 1163 1366 tempore

132 1435 235 1473 sauros.
260 1415 282 1472 P
301 1436 336 1474 m.
356 1418 396 1472 1.:
414 1415 536 1476 ocultari.
554 1415 576 1472 P

130 1524 166 1561 m.
186 1505 224 1562 1.:
243 1523 274 1558 ea
292 1523 336 1558 res
354 1505 378 1559 si
396 1501 484 1579 palam
500 1504 576 1564 fiant.

76 1592 106 1650 6.
133 1592 446 1647 tributoconlutiouem
448 1591 577 1663 factam,

59 1688 63 1699 “
131 1679 211 1734 idem
237 1697 344 1733 aurum
376 1699 416 1734 ex
442 1679 577 1736 hostibus

132 1774 250 1840 captum
269 1767 299 1818 r‘n
315 1778 476 1838 paucorum
491 1786 576 1840 prae·

133 1852 204 1906 dam
222 1852 366 1905 cessisse:
383 1850 439 1909 ΡΜ.
469 1852 520 1907 Hic
537 1852 577 1907 lo·

134 1956 191 2003 cus,
209 1944 289 2013 quem
307 1939 486 1993 recentiorum
504 1939 578 1993 codi-

133 2044 195 2080 cum
213 2023 314 2080 librarii
326 2024 470 2080 admodum
489 2045 578 2081 corru-

130 2119 238 2189 perunt,
257 2131 291 2166 ne
304 2113 331 2166 in
344 2109 417 2169 Harl.
430 2130 445 2166 r.
461 2110 578 2187 quidem,

129 2201 159 2255 in
182 2218 236 2275 quo
259 2217 295 2253 aa
321 2198 526 2254 redimendum
551 2209 579 2254 et

130 2286 165 2342 id
181 2294 343 2342 cataurum
361 2287 518 2362 reperiatur,
536 2287 576 2342 in·

129 2381 204 2447 teger
229 2379 349 2428 servatus
376 2380 430 2428 est:
461 2393 513 2440 „es
536 2393 575 2428 er·

86 2466 90 2479 ¹
130 2459 225 2516 schicu
252 2461 280 2514 iu
308 2458 356 2514 der
377 2458 448 2515 Tbat
469 2459 508 2516 als
532 2463 576 2517 ein

129 2546 302 2620 unrrtirdiges
328 2544 488 2616 Versahren,
513 2548 576 2604 dass

129 2632 260 2690 wahrend
279 2653 310 2689 zu
329 2633 390 2689 dem
403 2633 500 2702 Goldc,
517 2655 575 2691 was

127 2740 174 2778 um
198 2720 242 2775 die
260 2720 339 2776 Stadt
361 2741 415 2777 rou
442 2721 494 2777 den
513 2719 576 2777 Gal·

128 2808 199 2865 liern
216 2807 390 2865 loszuiraufen
411 2828 576 2864 zusammen·

129 2895 257 2971 gebracht
273 2895 385 2951 werden
403 2905 514 2962 maeste,
532 2895 576 2950 eiu

127 2981 210 3039 deder
237 2985 330 3038 scinco
355 2981 465 3037 Antheil
489 2982 576 3054 beige-

128 3079 238 3138 steuert‚
249 3068 310 3127 dass
319 3070 385 3127 eben
397 3071 485 3125 dieses
495 3067 575 3136 Goid,

129 3156 259 3214 nachdem
273 3178 302 3214 es
314 3158 367 3213 den
380 3156 497 3214 Galliern
509 3158 574 3213 wie·

128 3244 177 3299 der
194 3245 399 3320 abgenommen‚
421 3246 486 3318 jetat
509 3244 574 3299 cini-

65 3312 71 3333 Ι
129 3349 179 3404 gen
198 3329 332 3406 Wenigcn
355 3351 402 3387 zur
422 3332 508 3387 Beate
531 3350 575 3405 gc·

128 3416 242 3487 worden
260 3421 330 3477 sei“.
355 3417 427 3473 Haec
445 3417 526 3473 verba
539 3415 574 3471 ad

129 3501 259 3559 invidiam
289 3513 395 3578 patrum
426 3502 574 3577 augendam

32 3656 37 3663 1
129 3589 201 3646 dicta
214 3589 348 3656 videntur,
366 3610 426 3646 nam
445 3594 471 3660 5,
481 3593 524 3648 50.
536 3589 574 3646 le·

127 3679 229 3752 gimus‚
253 3674 321 3731 illud
339 3695 445 3744 aarum,
468 3697 528 3732 eum
546 3679 575 3732 iu

126 3765 236 3840 publico
260 3762 379 3828 deesset,
407 3782 421 3817 a
445 3766 574 3819 matronis

91 3886 92 3891 =
129 3851 264 3907 conlatum
288 3850 323 3906 ut*
340 3869 418 3904 sacro
442 3869 505 3904 auro
529 3849 573 3904 ab·

128 3940 285 3994 stineretur:
314 3947 340 3992 et
358 3940 392 4005 6,
411 3939 436 3995 4.
459 3939 573 4012 pretium

129 4044 180 4101 pro
208 4046 272 4081 auro
296 4028 424 4082 matronis
453 4022 572 4099 persolu-

128 4118 184 4166 tum
203 4131 270 4169 esse.
305 4111 349 4170 Gi.
369 4115 399 4181 θ,
419 4113 476 4168 dd:
498 4110 571 4178 „du-

717 1415 818 1472 cendus
845 1414 928 1471 Fabio
955 1418 984 1471 in
1012 1415 1163 1471 Veientes“

717 1511 768 1561 cet.
787 1535 821 1544 -
838 1500 890 1560 Cf.
908 1505 932 1570 1,
950 1504 1008 1560 52:
1025 1500 1117 1559 Latini
1135 1503 1164 1559 in

721 1610 754 1645 eo
774 1589 882 1646 foedere
899 1597 1039 1645 teneantur
1057 1610 1110 1667 quo
1129 1590 1163 1646 ab

717 1676 796 1734 Tullo
815 1694 859 1732 res
877 1678 965 1732 omnis
982 1677 1084 1733 Albana
1103 1696 1164 1734 cum

718 1765 822 1820 colonio
832 1765 889 1819 suia
902 1766 932 1820 in
944 1762 1095 1819 Romanum
1103 1784 1164 1821 cca-

719 1855 795 1908 scrr‘t
811 1853 961 1930 imperium.
979 1850 1044 1910 Tac.
1056 1852 1125 1909 Anu.
1139 1853 1165 1919 1,

720 1939 757 1994 1.:
777 1949 805 1994 et
820 1939 933 2014 Pompei
951 1937 1098 2015 Crassique
1115 1957 1164 2015 po·

720 2026 803 2078 tentia
823 2028 876 2080 cito
896 2029 926 2080 iu
944 2025 1095 2092 Caesarem,
1113 2025 1165 2081 Le·

719 2108 779 2185 pidi
801 2120 881 2187 atque
903 2113 1014 2167 Antonii
1037 2132 1109 2168 arma
1134 2115 1166 2169 in

718 2197 866 2272 Augustum
893 2218 1017 2258 cessere.
1051 2202 1082 2268 6,
1106 2200 1164 2255 tt:

718 2303 812 2341 omues
830 2287 858 2341 in
876 2306 957 2342 uuum
972 2286 1110 2345 cedebant.
1128 2285 1163 2342 al.

717 2401 752 2413 -
776 2370 853 2430 Leid.
870 2393 900 2432 1.:
925 2375 1072 2450 praedam
1094 2393 1163 2451 quos

717 2459 743 2513 si
778 2458 917 2517 dictatoris
953 2481 1090 2536 regressus
1128 2461 1164 2517 ad

719 2547 934 2623 comprimendas
941 2549 1088 2606 seditiones
1101 2568 1162 2606 ces·

717 2635 809 2689 sisse:
829 2639 877 2705 (i).

664 2721 690 2778 8.
717 2721 1163 2800 itaquccxaaqucbaaturquae·

718 2807 811 2862 reuda
837 2809 888 2863 aar·
907 2817 1009 2864 tautae
1025 2800 1076 2865 *rai
1090 2808 1162 2880 sur·

718 2901 780 2946 tum
799 2894 1010 2948 occultaretur:
1029 2893 1064 2951 Μ.
1077 2925 1111 2936 -
1124 2894 1163 2952 P:

716 2979 809 3056 itaquo
825 2979 1018 3056 exsequebatur
1043 2981 1162 3038 creden·

716 3066 775 3123 dua
799 3072 850 3140 (m.
873 3071 913 3128 2:
937 3068 1089 3139 credendo)
1114 3070 1162 3127 ubi

715 3164 805 3211 tantae
831 3157 871 3213 rei
895 3152 995 3213 turtum
1016 3157 1162 3215 occultare·

715 3250 767 3301 tur.
804 3240 848 3303 Cf.
870 3247 904 3311 3,
927 3245 985 3302 20.:
1012 3247 1162 3322 „persequi

715 3329 901 3405 quaerendo“.
930 3360 966 3372 -
996 3328 1052 3386 Pal.
1082 3333 1106 3388 1.
1134 3332 1161 3390 3.

714 3415 794 3475 Voss.
834 3435 873 3474 u:
918 3413 1161 3488 peroccultarctur.
1234 3471 1243 3484 ,

712 3502 789 3558 Leid.
807 3521 839 3561 ιι
859 3510 1041 3578 occuparetur.

661 3590 688 3649 9.
716 3591 927 3663 dfflarentiquc
943 3619 976 3632 ·-
998 3591 1160 3650 dicantirP
1216 3627 1227 3643 ι

715 3677 784 3747 reli]
803 3676 997 3753 differenteque
1008 3710 1037 3720 -
1046 3680 1160 3742 dicente.

714 3762 773 3819 Hoc
803 3763 919 3821 ablativo
949 3765 1043 3824 Livius
1079 3788 1160 3848 saepe

714 3870 778 3905 usos
797 3859 845 3908 est.
864 3851 898 3910 cs.
918 3855 942 3920 1,
960 3857 1018 3912 bd:
1037 3859 1159 3931 sequenti

714 3938 809 3991 nuntio
832 3937 888 3996 titii.
907 3940 941 3998 al.
965 3971 998 3982 —
1023 3942 1056 3997 P:
1081 3936 1171 3998 diffe-'

714 4026 835 4100 rentique
861 4036 999 4102 atempore
1029 4048 1078 4085 auo
1106 4041 1157 4091 cet.

713 4110 740 4168 Μ
763 4131 799 4173 m.
819 4116 858 4174 t:
883 4114 1104 4194 different†aqua
1130 4126 1158 4175 ct
