2618 4590
163 200 231 273 618
634 216 744 279 nunu
761 219 797 280 K

166 379 269 448 dificia
290 378 396 448 iuncta
419 404 527 464 muro,
553 403 654 472 specu
684 381 770 450 lanio
798 381 839 448 ad
856 382 1024 477 'stationes
1047 382 1222 450 Romanas
1237 383 1268 451 iu

166 507 244 553 nere
266 483 392 553 occulto
415 485 618 577 perveniunt:
651 485 725 554 inda
747 488 788 554 ad
810 487 977 555 consulem
1006 487 1152 557 deducti
1175 489 1268 578 prauo}

168 590 256 657 dium
277 601 435 657 armatum
455 614 492 659 se
514 591 596 658 intra
617 591 744 659 moenia
767 603 801 660 et
822 616 932 660 muros
946 603 1154 682 accepturos
1178 592 1270 660 confir·

166 707 265 764 mant.
301 719 363 763 nec
390 696 588 787 aspernanda
620 718 673 764 res
699 696 768 763 visa
795 721 901 787 neque
935 696 1069 763 incaute
1107 697 1270 764 credenda:

137 816 242 870 ocum
264 801 364 868 altero
386 825 500 869 eomm
521 838 566 851 -
587 825 664 868 nam
686 801 766 868 altor
787 802 883 869 obses
904 811 1052 868 retentus
1075 838 1128 850 —-
1153 802 1269 869 duo-er·

165 905 344 995 ploratores
366 929 426 996 per
448 905 631 974 cuniculum
652 907 755 988 missi,
777 931 837 997 per
857 929 941 997 quos
962 905 1042 971 satis
1066 918 1270 997 conpertam

164 1011 297 1078 trecenti
321 1012 433 1079 annatl
453 1012 615 1102 transfuga
637 1014 720 1081 duce
741 1013 775 1081 in
796 1012 910 1080 urbem
931 1009 1069 1101 ingressi
1093 1024 1203 1080 nocta
1217 1037 1271 1102 por·

162 1124 231 1182 lam
253 1139 337 1207 quae
359 1116 506 1206 proxima
529 1127 598 1184 erat
618 1141 748 1207 cepere:
772 1142 836 1208 qna
858 1116 993 1184 refracta
1015 1117 1144 1183 consul
1167 1117 1272 1185 exerei-

163 1229 281 1310 tusque
308 1220 474 1287 Romanus
501 1219 570 1286 sine
597 1223 770 1290 certamma
800 1221 915 1289 urbem
941 1221 1105 1288 invasere,
1146 1220 1194 1287 ita
1223 1220 1272 1288 Na·

117 1337 152 1393 10
163 1324 298 1412 quinum
320 1324 353 1389 in
376 1323 534 1391 dicionem
561 1325 672 1415 populi
694 1326 831 1394 Romani
857 1326 958 1394 venit:
996 1324 1135 1393 colonia
1168 1350 1211 1394 eo
1233 1325 1271 1392 al

164 1450 276 1495 versus
298 1426 439 1494 Umbros
461 1428 557 1496 missa
580 1454 598 1497 a
620 1431 751 1500 flumine
767 1432 886 1500 Narnia
909 1430 1090 1522 appellata:
1115 1428 1272 1500 exercitu

163 1555 240 1599 cum
260 1555 377 1623 magna
391 1534 509 1625 praeda
524 1534 664 1602 Romam
678 1537 839 1605 reductus.
876 1536 1005 1604 Eodem
1018 1558 1110 1601 anno
1127 1535 1173 1601 ab
1193 1534 1273 1601 Enu-

161 1636 225 1705 sris
247 1636 399 1706 adversus
421 1639 558 1707 indnb'as
580 1652 726 1730 paratum
742 1641 879 1709 bellum:
902 1641 959 1709 sed
974 1661 1032 1706 eos
1056 1637 1121 1704 alia
1146 1639 1274 1717 molien-

159 1740 201 1808 b‘s
223 1740 390 1810 Gallorum
411 1743 523 1835 ingens
538 1745 699 1813 exercitus
720 1746 793 1812 finis
808 1745 967 1836 ingressus
982 1741 1158 1832 paulisper
1175 1766 1275 1833 apro

114 1846 265 1935 inposito
287 1847 411 1916 avertit.
447 1849 582 1939 pecunia
606 1850 735 1935 deinde,
758 1874 822 1940 qua
844 1849 983 1915 multum
1005 1857 1179 1937 poterant,
1209 1847 1273 1914 freti

157 1949 263 2019 socios
285 1976 328 2019 ex
349 1951 496 2021 hostibus
518 1954 624 2022 lacere
647 1955 759 2023 Gallos
787 1965 960 2034 conantur,
987 1963 1027 2019 ut
1054 1977 1100 2021 eo
1123 1953 1273 2020 adiuncto

162 2054 306 2122 exercitu
329 2080 404 2124 cum
419 2057 571 2126 Romanis
594 2058 760 2128 bellarent.
798 2059 838 2126 de
856 2059 1009 2125 societate
1024 2056 1116 2123 haud
1131 2057 1274 2123 abnuunt

819 2178 893 2239 Harl.
917 2199 985 2235 ran:
1013 2198 1030 2234 a
1052 2178 1143 2236 Nare
1165 2178 1273 2235 flumine

819 2267 921 2326 Narnia
941 2264 1085 2342 appellata.

748 2356 792 2415 13.
819 2355 971 2412 aduersus
985 2353 1139 2410 indutias:
1153 2351 1207 2410 ΡΜ
1216 2351 1270 2410 rell.

817 2439 862 2500 cf.
882 2444 925 2509 10,
942 2443 968 2499 5.

768 2558 801 2571 -
819 2528 877 2586 aed
893 2548 946 2585 eoa
958 2527 1022 2583 alia
1036 2528 1189 2585 molientis
1202 2528 1269 2583 Gai

816 2615 1268 2693 lorumingenaexercituafim's

227 2179 305 2237 cons'.
323 2176 434 2235 deducti
454 2178 618 2257 praesidium
637 2201 679 2236 ar·

225 2272 329 2319 matum
358 2284 389 2320 se
418 2267 488 2322 intra
515 2269 620 2323 moenia
651 2277 678 2325 et

224 2368 327 2406 muros
357 2350 525 2411 confirmant.
562 2353 676 2421 „luner-

224 2433 288 2491 balb
312 2434 361 2492 dar
382 2437 595 2496 Scbntzwebren
618 2440 676 2498 und

224 2521 276 2580 dor
293 2522 498 2583 Stadtmauer“.

170 2651 198 2714 b.
224 2673 296 2713 uam
319 2656 398 2714 alter
421 2657 509 2715 obaea
526 2665 674 2716 retentus:

223 2739 260 2801 11.
277 2775 312 2787 -
335 2741 372 2799 P:
396 2743 504 2822 obnpea.
528 2776 563 2789 -
589 2745 618 2803 11
638 2767 675 2806 m.

226 2831 267 2903 ¹2²
282 2840 388 2907 portam
402 2852 471 2908 quaa
482 2837 605 2911 proxima
618 2845 676 2890 erat

224 2936 290 2994 cepa
308 2938 360 2992 qua
378 2917 492 2975 refracta
517 2929 576 2982 eoi.
599 2942 673 2978 exer·

194 3056 197 3061 .
224 3005 348 3080 citusque
358 3024 493 3066 romanus.
507 3027 543 3066 m.
553 3012 593 3066 3.:
608 3013 674 3085 capia

221 3088 275 3167 qua
287 3112 317 3147 re
329 3090 407 3151 lacu.
419 3091 498 3151 Voss.
509 3113 538 3152 ιι.
556 3093 623 3172 Lov.
634 3098 673 3154 a:

198 3242 202 3251 Ι
223 3198 275 3255 qna
294 3198 323 3234 ro
341 3178 420 3238 lacta.
448 3179 492 3239 Cf.
510 3201 552 3240 ex.
571 3201 609 3256 gr.
629 3185 672 3249 10,

221 3268 281 3324 aa:
302 3264 385 3323 simul
406 3275 433 3322 at
458 3268 673 3341 refringebantur

222 3363 318 3428 portae
336 3364 363 3410 et
375 3355 418 3411 via
436 3354 555 3430 undique
573 3358 602 3412 in
614 3377 671 3414 rnu-

172 3464 175 3469 ·
222 3460 269 3496 roa
286 3438 377 3500 fiebat.
389 3472 423 3481 -
439 3439 476 3497 P:
495 3449 551 3504 coi.
570 3447 671 3500 exarci-

221 3536 319 3604 tuaqne
335 3547 471 3586 romanus.

170 3661 196 3717 9.
223 3657 267 3713 aa
284 3657 457 3732 Nequinum
474 3661 506 3716 in
524 3661 671 3718 dicionem

219 3750 266 3820 pir.
286 3746 381 3801 uenit.-
403 3744 434 3805 P.
456 3778 493 3791 -
519 3746 558 3803 ll:
585 3749 615 3802 in
632 3749 671 3803 di·

818 2704 976 2782 ingreaous
1009 2702 1171 2778 paulisper·
1202 2711 1265 2758 aab:

816 2789 844 2849 11
862 2809 897 2848 m.
916 2792 940 2849 1.
953 2789 994 2861 P]
1012 2788 1063 2845 sed
1080 2809 1130 2846 ana
1143 2788 1195 2845 alia
1213 2808 1265 2845 mo·

815 2875 912 2934 llentna
934 2875 975 2942 (ll
999 2896 1034 2934 ιιι.
1057 2877 1104 2944 1.)
1129 2875 1264 2933 Gallorum

815 2967 911 3040 ingena
930 2964 1065 3019 exercitus
1083 2963 1155 3020 fines
1173 2962 1221 3034 (m
1232 2985 1263 3022 ιιι.

817 3052 861 3120 1.)
884 3053 1021 3125 ingressus
1042 3048 1196 3128 paullisper
1218 3061 1263 3109 oet

814 3170 849 3181 -
875 3137 914 3195 M:
942 3140 1068 3216 apposito
1096 3140 1206 3197 auertit.
1232 3170 1264 3180 —

814 3224 836 3282 P
855 3246 890 3284 m.
912 3224 980 3283 1.11
1001 3247 1037 3283 ιιι.
1062 3227 1101 3283 ln
1123 3245 1178 3301 qua
1201 3225 1264 3283 mul-

813 3322 870 3368 lum
885 3321 997 3387 poterat.
1016 3313 1038 3368 P
1050 3331 1087 3370 m.
1098 3313 1125 3371 2.
1138 3311 1166 3369 11
1178 3334 1214 3372 m.
1225 3317 1264 3371 35

814 3408 929 3474 potarat.
943 3431 977 3441 -
996 3397 1036 3456 M:
1055 3399 1118 3456 frou
1134 3404 1264 3457 aolioaex

788 3539 792 3545 .
812 3487 939 3543 hostibus
957 3486 1046 3543 lacere
1058 3485 1146 3562 gallos
1165 3508 1262 3543 nonan-

812 3578 877 3643 ιιιιΙ
893 3576 1012 3630 exercitu
1047 3592 1109 3630 cum
1143 3577 1262 3631 romania

812 3661 951 3720 bellarent.
972 3659 1053 3728 ,con
1075 3660 1192 3722 fflock:
1215 3663 1260 3719 (le.-

813 3746 952 3804 bellarent.

221 3832 394 3908 ἱίιιιιοιιιρίιο
412 3835 494 3893 uenit.
513 3833 594 3892 Reae.
613 3837 689 3917 qul-v
743 3836 786 3896 17.
814 3836 854 3892 de
871 3837 1011 3892 anomale
1024 3832 1099 3891 bani
1111 3834 1260 3894 abnuunt.-

220 3919 283 3976 dam
295 3921 389 3981 nodab:
407 3924 436 3978 ίιι
449 3921 622 3979 deditionem.
636 3952 670 3962 -
718 3930 726 3945 “

222 4007 271 4063 Pu
297 4006 369 4066 rell:
396 4030 411 4064 a
435 4009 545 4065 {lumine
567 4008 668 4066 Narnia

222 4091 355 4170 appellata
372 4093 425 4164 (Pr
443 4095 581 4175 apellata).
599 4093 669 4153 cod.

812 3921 835 3979 P
852 3942 887 3981 m.
905 3924 931 3982 2.
948 3952 984 3962 —
1003 3920 1025 3978 P
1042 3941 1078 3980 ιιι.
1098 3924 1138 3982 1.:
1153 3924 1259 3981 nutab-

810 4017 904 4066 nuunt.
933 4006 976 4066 ll:
1002 4007 1039 4067 (le
1059 4010 1190 4069 macuta
1214 4020 1260 4070 ant

812 4095 940 4157 abnuunt.
975 4174 985 4189 .-
