2618 4590
107 211 113 226 '
162 237 229 307 358
366 212 369 216 ’
616 247 813 326 nmmum

162 410 361 482 Samnitibus
383 433 455 481 esse
478 412 594 481 cernor
614 409 652 478 fir
672 421 818 479 senatusr
841 408 996 507 Publilius
1017 409 1083 477 duo
1100 405 1191 476 milia
1206 407 1269 476 No-

77 509 84 522 ’
161 517 310 586 lanosum
330 516 468 585 militum
489 527 523 586 et
544 526 695 608 quattuor
717 515 909 585 Samnitium
931 513 1032 604 magis
1055 512 1196 583 Nolanis
1220 537 1269 583 co·

165 621 313 712 gentibus
336 644 436 711 quam
464 621 629 692 voluntate
651 621 850 690 Graecorum
877 631 1005 711 recepta
1022 618 1188 710 Palaepoli
1216 619 1268 686 mi·

164 734 251 793 serat
264 724 404 793 Romam
425 737 626 819 conpertum,
648 724 816 796 Cornelius
832 725 986 794 dilectum
1001 724 1157 794 indictum
1172 749 1191 793 a
1206 750 1267 793 ma·

129 828 343 921 agisuaubus
364 829 615 924 universumque
636 830 804 902 Samnium
833 842 977 900 ereetum
1004 853 1043 899 ac
1065 828 1189 898 vicinos
1214 854 1266 920 po·

142 933 255 1024 ‚pulos
276 934 496 1007 Privernatem
516 924 772 1027 Fundanumque
799 947 833 1005 et
854 936 1065 1033 Formianum
1088 933 1177 1003 haud
1206 958 1266 1001 am-

159 1037 255 1129 bigue
278 1039 452 1112 sollicitari.
494 1040 537 1111 ob
559 1041 642 1112 haee
664 1064 740 1110 cum
753 1041 877 1134 legatos
894 1040 977 1111 mitti
990 1037 1166 1131 placuisset
1181 1038 1267 1129 prius

162 1142 204 1211 ed
230 1141 394 1216 Samnites
421 1169 520 1236 quam
545 1145 670 1217 bellum
694 1146 802 1231 fieret,
834 1169 1027 1238 responsum
1055 1143 1198 1211 redditur
1226 1142 1265 1210 ab

157 1243 355 1321 Samnitibus
376 1249 481 1321 ferox.
509 1249 806 1324 'ullroincusabant
819 1251 947 1324 iniurias
962 1250 1192 1330 Romanorum,
1217 1271 1267 1315 ns-

34 1356 37 1361 ’
111 1364 147 1425 10
158 1374 224 1442 qus
245 1375 288 1420 eo
315 1353 535 1449 neglegentius
562 1379 601 1425 ea
630 1381 714 1448 quse
741 1356 820 1447 ipsis
847 1356 1050 1425 obicerentur
1071 1353 1285 1443 purgabantz'

158 1453 247 1525 baud
279 1457 348 1528 ullo
380 1458 513 1551 publico
541 1461 685 1534 consilio
709 1461 870 1531 auxiliove
902 1458 1004 1531 iuvari
1032 1458 1177 1527 Graecos
1208 1481 1268 1525 nec

158 1557 349 1635 Fundanum
368 1552 618 1637 Formianumve
646 1560 728 1638 asse
753 1566 958 1650 sollicitatos,
987 1564 1108 1656 quippe
1137 1560 1268 1634 minime

822 1734 880 1795 1³³
908 1751 986 1802 „non
1005 1749 1054 1807 sgo
1072 1728 1165 1790 baeo“
1183 1729 1271 1806 inquil
1297 1726 1300 1730 ‘

821 1819 958 1890 „incertis
987 1818 1085 1876 iactata
1115 1817 1270 1877 rumoribus

820 1915 848 1964 el
860 1905 987 1984 cupidius
998 1904 1110 1973 eredita,
1128 1904 1192 1980 quia
1207 1923 1270 1960 vera

820 2011 883 2051 essa
900 1991 935 2049 de
957 1992 1067 2053 inimico
1092 1992 1206 2051 crimina
1224 2011 1270 2048 vo-

820 2077 923 2148 lebam,
945 2078 1039 2137 sdlero
1061 2077 1098 2136 sd
1116 2097 1166 2138 vos
1188 2082 1218 2154 p.
1237 2085 1270 2145 o,

820 2166 871 2225 ssd
907 2175 1035 2245 conperta
1065 2175 1094 2224 eb
1123 2165 1270 2247 explorata,

820 2253 893 2313 baud
910 2274 990 2312 secus
1007 2274 1088 2332 quam
1106 2255 1132 2311 si
1148 2251 1270 2330 specula·

820 2351 865 2399 tor
889 2343 988 2399 missus
1012 2341 1126 2403 svobis
1150 2340 1271 2402 subiecta

822 2427 910 2487 saulis
926 2428 1086 2491 reserrem“.
1128 2472 1141 2505 ,

768 2517 796 2578 4.
823 2516 997 2576 Cornelius.-
1013 2513 1094 2585 Leia.
1109 2533 1127 2574 1.
1144 2513 1225 2572 Voss.
1241 2534 1270 2574 u.

774 2590 788 2607 ”
821 2600 856 2662 sl.
890 2601 921 2659 ln
940 2601 990 2660 ΡΜ
1012 2601 1087 2663 Harl.
1106 2621 1125 2660 1.
1147 2601 1201 2662 hoe
1223 2622 1270 2657 nov

820 2705 884 2748 men
894 2689 1003 2750 excidit.
1021 2688 1055 2750 cl.
1065 2688 1097 2751 T.
1106 2688 1269 2754 Livilxxx.

106 1784 109 1790 ,
160 1776 163 1781 1
229 1728 680 1813 sensas:1¹b1.-Lav.a.:

230 1824 340 1873 senatus
366 1815 400 1873 fit
422 1818 529 1879 certior.
552 1850 587 1863 -·
614 1819 678 1879 Pal:

228 1901 338 1979 publius
357 1903 411 1961 duo
429 1904 503 1963 milia
520 1905 678 1967 nolanorum

227 1988 344 2051 militum
371 2000 400 2048 et
425 2000 552 2070 quattuor
579 1992 677 2053 samni-

225 2078 294 2136 siun
311 2086 364 2142 eet.

176 2164 205 2225 3.
231 2174 350 2242 recepta
361 2163 678 2242 PalaepolirPllarlr.

216 2250 309 2312 Laid.
322 2271 341 2312 1.
354 2251 433 2313 Voss.
446 2255 493 2325 ru]
511 2263 617 2332 recepta
630 2254 679 2312 Pa·

230 2335 359 2415 laepolim
376 2338 447 2409 (M).
483 2337 528 2398 Cf.
551 2343 600 2410 26,
620 2343 678 2400 aa:

229 2442 265 2480 ne
289 2427 351 2501 quis
374 2424 441 2483 urbe
462 2434 534 2483 tecto
558 2457 592 2474 -
610 2429 679 2484 reci·

226 2520 312 2587 peret.
330 2510 367 2570 al.

80 2589 83 2593 ’
171 2623 207 2644 *-
230 2598 679 2674 miseratRamamaospertumr

133 2724 136 2729 ,
228 2703 263 2742 ex
286 2685 360 2745 coni.¹
378 2683 467 2746 Fulvi}
491 2685 603 2759 Ursini]
628 2687 678 2745 mi·

228 2781 303 2829 serat
323 2774 470 2845 (ffeoui.
488 2773 620 2849 sigonii).
643 2805 677 2816 -·

226 2857 278 2942 Pbl
295 2857 370 2922 Harl.
382 2879 403 2919 1.
419 2858 498 2927 Laid.
511 2881 531 2919 r.
549 2860 598 2923 al:
625 2863 678 2918 mi·

820 2798 849 2856 p.
867 2795 922 2838 svr.
940 2779 968 2838 3.
991 2809 1026 2820 -
1049 2775 1113 2838 Pblz
1140 2776 1270 2840 dilectum

819 2864 963 2930 indictum.
993 2870 996 2877 '

229 2957 314 3007 serat
346 2948 466 3008 Romae
499 2957 678 3024 conpertum.
766 2955 794 3016 b.
822 2949 1271 3030 uniuersumqucb’amniumrbl

228 3032 304 3090 Nihil
321 3033 376 3092 hoe
393 3034 502 3105 mendo,
520 3043 551 3092 ut
563 3055 600 3096 aa
611 3036 678 3091 scri·
706 3044 709 3051 “

228 3117 338 3179 berelar
353 3140 406 3200 pro
424 3142 482 3190 am,
510 3121 680 3198 frequentius

230 3215 273 3263 est
289 3208 319 3264 ln
336 3209 458 3286 antiquis
473 3206 562 3269 libris.
590 3206 634 3267 cf.
652 3212 679 3278 7,

229 3295 287 3354 42:
298 3291 427 3358 Norbam.
437 3335 455 3364 „
462 3290 595 3357 Publilius
604 3294 679 3353 hatte

230 3382 301 3440 nieb
322 3381 395 3440 Rom
414 3400 497 3458 sagon
521 3381 626 3453 lassen,
647 3401 678 3441 sr

173 3478 181 3489 ’
227 3469 299 3529 babe
320 3468 501 3546 zurerllssigs
517 3469 616 3532 Kunde
636 3490 677 3528 er·

229 3555 330 3627 hulten,
343 3557 406 3615 dass
417 3559 488 3616 :wei
496 3557 611 3617 tausend
619 3557 677 3616 No-

159 3679 162 3683 ·
229 3639 305 3698 laser
314 3644 370 3702 und
381 3647 440 3703 vier
448 3645 563 3705 mutand
572 3645 677 3704 Samni·

227 3735 271 3784 ter
296 3730 326 3786 in
349 3730 501 3811 Palaepolis
524 3733 675 3810 aulgenom·

227 3835 292 3876 men
308 3818 416 3879 seien“.
452 3818 496 3884 cf.
515 3843 557 3882 ex.
575 3842 614 3899 gr.
631 3823 676 3888 24,

230 3906 288 3965 1a.:
305 3901 403 3965 Nolam
421 3907 456 3969 ad
470 3906 598 3985 collegam
616 3909 676 3966 mit·

229 3991 272 4060 rit,
290 3991 374 4051 altero
393 3996 513 4053 exercitu
532 4016 601 4074 opus
618 4015 678 4054 esse

227 4080 276 4157 qui
287 4077 435 4161 Campanis
453 4093 615 4165 opponatur.
633 4085 677 4151 4⁸2,

819 3037 896 3101 Harl.
906 3058 925 3100 r.
942 3038 1020 3103 Laid.
1033 3056 1050 3098 r.
1067 3035 1146 3097 Voss.
1164 3054 1192 3096 u.
1215 3035 1270 3112 sl]

819 3129 978 3190 universum
995 3125 1131 3184 samnium
1150 3121 1219 3194 (P).

768 3213 796 3272 8.
824 3231 916 3287 quam
933 3215 1045 3274 bellum
1053 3211 1162 3291 fierem
1180 3211 1212 3271 P.
1235 3243 1269 3259 -

818 3297 861 3357 ll:
879 3319 959 3377 quam
977 3301 1063 3360 lieret.

765 3384 793 3445 9.
821 3405 919 3463 nequa
942 3407 977 3444 eo
1000 3387 1208 3466 neglegentius
1233 3407 1271 3445 es

821 3493 900 3551 quae
919 3475 994 3554 ipsis
1009 3475 1195 3535 obicerentur
1202 3493 1270 3549 pur-

817 3561 989 3641 gabaotrP
1008 3557 1139 3626 m.2,ll1.
1151 3559 1221 3616 -P
1235 3581 1270 3622 m.

818 3652 861 3708 1.:
880 3650 1042 3731 pugnabant.

749 3738 794 3797 12.
821 3739 929 3815 quippe
940 3738 1061 3797 minime
1070 3736 1226 3811 paenitere
1238 3754 1272 3794 se

820 3827 929 3887 uirium
965 3843 1106 3883 suarum:
1145 3822 1201 3882 Plll.
1237 3848 1271 3899 7-

820 3910 895 3971 Harl.
907 3933 943 3987 με
962 3916 1051 3974 uirum
1066 3931 1185 3970 suarum.
1204 3910 1272 3978 „Da

819 4001 860 4059 sie
872 4000 940 4069 sich,
958 4020 1040 4057 wenn
1059 4000 1101 4055 sie
1112 3998 1199 4073 Krieg
1213 3997 1271 4057 stib-

758 4089 776 4165 J
820 4106 869 4145 ren
882 4088 1003 4159 wollten,
1020 4087 1070 4147 aul
1086 4085 1146 4146 ihre
1160 4089 1274 4163 eigenen
