2618 4590
164 221 207 290 40
628 222 739 288 11111111
755 227 802 288 Vi.

164 398 229 508 iam¹
251 417 339 464 anna
364 397 405 463 ad
425 395 625 486 propositum
640 414 765 483 pugnae
780 391 914 482 signum,
936 396 1019 463 sicut
1033 396 1173 465 edietum
1187 407 1265 479 erat,

11 553 47 580 .,
162 470 236 570 luce
258 501 359 592 prima
381 500 540 590 capientes
559 496 732 589 processit·
753 509 885 579 „nostra
900 498 1029 567 victoria
1052 513 1102 568 est
1122 500 1265 646 milites“

162 721 201 779 ut
226 711 320 778 decet
346 722 451 778 certae
479 708 549 799 spei
576 708 691 797 plenos
712 717 842 773 etcum
862 705 1022 796 inparibus
1049 733 1164 777 manus
1191 734 1266 778 eon-

103 826 316 900 -5serturos,
343 814 417 906 pilis
439 825 512 881 ante
534 812 635 932 pedes
656 809 767 900 positis
789 810 899 900 gladiis
924 824 1047 881 tantum
1070 815 1197 881 dextras
1220 838 1267 883 ar-

163 941 301 986 memus.
336 942 379 986 ne
401 917 545 1010 procurri
567 915 698 1006 quidem
719 914 759 982 ab
782 915 849 982 acie
869 916 966 983 velim
980 918 1036 984 sed
1053 918 1189 986 obnixos
1206 941 1266 986 vos

153 1024 266 1092 stabili
286 1024 388 1113 gradu
408 1023 565 1112 impetum
586 1019 728 1088 hostium
749 1019 910 1110 excipere·
944 1022 1001 1088 nbi
1022 1022 1068 1089 illi
1089 1044 1171 1088 vana
1192 1021 1268 1088 inie

113 1121 262 1197 corint
281 1126 413 1194 missilia
435 1138 468 1194 et
489 1124 581 1194 effusi
603 1124 756 1192 stantibus
773 1125 865 1192 vobis
881 1148 917 1193 se
931 1125 964 1192 in
964 1126 1101 1209 tulerint,
1124 1137 1196 1192 tum
1209 1125 1266 1192 mi

161 1243 237 1301 cent
258 1230 352 1320 gladii
374 1241 408 1298 et
419 1230 527 1299 veniat
545 1232 579 1299 in
599 1241 744 1298 mentem
756 1228 926 1319 unicuique
944 1231 1023 1298 deos
1038 1253 1109 1297 esse
1132 1254 1187 1319 qur
1177 1229 1266 1306 Ro

114 1346 151 1405 1⁰
161 1359 295 1406 manum
317 1333 476 1417 adiuvent,
499 1334 577 1404 deos
600 1335 654 1426 qui
676 1333 823 1402 secundis
846 1334 956 1401 avibus
977 1335 1011 1400 in
1030 1334 1188 1424 proelium
1209 1335 1267 1402 mi-

161 1439 271 1507 serint.
308 1450 344 1506 tu
365 1439 404 1506 Τ.
435 1439 545 1526 Quinti
572 1438 713 1530 equitem
740 1438 879 1506 intentus
908 1439 949 1506 ad
976 1439 1115 1529 primum
1141 1439 1267 1507 initium

161 1543 243 1623 moti
264 1542 443 1612 certaminis
465 1556 591 1612 tencasz
613 1543 669 1611 ubi
689 1544 821 1612 haerere
836 1544 901 1613 iarn
915 1543 1017 1610 aciem
1032 1543 1160 1611 conlato
1182 1545 1267 1634 pede

161 1646 292 1731 videris,
320 1658 391 1716 tum
413 1659 568 1717 terrorem
589 1659 774 1741 equestrem
801 1649 964 1738 occupatis
991 1649 1054 1717 alio
1080 1672 1200 1739 pavore
1222 1650 1267 1717 in-

820 1799 880 1855 rint
896 1795 1018 1856 missilia.
1036 1817 1072 1855 ιιι.
1091 1798 1130 1855 2:
1148 1795 1195 1853 nbi
1213 1794 1266 1872 iiiii

819 1904 872 1942 una
891 1897 942 1946 eet.
960 1885 996 1942 P:
1015 1885 1062 1942 ubi
1078 1883 1124 1940 illa
1137 1903 1207 1941 usne
1225 1886 1267 1940 in·

777 2026 780 2031 .
821 1975 950 2034 iecerint.
979 1971 1001 2032 l.
1019 1971 1063 2029 Fr.
1083 1970 1168 2029 Gron.
1185 1970 1269 2027 scribi

178 1798 206 1858 ³.
232 1797 263 1856 si
284 1797 360 1873 quid
381 1795 416 1853 di
437 1807 680 1857 uatesue‘eomm

231 1883 424 1956 infuturum
447 1885 568 1943 uident:
591 1884 629 1958 P]
653 1887 679 1942 si

232 1969 300 2049 quid
318 1969 358 2028 dii
375 1979 504 2048 ratesque
521 1991 613 2030 eorum
627 1980 678 2030 eet.

230 2087 266 2103 ·-
276 2056 317 2115 tl:
335 2059 406 2116 sicut
418 2057 447 2115 di
459 2067 567 2118 uatesue
585 2079 679 2118 eorum

230 2154 282 2204 oet.
300 2165 335 2203 m.
353 2147 392 2204 2:
411 2145 459 2204 dii.
477 2146 509 2202 in
526 2148 679 2222 antiquiore

230 2234 312 2307 igitur
346 2231 417 2287 libro
448 2232 556 2290 videtur
586 2234 679 2309 siquit

185 2367 187 2371 ,
231 2319 363 2393 scriptum
374 2317 467 2377 tuisse.
486 2319 520 2378 B.
531 2317 679 2376 Rhenanus

161 2395 165 2408 ¹
231 2402 342 2479 quidem
365 2414 508 2482 cutesque
529 2405 613 2463 scribi
630 2425 678 2461 vo·

231 2489 678 2567 luit‚sedoatesoeintegerrimum

231 2586 281 2637 est.
299 2580 346 2654 qui
363 2580 435 2636 enirn
450 2578 590 2654 potestA.
609 2578 677 2635 Cor·

231 2663 319 2721 nelius
349 2666 431 2723 horno
457 2665 677 2741 religiosissimus

106 2832 110 2835 -
230 2751 376 2833 dubitasse.
394 2772 459 2810 num
471 2751 531 2808 dii
522 2755 577 2832 ipsi
595 2755 624 2811 in
636 2753 677 2809 iu-

229 2847 320 2896 turum
336 2824 431 2898 ridere
447 2849 568 2919 possent.
594 2840 677 2919 parti—

230 2925 290 2999 cula
306 2947 343 2984 oe
360 2927 504 2985 utebantur
520 2928 677 3004 scriptores,

229 2994 344 3086 siquid
366 3016 456 3070 minus
482 3024 556 3072 recte
577 3015 679 3071 dictum

129 3102 134 3113 '
229 3096 375 3156 videretur.
413 3101 454 3155 sic
480 3101 509 3156 in
538 3101 678 3174 prooemio

232 3193 317 3251 „ante
329 3184 465 3243 conditam
475 3185 679 3244 condendamve

232 3225 359 3332 irrbem‘t
376 3271 463 3333 ai-
485 3270 618 3335 Ριιι.1.ι
611 3275 677 3330 ·iu·

208 3358 308 3435 quid.

176 3445 203 3504 5.
231 3446 360 3504 dextros
376 3464 541 3504 armemnsr
533 3445 634 3506 ·.Pm
651 3449 677 3508 2.

231 3531 617 3617 -Pnr.1.·dextrans.ii1:
636 3553 678 3593 ar·

230 3637 364 3678 marmus.

176 3705 203 3763 6.
227 3725 268 3773 ,ne
283 3708 422 3780 procurri
433 3709 553 3783 quidem
565 3710 603 3768 ab
615 3711 678 3768 acie

234 3792 323 3849 uelim
336 3793 393 3848 scd
404 3796 531 3853 obnixos
550 3817 605 3854 uos
618 3807 678 3854 sta·

231 3878 394 3961 biligrodu
403 3881 540 3956 impetum
549 3883 678 3941 hostium

229 3967 384 4040 excipere.-
402 3965 451 4022 PM
469 3969 531 4027 cod.
544 3969 631 4028 Rhen.
643 3971 677 4030 ai.

231 4082 265 4096 -
283 4050 323 4109 u:
347 4052 393 4111 ubi
411 4052 451 4113 illi
467 4057 472 4127 Ι
487 4075 556 4115 aune
574 4059 677 4118 iniece-

819 2058 906 2116 voluit
918 2061 1046 2118 iecerint.
1064 2058 1113 2115 scd
1122 2057 1175 2114 hoe
1186 2059 1267 2134 signi·

819 2145 926 2214 ficeret,
948 2145 1107 2203 dictatorem
1130 2148 1184 2202 iam
1203 2165 1266 2204 con·

818 2232 898 2289 fisum
929 2251 1005 2302 esse,
1041 2233 1133 2290 hostes
1167 2231 1268 2290 nuliam

821 2322 931 2377 omnino
946 2317 1139 2378 ·Romenorum
1161 2319 1268 2377 habitu·

820 2426 869 2464 ros
886 2427 946 2464 esse
964 2409 1108 2476 rationem,
1136 2428 1198 2465 curu
1215 2405 1268 2462 teia

819 2495 950 2552 iacerent:
978 2515 1066 2573 neque
1088 2493 1161 2551 aliud
1188 2494 1267 2571 quid·

819 2601 899 2658 quam
910 2592 1101 2661 prospecturos
1115 2602 1175 2639 esse
1187 2602 1267 2660 quam

818 2669 927 2725 nitelis
946 2670 1056 2726 abiectis
1075 2670 1135 2744 iuga
1153 2669 1267 2727 salutem

817 2765 952 2833 peterent·
962 2757 1035 2835 quod
1043 2755 1138 2816 Livius
1148 2761 1267 2836 cogitare

818 2863 875 2900 nou
891 2847 989 2919 potuit.

749 2930 792 2990 10.
818 2930 894 2988 deos
921 2935 975 3006 qui
997 2934 1136 2990 secundis
1159 2935 1268 2991 auidus

821 3019 852 3074 irs
861 3021 1009 3091 proelium
1020 3021 1169 3077 miserint:
1187 3020 1217 3077 Ρ.
1232 3051 1268 3063 -

820 3103 889 3161 di:
880 3124 909 3160 m
921 3104 1051 3180 praelium
1063 3110 1204 3172 miserunt.
1223 3106 1267 3168 Cf.

822 3192 850 3257 3,
862 3191 903 3249 Ἅι
919 3190 1030 3252 dederit.
1049 3193 1096 3250 Sic
1105 3197 1131 3263 5,
1142 3200 1184 3255 11.
1196 3215 1268 3258 rece.

819 3275 913 3333 codd:
950 3282 997 3355 qni
1026 3280 1107 3337 simul
1132 3284 1267 3344 uicerunt.

817 3361 882 3420 Pil:
901 3365 1023 3426 uicerint.
1042 3367 1075 3427 at

749 3453 792 3510 11.
820 3458 853 3507 iu
871 3459 893 3511 t.
912 3453 1008 3526 quinti
1024 3455 1151 3529 equitem
1173 3459 1266 3515 inten-

818 3546 868 3594 tus
880 3538 923 3592 ad
930 3541 1059 3611 primum
1067 3544 1183 3601 initium
1194 3546 1269 3607 moti

819 3628 989 3684 certaminis
1000 3638 1119 3688 teneas.-
1138 3630 1167 3689 P.
1177 3663 1212 3676 -
1223 3630 1266 3702 tt:

819 3720 850 3768 tu
877 3714 965 3788 quinti
991 3719 1109 3792 equitem
1135 3719 1266 3775 intentius

815 3810 872 3871 feet.
909 3802 953 3861 Cf.
973 3806 998 3873 1,
1016 3808 1073 3862 oon
1095 3827 1111 3861 a
1127 3803 1158 3864 T.
1177 3804 1266 3866 Tatio.

818 3890 846 3956 ⁶,
863 3891 903 3948 ti:
922 3898 949 3946 te
967 3892 1002 3966 Q.
1021 3892 1127 3952 Servili.
1145 3890 1179 3950 ai.

750 3975 792 4033 13.
819 3978 969 4050 occupatis
996 3979 1056 4034 alio
1081 3999 1197 4055 pauore
1222 3981 1265 4036 in-

812 4062 885 4135 fer.-
895 4062 943 4120 Pol
953 4063 1014 4123 cod.
1024 4064 1111 4125 Rhcn.
1120 4098 1154 4109 -
1163 4064 1238 4126 Harl.
1246 4087 1264 4127 r.
