2618 4590
153 291 221 361 942
615 302 724 363 trust
743 300 800 362 llll.

162 469 275 537 diticlis
298 470 362 536 suis
385 478 552 561 parcerent
572 490 679 558 neque
701 466 733 531 in
757 488 840 532 eum·
854 487 966 556 agrum
987 464 1042 554 qui
1070 462 1182 554 populi
1203 463 1264 528 Ro-

158 574 246 641 mani
268 576 371 644 lactus
395 584 482 641 essct
503 572 629 641 hostilia
652 595 739 637 anna
761 571 922 639 inferrent.
958 568 984 636 si
1006 569 1119 636 leniter
1141 567 1265 657 agendo

159 704 274 772 parum
297 677 504 771 proficerent,
532 678 754 746 denuntiarent
775 676 970 745 Samnitibus
997 675 1108 767 populi
1130 672 1266 739 Romani

145 797 354 876 senatusque
371 785 478 851 verbis
499 795 536 850 ut
551 783 663 873 Capua
685 782 764 847 urbe
778 781 1011 872 'Campanoque
1034 803 1110 869 agro
1133 778 1266 844 abstine·

54 904 61 913 ·
131 901 242 963 arent
280 889 361 956 hacc
383 889 495 978 legatis
518 888 683 979 agentibus
705 887 739 982 in
761 886 896 954 concilio
912 884 1102 952 Samnitium
1117 883 1199 948 adeo
1219 893 1269 947 est

161 993 312 1062 ferociter
332 1014 538 1082 responsum,
567 1005 603 1059 ut
625 1015 690 1058 nou
715 991 821 1058 solum
848 1002 993 1082 gesturos
1021 1013 1056 1055 se
1087 1012 1158 1056 esse
1187 989 1267 1053 dice-

160 1111 232 1165 rent
253 1098 286 1164 id
308 1097 441 1181 bellum,
463 1099 521 1164 sed
542 1098 743 1186 magistratus
767 1120 879 1164 conam
902 1120 920 1162 e
944 1093 1030 1203 curia
1047 1093 1163 1184 egressi
1186 1103 1268 1158 stan-

163 1202 249 1270 tibus
272 1203 383 1292 legatis
406 1203 586 1293 praelectus
601 1202 782 1268 cohortium
796 1211 948 1270 vocarent
961 1199 1062 1288 iisque
1085 1197 1170 1268 clara
1185 1220 1267 1263 voce

165 1307 361 1407 imperarent
389 1319 433 1383 ut
460 1309 648 1398 praedatum
677 1307 709 1372 in
738 1331 848 1397 agrum
875 1306 1076 1396 Campanum
1103 1301 1268 1392 extemplo

115 1411 452 1501 ¹10proficiscerentur.

65 1509 70 1523 ’
253 1515 388 1583 ΧΧΧΗ.
433 1517 505 1583 Hac
527 1515 685 1606 legatione
707 1517 845 1583 Romam
866 1518 965 1583 relata
992 1513 1104 1603 positis
1127 1512 1272 1578 omnium

168 1619 303 1685 aliarum
323 1644 431 1688 rerum
453 1622 536 1689 curis
559 1631 666 1712 patres
689 1621 846 1689 fetialibus
863 1622 902 1687 ad
919 1644 969 1686 res
990 1619 1179 1709 repetendas
1198 1616 1271 1681 mis-

167 1724 212 1817 sis
233 1723 402 1821 belloque,
431 1727 506 1818 quia
529 1749 595 1793 nun
617 1727 837 1809 redderentur,
864 1724 1012 1792 sollemni
1030 1747 1136 1813 'more‘
1154 1722 1273 1788 indicto

168 1827 381 1898 decreverunt
403 1842 439 1897 ut
460 1830 564 1920 primu
588 1855 719 1921 quoque
746 1843 893 1921 tempore
922 1832 962 1897 de
985 1855 1023 1896 ca
1046 1854 1080 1896 re
1109 1829 1150 1894 ad
1167 1826 1272 1918 'popu-

120 1932 237 2003 aslum
259 1934 409 2014 ferretur:
438 1934 592 2024 iussuque
615 1936 726 2025 populi
749 1937 897 2003 consules
925 1936 1021 2001 ambo
1044 1958 1119 2000 cum
1147 1933 1273 2000 duobus

90 2077 105 2087 ·-
168 2038 361 2105 exercitibus
384 2038 424 2104 ab
447 2038 527 2105 urbe
550 2039 686 2128 proiecti
708 2040 854 2108 Valerius
876 2043 909 2106 in
924 2039 1133 2130 Campaniam
1156 2037 1274 2103 Corne-

66 2150 68 2160 '
166 2140 228 2207 lius
250 2142 282 2207 in
305 2142 480 2227 Samnium,
503 2142 557 2210 ille
581 2134 622 2209 ad
644 2157 788 2212 montem
803 2146 946 2211 Gaurum
968 2144 1020 2210 hic
1043 2145 1083 2210 ad
1099 2142 1275 2210 Saticulam

241 2319 354 2388 sgrunr“
372 2319 470 2373 ceteris
482 2317 599 2376 omissis.
617 2316 688 2376 Hine

239 2402 321 2462 Voss.
334 2421 362 2458 n.
378 2402 425 2462 al:
445 2411 687 2482 „peterentquene

241 2490 269 2544 in
288 2509 348 2546 enm
367 2511 459 2566 agrum
478 2501 528 2551 cet.

184 2577 212 2635 3..
236 2579 295 2652 pir.
314 2588 497 2654 satiatusque
515 2581 631 2637 uerbis:
652 2580 687 2640 lll.

829 2340 890 2379 eum
902 2324 1065 2396 ‚,egressus¹‘
1077 2320 1207 2394 scriptum
1216 2337 1277 2372 esse

829 2410 917 2484 possit
939 2407 1013 2484 quod
1034 2406 1121 2462 littera
1143 2427 1158 2462 s
1180 2426 1274 2482 seque·

829 2505 916 2562 retur,
941 2514 992 2550 nce
1015 2514 1077 2550 raro
1098 2495 1129 2550 in
1145 2493 1201 2548 fine
1218 2513 1276 2549 ver·

239 2695 274 2707 -
287 2663 323 2720 P:
342 2672 383 2744 pt.
402 2675 564 2746 senatusque
582 2669 687 2724 uerbis:

240 2752 299 2819 „im
322 2753 426 2809 Nomen
453 2753 501 2810 des
526 2753 689 2812 llttmiseben

240 2836 324 2894 Volls
336 2840 391 2896 und
404 2840 549 2902 Senates“.
568 2847 608 2900 sic
623 2846 689 2900 scri·

240 2934 317 2999 ptum
336 2937 377 2982 est
394 2938 425 2983 ut
440 2933 527 2985 maior
538 2932 580 2988 uls
599 2934 627 2986 in
638 2952 689 3005 po·

238 3013 311 3084 pulo
325 3033 406 3081 rom„
427 3019 553 3091 quippea
568 3038 621 3093 quo
634 3015 689 3072 bel-

240 3095 296 3152 lum
320 3107 348 3152 et
369 3099 516 3156 iubendum
543 3111 571 3157 et
598 3122 689 3176 geren-

241 3181 305 3238 dum
316 3194 395 3254 esset,
404 3189 494 3262 posita
503 3188 648 3248 vider-etur.
659 3221 689 3232 -

242 3266 326 3323 Paulo
345 3282 408 3345 post
426 3272 465 3330 ld:
487 3278 655 3335 samnicium.

189 3356 215 3412 7.
241 3354 299 3412 sed
324 3363 519 3439 magistratus
544 3383 647 3422 eorum
673 3385 690 3421 e

215 3465 218 3471 ’
241 3445 327 3499 auria
345 3452 475 3525 egressi:
494 3448 524 3510 P.
538 3484 572 3493 -
585 3449 626 3506 lll:
639 3452 690 3521 „id

242 3527 342 3585 bellum
360 3539 529 3610 magistratus
545 3544 594 3595 eoi
612 3559 627 3594 e
645 3560 690 3595 cu-

242 3616 283 3668 rie
295 3635 402 3690 gressus
410 3630 436 3684 “.
445 3656 479 3666 -
493 3624 602 3695 „Curis
619 3645 690 3702 gres·

243 3707 315 3754 sus“
343 3707 415 3766 idem
444 3723 485 3768 est
518 3713 592 3789 quod
625 3735 690 3783 „cu-

244 3788 446 3866 riaegressus‘z
471 3819 551 3876 quem
574 3800 609 3856 sd
635 3821 690 3858 mo-

243 3871 307 3931 dum
331 3881 360 3935 in
382 3879 431 3939 PM
452 3889 602 3943 sexcenties
624 3891 689 3946 scri-

197 3985 204 3992 ,
243 3971 319 4038 ptum
337 3979 387 4028 est.
409 3983 499 4029 utrum
513 3995 578 4032 vero
597 3996 688 4032 nume-

242 4067 310 4118 rum,
328 4057 489 4131 singularem
504 4082 537 4117 an
547 4061 688 4137 pluralem,

242 4138 374 4199 veriorem
387 4145 413 4205 lr.
425 4146 443 4206 l.
457 4147 569 4205 babeam
583 4150 686 4216 dubito,

828 2581 925 2638 borum
953 2585 979 2639 is
1008 2592 1034 2638 et
1064 2603 1100 2639 us
1126 2589 1277 2656 permutata
1301 2622 1304 2626 .

830 2672 893 2726 sint.
913 2668 956 2725 (ll.
967 2668 1025 2728 Cic.
1034 2667 1275 2736 Varamos:

831 2767 926 2814 evocat
956 2757 990 2813 ad
1023 2777 1053 2812 sc
1073 2755 1276 2832 *Centuripino-

829 2865 889 2901 rum
900 2847 1079 2919 magistratus.
1091 2844 1140 2902 0r.
1150 2844 1263 2910 63,213.

778 2935 804 2990 8.
832 2935 931 3010 iisque
953 2934 1038 2988 clara
1060 2949 1130 2987 uoce
1152 2933 1277 3004 impera-

832 3029 912 3075 rent:
931 3019 966 3078 lll.
989 3051 1024 3062 -
1046 3020 1081 3076 P:
1109 3017 1209 3101 bisque
1225 3029 1277 3077 eet.

831 3108 874 3162 Ab
893 3109 990 3183 iisque
1007 3105 1140 3183 usquead
1156 3104 1277 3181 profici·

831 3204 984 3250 sacrentur
1018 3198 1117 3252 omissa
1152 3204 1217 3250 sunt
1247 3195 1276 3248 in

831 3279 905 3337 Harl.
919 3301 936 3340 1.

762 3368 805 3425 12.
825 3367 988 3440 fetialibus
1010 3371 1053 3426 ud
1074 3390 1124 3426 res
1147 3375 1277 3440 repeten-

833 3456 891 3512 das
909 3459 1025 3514 missis:
1044 3456 1066 3512 Ρ
1084 3477 1118 3514 m.
1142 3456 1228 3524 2„-
1256 3450 1279 3507 P

833 3563 868 3601 m.
889 3547 926 3599 1.:
953 3546 1038 3602 misis.
1069 3542 1110 3599 lll:
1129 3540 1278 3598 ferialibus.

833 3661 867 3671 -
877 3629 937 3687 Plll:
948 3630 1070 3687 sollemni
1081 3649 1157 3686 more
1166 3629 1278 3685 indicto.

762 3718 805 3776 15.
832 3726 908 3777 coss.
920 3721 1005 3774 ambo
1019 3738 1084 3774 cunr
1097 3716 1215 3772 duobus
1227 3734 1279 3770 ca·-

832 3807 970 3862 ercits'bus
989 3807 1027 3860 ub
1046 3806 1117 3860 urhe
1131 3801 1280 3878 profecti:

781 3965 783 3970 ,
831 3891 872 3965 Μ]
886 3892 1113 3950 cossambocum
1125 3891 1231 3946 duobus
1245 3889 1280 3944 ab

769 4023 777 4038 .
831 3982 897 4036 urbe
909 3981 1070 4036 exercitibus
1083 3978 1199 4056 proiecti
1214 3975 1279 4047 (P).

760 4067 803 4124 17.
830 4069 883 4124 ille
908 4070 953 4125 ud
976 4077 1103 4122 montem
1124 4066 1279 4122 Gaurum:

830 4151 907 4210 Voss.
924 4175 952 4214 ιι.
977 4153 1076 4230 aliique
1102 4171 1170 4209 rece.
1195 4150 1285 4242 codd.¹
