2618 4590
386 285 396 305 c
473 252 583 312 LIBER
600 253 644 314 vl.
1064 242 1107 308 75

10 441 108 509 quem
126 416 246 483 insidiis
270 412 459 483 instruendis
482 425 687 503 quaerentem
710 415 837 480 locum?
859 415 1024 507 ingerere
1046 428 1106 484 tor-

10 547 86 613 pere
110 521 194 588 senis
218 518 364 586 consilia:
401 518 458 584 sed
480 517 615 585 Camillo
644 541 718 585 cum
740 518 822 585 vito'e
850 522 923 588 satis
949 532 1019 587 tum
1041 521 1106 610 glo

10 629 75 693 riae
99 650 184 694 esse:
215 622 329 712 ecquid
351 622 481 690 attinere
504 647 579 689 cum
607 623 733 690 mortali
760 647 894 711 corpore
915 648 978 692 uno
1001 625 1106 692 civita·

10 733 58 814 ris,
80 755 179 820 quam
200 728 400 795 inmortalem
422 750 492 794 esse
516 728 642 811 deceat,
666 727 733 819 pati
755 750 983 795 consenescere
1004 730 1107 798 vires?

31 951 57 1008 1.
85 967 171 1025 quem
200 946 317 1003 insidiis
344 945 527 1007 instruendis
667 944 733 1023 quid
750 948 864 1002 attinere
887 945 1013 1017 (codd).
1043 946 1111 1014 „Sei

85 1043 272 1111 quaerentem
284 1035 396 1091 lacum.-
409 1053 443 1089 ex
455 1035 526 1091 coni.

80 1123 127 1193 m]
138 1140 225 1198 quem
238 1120 345 1177 insidiis
362 1119 526 1177 instruendis

79 1200 182 1265 locum':
206 1227 240 1264 ex
264 1209 334 1266 coni.
355 1206 376 1266 l.
394 1206 440 1266 Fr.
458 1205 526 1273 Gro-

78 1299 162 1356 novii.
174 1326 208 1336 -
227 1292 276 1350 ΡΜ
293 1291 367 1353 Harl.
381 1313 399 1352 1.
416 1291 493 1352 Leid.
506 1312 525 1352 ι.

78 1383 126 1440 el:
146 1378 247 1460 „quem
265 1380 372 1437 insidiis
390 1383 524 1437 instruen-

23 1505 30 1517 ·
78 1479 134 1526 tem
154 1469 276 1529 locum“.
307 1467 377 1524 cod.
396 1466 452 1547 Sig.
470 1466 524 1522 Ha·

78 1576 166 1615 verce
184 1558 404 1631 „ingruentem“.
435 1553 525 1612 Simili

77 1643 176 1700 mendo
207 1646 309 1717 integra
340 1644 425 1698 oratio
462 1662 523 1717 per·

21 1776 24 1781 .
80 1751 161 1807 saepe
176 1741 302 1804 corrupta
315 1739 364 1796 est,
382 1739 412 1784 ut
428 1728 525 1784 mediis

82 1816 242 1894 quibusdam
251 1815 348 1871 litteris
358 1817 465 1871 omissis
472 1816 524 1870 duo

81 1903 162 1959 verba
181 1904 209 1958 in
228 1921 311 1958 unum
334 1901 526 1958 contunderen-

82 1999 134 2047 tur.
153 1988 187 2047 cf.
200 1988 231 2048 T.
240 1987 303 2047 Livi
315 1988 333 2047 l.
344 2009 407 2047 m.
419 2009 447 2065 p.
456 2006 527 2045 xnvr.

81 2097 117 2134 rr.
136 2075 195 2133 Hoc
208 2097 272 2132 vero
289 2060 351 2131 lo'co
372 2095 403 2130 eo
422 2073 527 2130 facilius

80 2164 164 2220 errari
175 2166 273 2240 potuit,
285 2165 309 2219 si
323 2182 400 2238 quae
412 2162 455 2218 vel
469 2182 527 2236 que

80 2261 110 2307 ut
127 2252 277 2308 sexcenties
299 2249 365 2305 alies
386 2248 525 2324 neglegen-

82 2340 120 2395 tia
156 2337 270 2415 quadam
308 2340 525 2414 praetermissum

81 2435 145 2483 eret.
164 2435 221 2481 tum
235 2424 349 2493 demum,
364 2445 423 2480 cum
437 2444 525 2501 quae·

79 2522 191 2569 rentem
208 2513 360 2568 restitutum
371 2515 431 2580 erit,
448 2510 525 2568 intel-

80 2598 128 2674 ligi
146 2601 225 2655 etiam
242 2607 342 2676 potest,
360 2601 406 2673 qui
418 2600 526 2655 instru-

81 2696 176 2744 entem
192 2684 237 2743 vel
254 2688 439 2764 ingruentem
462 2706 477 2740 a
494 2685 526 2740 li-

82 2774 180 2830 brariis
197 2772 262 2846 fingi
280 2774 406 2846 potuerit.
433 2771 527 2844 Quae-

83 2871 195 2918 rentem
204 2857 351 2935 respondet
362 2857 529 2913 antecedenti

83 2957 258 3024 sperantem,
272 2955 299 3001 et
307 2964 388 3021 supra
399 2945 451 2998 iarn
462 2946 529 2998 seri-

83 3045 159 3111 ptum
168 3044 225 3091 crat
238 3035 307 3110 „qui
317 3033 485 3089 occasionem
494 3063 528 3072 -

85 3122 258 3198 quaerebat“.
277 3151 311 3161 -
338 3120 372 3178 P:
392 3120 529 3176 occassio·

84 3229 154 3267 uem.

25 3327 64 3341 -
78 3295 198 3372 frigere
207 3318 242 3352 aa
250 3307 367 3370 torpere
376 3295 530 3350 seniscon-

86 3382 174 3438 eilia:
185 3382 242 3440 PM.
261 3382 305 3441 Cf.
319 3385 343 3448 1,
356 3384 412 3440 tt:
428 3383 474 3448 „si
482 3386 530 3434 tua

86 3489 117 3524 re
134 3468 222 3524 subite
240 3469 350 3525 consilia
368 3452 486 3547 torpent,
504 3477 532 3522 ut

87 3566 118 3613 tu
136 3576 195 3611 mea
213 3555 323 3612 consilia
342 3561 483 3631 sequere“.
496 3586 531 3598 -

87 3644 109 3701 P
129 3643 190 3702 cod.
208 3641 295 3700 Rhen.
307 3642 380 3700 Harl.
393 3663 411 3700 1.
423 3641 499 3700 Leid.
513 3661 531 3696 ι.

87 3733 134 3790 el:
149 3750 237 3800 „cum
247 3731 318 3785 uitae
329 3731 395 3784 satis
408 3737 463 3784 tum
476 3728 531 3803 glo-

87 3821 144 3875 riae
166 3822 256 3876 esse“.
286 3815 315 3873 tt
341 3837 376 3874 m.
402 3818 441 3874 1.:
467 3834 534 3871 eum

89 3909 144 3962 uite
161 3909 228 3962 satIs
245 3913 302 3960 tum
313 3902 414 3980 gloriae
432 3907 533 3960 essct“.

90 4012 125 4050 m.
144 3995 182 4051 Ἅι
201 4002 258 4048 tum
276 3995 331 4047 uite
349 4000 399 4050 cet.

36 4079 64 4137 3.
91 4080 200 4154 ecquid
209 4081 350 4138 attinere.-
358 4100 391 4138 ex
404 4079 474 4136 coni.
486 4079 532 4148 m]

667 1053 697 1088 es
708 1031 783 1089 wohl
796 1035 860 1090 aber
871 1033 956 1103 recht,
974 1033 1035 1089 dass
1051 1053 1112 1088 meu

667 1119 874 1178 hinschwinden
884 1120 985 1180 lessc“.
993 1119 1114 1196 Ecquid

667 1209 861 1265 restituendum
879 1208 1032 1276 videbatur,
1051 1227 1124 1263 cum·

667 1297 840 1373 interrogatio
854 1297 975 1373 negativa
988 1305 1067 1362 esset,
1085 1302 1113 1349 et

665 1384 694 1439 in
712 1383 739 1440 lli
761 1404 840 1441 verse
861 1387 1009 1462 scripturae
1031 1383 1112 1438 vesti·

665 1472 738 1543 gium
755 1473 785 1527 in
803 1473 958 1549 essetquid
976 1479 1112 1527 serratum

667 1567 746 1617 esset.
764 1561 922 1635 saepissime
934 1579 999 1615 vero
1018 1560 1047 1613 in
1066 1577 1111 1611 an-

666 1647 749 1721 tiquis
767 1644 844 1702 libris
867 1647 971 1721 etquid
994 1665 1044 1720 pro
1068 1663 1111 1699 ec·

668 1732 744 1806 quid
767 1734 898 1808 scriptum
924 1731 989 1804 legi,
1018 1731 1112 1783 harum

666 1836 755 1874 rerum
768 1821 871 1897 peritos
882 1838 937 1874 non
949 1819 1054 1891 fugerit.
1078 1815 1112 1872 cf.

668 1924 709 1962 ex.
727 1925 766 1980 gr.
783 1908 815 1974 ll,
832 1909 858 1965 3.
876 1907 923 1962 ubi
941 1908 969 1961 in
988 1903 1113 1959 omnibus

668 1994 804 2068 inscriptis
823 1992 889 2048 illud
906 1992 1022 2067 etquid
1038 2008 1114 2066 repe·

668 2079 743 2136 ritur.
763 2081 806 2144 tu,
824 2082 868 2136 26.
886 2080 915 2134 in
927 2076 1050 2133 Laurish.
1070 2096 1114 2130 co·

669 2163 738 2220 dice.
761 2167 805 2232 27,
824 2169 866 2225 to.
884 2167 913 2220 iu
925 2165 984 2222 Put.
1002 2183 1052 2242 pro
1071 2182 1114 2219 ec·

658 2252 746 2327 quid
761 2255 891 2330 scriptum
909 2262 951 2308 est
968 2251 1068 2328 equid,
1085 2251 1115 2304 in
1179 2257 1183 2265 '

668 2337 747 2398 colb.
773 2360 808 2398 ιιι.
833 2341 858 2398 1.
881 2340 1002 2416 ecquid,
1029 2357 1065 2395 m.
1088 2338 1114 2394 2.

668 2429 821 2503 eruntquid,
840 2429 867 2482 in
876 2426 1017 2501 Bembcrg.
1032 2424 1114 2502 quid.

667 2512 702 2573 el.
737 2513 881 2592 lieperitur
907 2514 1015 2591 quidem
1043 2510 1114 2567 haud

667 2621 728 2656 raro
749 2604 828 2658 etium
847 2603 923 2677 quid
934 2603 1046 2667 attinet,
1065 2596 1115 2654 sed

669 2688 707 2743 ibi
725 2686 844 2743 locorum
857 2691 974 2743 rationes
993 2689 1115 2742 diversae

668 2783 740 2831 sunt.
784 2778 824 2831 sic
854 2775 966 2847 legimus
998 2776 1029 2839 (Ζ,
1059 2774 1116 2828 di:

671 2863 760 2936 „quid
770 2865 807 2916 ita
826 2863 897 2915 enim
910 2859 1015 2912 adsumi
1027 2858 1116 2911 socios

671 2957 699 3003 et
716 2967 812 3003 nomeu
830 2943 973 3000 Latinum?
996 2943 1060 3020 quid
1079 2951 1117 2996 nt·

647 3081 651 3088 .
672 3036 786 3090 tinuisse
805 3032 931 3089 Hernicis
954 3031 1033 3107 paulo
1057 3039 1118 3085 ante

671 3122 795 3179 hostibus
806 3123 878 3199 capti
887 3122 942 3196 agri
952 3129 1056 3197 partem
1066 3127 1117 3173 ter·

670 3213 737 3266 tiam
765 3210 857 3276 reddi,
896 3210 950 3264 nisi
985 3212 1036 3264 ut“
1068 3215 1117 3262 cet.

672 3296 786 3366 „Wozu
804 3299 844 3352 sei
868 3315 897 3350 es
919 3293 1013 3366 nothtg
1031 3312 1117 3366 geue·
1182 3316 1187 3327 ·

672 3387 754 3441 sen‘⁶.
784 3381 944 3456 Plerumque
962 3398 1026 3435 vero
1046 3377 1121 3452 quid

672 3472 778 3528 attinet
795 3468 867 3524 idem
885 3466 942 3522 sere
954 3465 1028 3542 quod
1045 3463 1121 3519 nihil

672 3559 777 3614 attinet
795 3554 929 3629 significat
946 3552 996 3624 (cl.
1017 3555 1058 3618 10,
1077 3553 1119 3609 13.

674 3642 734 3712 al),
763 3664 841 3719 quem
860 3642 894 3698 ud
912 3640 1021 3698 modum
1039 3658 1120 3714 saepe

675 3751 728 3786 nee
745 3733 848 3786 attinet
864 3732 1048 3806 scriptumest
1066 3728 1120 3796 (cx.

674 3836 714 3891 gr.
732 3820 759 3884 3,
776 3820 846 3888 36.).
860 3850 893 3860 -
911 3816 952 3874 M:
971 3816 1027 3890 pati
1046 3833 1120 3868 com·

675 3925 815 3982 senescere
827 3909 908 3964 uires.
926 3905 996 3962 Pru.
1013 3905 1050 3958 1.:
1064 3900 1121 3977 pati

676 4005 864 4050 consenesceret
893 3995 976 4050 uiros.
1012 4008 1047 4047 ιιι.
1082 3988 1121 4046 ’λι

676 4099 875 4138 consenescere.
