2618 4590
515 238 712 303 urmuu.
761 265 763 272 ,
810 283 818 291 .
1077 225 1164 295 Ι363

51 404 160 495 'quem
182 427 225 474 err
246 402 424 474 Molosside
446 403 600 472 [luentem
621 399 655 468 in
677 411 787 491 stagno
808 403 930 471 interna
951 402 1067 494 accipit
1080 401 1164 473 Tbe-

61 511 201 602 sprotius
231 510 329 577 sinus.
366 520 404 576 ut
428 519 572 578 ceterum
599 504 701 576 ferme
728 506 879 597 fugiendo
908 508 940 573 in
966 509 1070 576 media
1097 509 1164 581 iata

61 616 177 699 ruitur,
205 638 281 682 eum
311 638 409 705 saepe
436 612 577 685 Bruttias
602 609 814 702 Lucanasque
845 600 1001 702 legiones¹
1020 613 1164 697 fudisset,
1279 600 1282 618 ¹

59 705 519 789 Heracleam'tarennnorum
547 716 707 788 coloniam
730 709 937 787 Consentiam
965 741 1007 785 ex
1028 717 1164 787 Lucanis

60 822 523 914 Sipontumquessruttiorum
550 819 702 891 Terinam
731 820 808 895 alias
823 821 907 888 ¹inde
929 821 1194 914 Messapiorumt
1258 878 1259 885 ,

60 953 99 997 ac
113 928 317 1001 Lucanorum
340 927 479 1018 cepisset
498 924 606 1009 urbes,
628 936 662 1009 et
682 927 846 995 trecentas
862 927 999 1001 familias
1016 929 1165 998 inlustres
1258 966 1270 975 -

59 1032 92 1102 in
113 1033 262 1124 Epirum,
291 1056 372 1123 quus
394 1030 543 1103 obsidum
563 1053 698 1096 numero
720 1029 868 1117 haberet,
895 1033 1048 1117 misisset,
1077 1033 1186 1110 haud,
1231 1097 1238 1119 ,

60 1138 174 1228 procul
195 1136 352 1207 Pandosia
374 1134 454 1207 urbe
474 1132 650 1205 inminente
672 1134 809 1211 Lucanis
832 1159 870 1207 ac
891 1137 1031 1218 Bmttiis
1049 1137 1165 1205 linibus

60 1243 116 1309 tris
138 1243 280 1314 tumulos
302 1242 502 1332 aliquantum
523 1239 606 1307 inter
628 1261 664 1307 se
692 1239 845 1311 distantes
873 1241 1002 1326 insedit,
1031 1232 1073 1310 ex
1098 1241 1166 1334 qui

59 1349 120 1421 bus
137 1348 339 1443 ¹incursiones
361 1347 394 1417 in
417 1369 549 1415 ornnem
570 1356 696 1438 partem
719 1345 785 1439 agri
812 1346 937 1418 hostilis
964 1346 1094 1420 laceret.
1132 1358 1166 1416 et
1179 1352 1214 1414 1⁰

720 1545 871 1606 murinam
888 1546 1021 1623 integrum
1040 1557 1097 1618 est,
1117 1547 1167 1609 do·
1279 1547 1292 1559 ⁵

722 1632 779 1690 bito
798 1653 831 1693 an
844 1635 929 1710 prima
942 1655 1023 1691 manu
1036 1637 1167 1713 scriptum

721 1719 802 1778 luerit
823 1723 1012 1789 „consentiam
1035 1743 1069 1780 ox
1094 1720 1167 1780 luca-

720 1810 764 1864 nis
781 1809 977 1886 sipontumpuc
994 1811 1169 1869 aetermam

722 1895 916 1963 bruttiorum,
928 1916 988 1956 curn
1000 1896 1127 1953 mondum
1136 1916 1170 1958 ex

723 1976 776 2042 illa⁴
794 1981 944 2043 litterarum
972 1985 1170 2062 verborumque

724 2069 879 2135 metathesi,
903 2091 954 2146 qua
978 2079 1019 2129 tot
1039 2071 1092 2128 loci
1110 2091 1170 2128 cor·
1219 2139 1225 2147 Ι

80 1549 106 1610 2.
134 1542 579 1620 arcuerumfermemrrflsrtr.

129 1634 208 1695 Leid.
226 1653 244 1694 r.
269 1633 330 1693 cod.
348 1631 444 1693 Klocl.
462 1632 512 1707 el]
536 1653 579 1690 oc·

132 1729 220 1781 terum
238 1729 268 1778 nt
284 1721 377 1780 ferme.
413 1719 580 1789 Ct.8,19.:

81 1857 92 1868 .
130 1818 162 1865 nt
179 1818 206 1864 et
222 1809 276 1866 levi
293 1802 429 1866 mbmento
448 1816 500 1869 cet.
548 1818 550 1825 '

79 1899 106 1955 t.
135 1897 326 1955 Consentium
339 1915 379 1954 ear
389 1894 580 1960 Lucanisrl’,

15 2014 19 2025 ·
133 1982 178 2042 Cf.
193 1983 292 2040 Strabo
311 1985 337 2052 6,
357 1985 394 2045 ta
413 1981 582 2046 Kmvoswlu

130 2070 298 2146 μητρόπολις
306 2068 448 2145 Βρεττίων.
465 2068 581 2139 Lintu,

134 2161 177 2217 19.
195 2158 229 2221 al.
248 2189 282 2203 —
300 2157 332 2214 ln
347 2157 375 2218 lll
392 2157 494 2215 excidit
506 2159 581 2215 Con·

133 2247 260 2307 sentiam
277 2254 390 2323 propter
405 2246 483 2303 vocis
503 2247 582 2302 colo·

132 2335 214 2390 nium
230 2331 443 2393 similitudinem.
462 2364 497 2381 ν-
518 2330 583 2393 Plll:

133 2419 358 2501 Sipontumque.
394 2419 438 2479 Cl.
455 2421 506 2488 34,
524 2421 582 2478 ltus

134 2506 280 2584 Sipontum
298 2510 364 2567 item
383 2511 517 2582 inagnum
536 2507 583 2584 qui

134 2595 301 2671 Arpinorum
332 2597 419 2655 luerat
450 2594 585 2653 coloniam

138 2685 239 2740 civium
256 2682 440 2741 Romanorum
451 2713 486 2725 ·-
501 2681 585 2738 dedu·

134 2779 241 2828 xerunt.

81 2860 110 2920 5.
138 2856 324 2916 Bruttiorum
359 2856 513 2920 Terinam:
550 2873 584 2912 cx

138 2946 209 3007 coni.
221 2943 278 3019 sig.
297 2942 340 3004 (ll.
352 2943 452 3000 Strabo
470 2945 497 3011 6,
510 2944 535 3002 1.
548 2972 590 2989 -ψ

136 3029 178 3094 ld:
203 3030 367 3092 bruttiorum
385 3030 548 3088 acrentinam
560 3027 583 3104 Ι.

135 3116 159 3174 P
170 3117 245 3180 Harl.
256 3139 274 3178 1.
289 3117 366 3184 Leid.
380 3138 397 3179 r.
415 3117 475 3176 ood.
487 3115 584 3176 Klocl.

74 3195 80 3219 l
139 3204 585 3268 al.rbruttiorumocerinam.Por·

139 3301 210 3366 iuga
238 3296 436 3353 acerrimorum.
463 3293 542 3350 Voss.
559 3311 586 3356 n,

138 3378 207 3438 Lov.
226 3381 267 3435 b:
285 3383 427 3438 acerniam.
445 3411 478 3429 u·
507 3379 540 3436 si
556 3378 587 3438 id

141 3465 216 3543 quod
237 3467 265 3524 in
285 3466 313 3527 lll
334 3468 471 3527 invenitur
492 3486 587 3524 verum

32 3560 59 3628 ᾗ
142 3563 192 3620 cst,
212 3572 310 3610 nomen
329 3555 404 3611 urbis
421 3553 590 3632 Argentam'

142 3639 193 3712 (cl.
222 3638 285 3702 Lir.
321 3643 370 3708 30,
400 3644 458 3710 19.)
494 3638 588 3700 eodem

141 3728 240 3787 mendo
261 3748 316 3807 qno
334 3727 415 3804 paulo
434 3736 496 3784 ante
514 3724 589 3784 Con·

143 3818 269 3874 serrtinm
291 3817 509 3891 praetermissum
530 3833 590 3870 esso

144 3904 275 3971 arbitror,
312 3924 445 3984 manuque
481 3903 590 3978 antiqua

89 4029 91 4033 -
145 3992 275 4066 scriptum
297 3990 381 4050 luisse
404 3991 589 4058 „bruttiorum

145 4086 315 4152 argentorum
334 4098 370 4134 oc
387 4079 589 4136 rertnam‘tasi

724 2157 798 2232 rupti
821 2167 898 2225 suut,
925 2178 1010 2234 aeque
1032 2158 1169 2217 meloto
1276 2214 1280 2218 .

724 2252 812 2301 ortum
825 2264 886 2301 esse
896 2249 984 2323 possit
992 2240 1072 2323 atquo
1081 2249 1126 2316 22,
1134 2249 1170 2315 8.,

724 2318 779 2409 buo
795 2329 857 2386 loco
875 2333 905 2388 in
928 2335 1038 2412 optimis
1058 2335 1170 2412 quibus-

725 2437 777 2500 que
794 2421 931 2498 mseriptis
954 2442 1009 2490 „ae
1029 2421 1172 2497 penatibus

724 2524 775 2581 pro
799 2507 866 2562 urbe
888 2507 1070 2570 dimicandum
1089 2513 1177 2566 sawt

724 2590 846 2666 legimns,
858 2615 919 2653 cnm
931 2595 1104 2658 scribendum
1116 2596 1171 2654 lue·

726 2682 764 2740 rit
790 2700 861 2756 „pro
884 2683 952 2741 urbe
975 2704 1007 2741 ac
1029 2685 1172 2767 penatibus

726 2766 908 2824 dimicandum
918 2774 1003 2834 esse“‚
1016 2768 1060 2832 cf.
1069 2770 1100 2829 Τ.
1110 2771 1172 2829 Livi

724 2849 744 2908 l.
762 2873 824 2915 xxx.
841 2875 869 2932 p.
887 2872 968 2919 uxvu.
987 2875 1044 2916 vur.
1063 2889 1097 2901 -
1122 2857 1172 2918 ΡΜ

726 2936 800 2997 llarl.
818 2959 836 2998 1.
854 2940 931 2998 Leid.
944 2962 961 3002 1.
985 2942 1045 3009 cod,
1064 2942 1172 3003 Klool.=

726 3025 792 3084 olias
805 3028 869 3089 inde
880 3032 1080 3109 nasscpiorun
1092 3052 1124 3088 ac
1132 3029 1173 3091 lu·
1284 3046 1286 3053 ’

726 3133 861 3182 canorum.

675 3248 701 3307 7.
729 3266 806 3324 quos
824 3249 961 3307 obsidum
981 3270 1104 3313 nurnero
1122 3249 1174 3307 Iur-
1277 3301 1289 3315 ,

728 3335 824 3397 beret:
843 3334 899 3396 PM.
921 3367 957 3382 ·-
978 3335 1103 3400 Harl.1.:
1128 3338 1176 3394 ob

728 3421 838 3484 sidium.

677 3556 703 3612 9.
729 3555 786 3608 tris
813 3553 958 3610 tumulos:
985 3552 1036 3616 ΡΜ
1065 3545 1142 3615 Harl.
1156 3573 1175 3616 1.
1291 3593 1295 3599 ·

729 3638 849 3712 Leid,1.]
868 3649 923 3697 tres
940 3641 1066 3702 tumulos.
1092 3642 1136 3702 Ci.
1149 3646 1177 3711 7,

731 3728 790 3788 ln:
808 3729 858 3783 tris
876 3737 904 3783 et
915 3730 1009 3803 viginti
1027 3751 1112 3786 arrnos
1130 3751 1177 3787 ua·
1208 3739 1212 3751 '

731 3824 783 3876 tus.
812 3847 846 3856 -
877 3815 959 3872 Paulo
983 3816 1200 3882 antoLcid.1,'
1249 3870 1255 3878 .

732 3901 810 3960 Voss.
819 3921 846 3963 u.
864 3902 911 3963 al.:
930 3923 974 3972 „o
991 3903 1100 3976 bruttiis
1117 3904 1178 3962 fini-

731 3989 816 4051 bus“;
849 3989 982 4066 pauloque
1008 4001 1072 4070 post
1095 3991 1179 4057 iiten

732 4079 971 4147 „incursionem“.
