2618 4590
111 248 178 319 590
578 254 689 319 LIBER
705 257 741 320 X

111 435 236 517 gratum
256 420 435 512 Aequicum
456 420 593 490 benum:
630 421 788 490 colonium
816 444 909 514 aegre
938 420 1113 513 patientes
1141 423 1223 493 velut

112 552 219 598 erccru
240 527 308 596 suis
328 525 445 594 {inibus
466 526 638 619 inpositum
658 549 784 595 summe
807 526 1046 617 viexpugnere
1071 528 1182 598 adorti
1191 529 1225 595 ub

113 635 190 728 ipsis
217 632 341 702 colonis
368 632 540 723 peliuntur.
576 642 720 699 ceterum
752 642 877 700 tentum
903 631 1034 700 Romae
1072 643 1224 701 terrorem

114 741 229 822 iecere,
250 736 326 828 quia
347 736 402 806 vix
424 735 574 804 credibile
596 747 751 805 crottum
773 736 905 806 adfectis
926 738 1029 806 rebus
1054 738 1155 807 solos
1175 763 1224 830 per

82 854 149 914 ose
163 844 295 935 Aequos
318 843 359 910 ed
381 841 505 910 bellum
525 851 665 925 coortos,
685 854 723 911 ut
743 841 898 911 tumultus
914 841 986 910 eius
1010 864 1121 913 ceusu
1140 843 1222 912 dicu

111 962 163 1020 tor
186 949 344 1018 diceretur
365 947 403 1016 Ο.
425 945 533 1016 lunius
554 943 734 1017 Bubulcusr
757 970 833 1016 cum
853 947 899 1016 M.
920 946 1048 1016 Titinio
1075 949 1221 1040 magistro

179 1080 201 1141 l.
209 1079 255 1140 fr.
265 1079 419 1150 Gronovius
428 1077 536 1157 quidem
546 1077 626 1134 Mar·

178 1170 223 1226 eis
240 1167 324 1224 scribi
341 1164 428 1223 voluit
445 1173 476 1222 ut
489 1183 541 1221 unu
559 1183 626 1222 voce

179 1255 321 1330 utrimque
332 1249 451 1310 consolis
463 1271 627 1330 praenomen
645 1298 648 1303 .

179 1342 374 1418 exprimeretur
400 1342 447 1410 (4,
473 1341 546 1409 48.)ε
576 1339 626 1397 sed

178 1428 252 1507 quod
264 1438 337 1486 reete
349 1448 379 1484 se
391 1426 514 1497 babebat,
532 1428 556 1483 ei
571 1426 625 1485 dno

178 1516 302 1573 homines
324 1516 444 1573 eiusdem
466 1516 553 1592 gentis
576 1534 625 1581 no,-

176 1602 298 1663 minundi
316 1612 400 1672 erent,
420 1611 452 1659 nt
469 1604 625 1682 praemissis

178 1691 222 1751 vel
240 1692 401 1768 postpositis
416 1689 531 1747 diversis
549 1709 625 1764 pree·

176 1778 334 1838 nominibus
365 1796 448 1835 unum
483 1796 625 1839 commune

175 1865 341 1943 gentilicium
358 1884 458 1922 nomen
471 1863 624 1933 adderetur,

175 1954 206 2012 td
223 1953 339 2011 diversis
356 1951 480 2026 gentibus
501 1953 530 2010 in
548 1972 624 2030 pree·

175 2040 331 2099 nominibus
343 2037 537 2116 coniungendis
549 2061 565 2095 e
576 2036 623 2097 Li·

174 2130 220 2186 vio
239 2126 338 2184 fectum
355 2146 412 2184 non
428 2125 561 2187 videmus.
582 2128 623 2184 sic

154 2217 307 2292 ‘seriptum
323 2222 366 2270 eet
383 2214 428 2282 42,
439 2215 466 2272 d.
483 2213 542 2288 „Q
554 2222 581 2270 et
589 2211 622 2274 L.

174 2300 330 2380 Apuleios“
348 2296 517 2368 (Laurieb.),
536 2303 580 2370 27,
594 2302 622 2362 6.

174 2387 231 2458 „C.
249 2397 276 2444 et
286 2385 318 2445 L.
330 2387 439 2442 Arriani
445 2391 462 2419 ‘⁸
481 2385 574 2458 (Put.)
586 2389 620 2447 ul.

173 2475 224 2532 sed
245 2474 341 2530 eodem
367 2473 420 2529 boe
446 2471 531 2529 eltero
558 2474 619 2530 leco

156 2554 233 2638 '„Q.
254 2560 379 2618 Fulvium
401 2569 429 2616 et
450 2559 486 2634 Q.
506 2559 620 2620 Fabium

171 2650 320 2708 eonsules“
337 2650 458 2724 legimus.
480 2648 516 2707 ci.
535 2651 561 2718 d,
579 2653 619 2709 7.:

172 2739 303 2796 interrex·
317 2735 441 2795 musuleo
469 2745 543 2793 creat
568 2734 622 2794 Lu·

171 2828 244 2885 cium
269 2825 407 2904 Papirium
434 2822 467 2884 L.
492 2822 620 2902 Sempro·

171 2914 384 2982 nium,7,12·.r
411 2913 476 2969 novi
495 2910 619 2973 consules

171 3001 205 3060 0.
235 2998 334 3056 Febine
363 3007 391 3054 et
421 2999 455 3057 G.
486 2997 617 3067 Plautius,

153 3093 197 3154 ·8,
212 3089 266 3142 19.:
284 3086 366 3142 erecti
384 3082 508 3141 eonsules
524 3084 556 3144 L.
567 3085 617 3143 Pe·

169 3175 256 3253 piriue
269 3202 302 3215 -··
313 3170 346 3231 L.
365 3169 494 3240 Plautius,
511 3175 540 3241 9,
557 3175 614 3233 ro:

35 3239 38 3243 Ι
167 3261 199 3322 P.
209 3260 330 3339 Sulpicio
341 3257 540 3336 P.Sernpronio
551 3279 614 3318 eon·
688 3296 691 3301 -

167 3348 283 3407 solibus:
302 3349 346 3415 30,
359 3349 398 3406 1.:
417 3345 469 3404 Cn.
481 3345 614 3405 Servilius

99 3460 103 3465 ·
166 3435 385 3497 etC.Serviiius
403 3453 473 3492 coss.
491 3431 613 3502 (nivi

166 3524 185 3583 l.
202 3544 266 3584 xxx.
285 3544 314 3601 p.
338 3523 417 3590 nvn).
447 3520 481 3579 ei.
503 3539 613 3599 quoque

134 3613 198 3680 αὔ,
215 3613 274 3671 Pb:
300 3610 394 3680 „dnus
411 3605 523 3666 Publius
541 3606 611 3666 Cor·

124 3694 137 3741 ἶ
163 3696 253 3754 nelios
270 3726 304 3743 -
322 3697 441 3756 Cossum
461 3704 489 3752 et
504 3694 610 3775 Scipio·

164 3787 305 3860 pionem“.
328 3781 362 3843 el.
390 3814 424 3826 -
453 3781 485 3840 In
508 3783 610 3844 eod.P

164 3873 330 3929 invenimus:
348 3875 405 3941 „rin
422 3869 489 3929 linio
502 3871 608 3929 dentice

163 3958 270 4016 aemilio
288 3956 410 4029 eoniifl,
426 3962 455 4017 in
468 3958 496 4016 bi
513 3963 560 4030 (et
577 3960 606 4015 in

153 4042 240 4105 'Leid
256 4064 274 4105 1.
289 4044 357 4105 Pell.
375 4048 400 4106 1.
417 4049 444 4106 3.
462 4045 606 4123 multisque
628 4110 632 4114 ⁴

161 4130 245 4192 Drair.
263 4129 372 4204 codd.):
390 4126 604 4211 „miminden-

765 1079 836 1137 trice
848 1077 955 1135 aemilio
968 1084 1115 1138 conifi.“=
1132 1079 1181 1138 sed
1196 1078 1221 1136 il·

767 1163 816 1225 lud
838 1167 969 1225 dentrice
993 1165 1107 1226 sactum
1126 1167 1221 1225 videtur

767 1275 802 1313 ex
819 1254 922 1312 duobus
935 1256 1103 1313 coniunctis
1115 1258 1220 1332 scripte

765 1344 806 1400 ris
827 1342 927 1399 deutri
943 1339 988 1399 vel
1013 1342 1146 1413 dentre,
1169 1361 1220 1400 eun

765 1451 783 1488 e
800 1426 869 1488 male
880 1427 1049 1486 scriberetur
1060 1451 1120 1510 pro
1133 1432 1156 1501 t,
1173 1431 1220 1487 nisi

767 1516 838 1576 forte
860 1516 887 1575 ic
909 1515 1045 1601 scriptum
1072 1529 1121 1576 est
1138 1536 1219 1598 pron

765 1602 810 1663 vel
832 1622 861 1660 m
881 1612 913 1661 nt
930 1605 979 1672 10,
999 1605 1028 1663 3.
1055 1603 1091 1661 in
1116 1606 1219 1662 nomine

765 1693 895 1752 cilnium.
929 1689 961 1747 ln
984 1688 1049 1748 cod.
1069 1691 1218 1769 Kloebiano

764 1781 897 1856 scriptum
913 1796 973 1835 esee
991 1776 1102 1838 dicitur
1121 1779 1157 1858 Q.
1168 1780 1218 1837 Ae·

764 1868 856 1936 milio,
873 1867 902 1922 in
915 1873 1131 1942 quattuorrecc.
1140 1866 1217 1924 Drai.

764 1952 844 2011 codd.
856 1952 888 2012 C.
893 1953 1022 2023 Aemilio
1032 1954 1143 2033 :idque
1149 1954 1218 2012 Caio

765 2059 860 2099 verum
873 2059 932 2097 esee
943 2050 1047 2119 potest,
1065 2061 1134 2100 cunr
1145 2061 1216 2120 pree·

763 2128 873 2184 nomina
892 2127 924 2187 C.
942 2137 970 2185 et
989 2129 1054 2188 Tib.
1074 2128 1115 2186 eb
1129 2129 1214 2186 Aemi·

763 2211 800 2272 lie
818 2224 896 2292 gente
914 2233 971 2272 nou
981 2234 1115 2294 'proreua
1132 2215 1212 2273 aliene

760 2303 832 2371 sint,
859 2321 1021 2380 quamquem
1037 2306 1212 2383 praenomine

696 2448 700 2453 ,
762 2389 797 2449 L.
820 2399 849 2446 et
868 2390 910 2453 M.
936 2388 1023 2448 multo
1050 2393 1164 2477 saepius
1183 2393 1210 2446 in

761 2474 813 2532 bac
823 2484 901 2552 geute
910 2479 1093 2554 reperiuntur.
1107 2509 1139 2522 -
1152 2477 1209 2535 Pu:

760 2563 971 2640 redintegratum
993 2565 1140 2643 aeqnienm
1156 2563 1207 2622 bel·

760 2649 826 2710 lum.
844 2650 920 2712 Leid
932 2671 962 2712 nr
981 2656 1115 2730 equiturn.
1141 2651 1206 2711 Reli.

762 2737 854 2798 oodd.=
864 2757 1028 2816 aequorum.

675 2866 680 2873 “
702 2865 733 2926 ’1.
750 2886 852 2948 'aegre
870 2873 1034 2946 patientes:
1056 2866 1095 2932 P.'
1111 2900 1147 2916 -
1167 2869 1204 2928 b:

758 2974 861 3030 aegrae.
880 2989 915 3003 -
932 2957 956 3014 P
972 2978 1007 3018 nr.
1028 2961 1067 3018 1.=
1084 2958 1120 3015 ad
1139 2961 1204 3033 ipeie

758 3031 871 3104 eodonis.
893 3064 929 3104 nr.
947 3046 987 3104 2:
1004 3044 1049 3107 ab.
1067 3076 1103 3088 -
1121 3044 1203 3103 Paulo

756 3139 821 3206 post
837 3128 860 3186 P
878 3151 913 3191 m.
933 3135 972 3192 1.:
996 3132 1123 3190 credibili
1141 3143 1203 3190 erat.

754 3234 791 3275 ru.
809 3218 850 3279 ΞΑ
869 3218 1006 3283 credibile.
1023 3251 1060 3263 -
1080 3219 1105 3277 P
1122 3242 1160 3281 ru.
1177 3225 1201 3282 2.

755 3301 796 3360 Mt
824 3306 962 3369 cohortos.
996 3306 1020 3367 Ρ
1035 3328 1073 3371 m.
1096 3311 1136 3372 1.=
1158 3329 1202 3368 co·

753 3388 853 3454 bortes.

698 3521 726 3581 e.
749 3541 817 3581 eum
833 3525 874 3589 ur.
896 3497 1002 3585 resne
1019 3532 1100 3610 mag.
1117 3530 1198 3605 aqut·

750 3618 814 3668 tum
830 3613 1003 3688 prefectus.-
1022 3614 1075 3674 Pu
1088 3614 1167 3676 Leid.
1180 3637 1197 3676 ι.

750 3696 800 3770 ab]
824 3700 851 3766 ie
878 3721 939 3759 cum
960 3701 996 3761 bl.
1018 3698 1123 3762 Titinio
1147 3713 1195 3764 eet.

748 3785 827 3856 (cod.
845 3786 902 3864 sig.
919 3786 977 3859 Pul.
988 3806 1017 3851 u.
1035 3791 1138 3870 aliique
1155 3812 1195 3849 re·

749 3875 896 3935 mutuaturi
914 3876 1021 3945 codd).
1039 3878 1085 3938 Gi.
1098 3883 1125 3948 9,
1136 3882 1194 3939 tta

681 4011 686 4017 .
745 3960 884 4036 profectus
912 3965 948 4022 ud
976 3965 1131 4029 Nuceriam.
1160 3998 1193 4010 -

736 4046 782 4105 'Pr
808 4071 888 4130 quern
914 4055 972 4114 ene.
983 4090 986 4095 ι
998 4064 1121 4115 uouerat.
1153 4051 1192 4113 u:

746 4140 821 4201 coni.
