2780 4720
552 321 661 384 LIBER
678 323 713 384 X.
1122 311 1189 379 669

91 511 178 572 esse,
205 489 273 558 sive
293 488 392 556 iuncti
414 511 514 556 unum
535 492 681 577 premunt
702 486 769 560 sire
791 486 906 555 diversi
927 497 1036 577 gerant
1056 485 1188 571 helhum,
1206 511 1209 524 ·

71 615 131 688 'ne
153 592 194 660 ad
216 595 322 662 omniu
345 594 439 662 simui
462 591 550 668 obire
572 614 656 658 unus
678 615 743 660 nun
771 592 887 682 possit:
921 591 1000 657 duas
1022 613 1057 658 se
1079 592 1122 658 ibi
1143 592 1187 660 le·

88 697 198 785 giones
220 698 381 766 Romanas
403 696 569 786 reliquisse
591 707 632 786 eq
645 696 751 762 minus
773 695 913 786 quinque
935 695 1021 762 milia
1043 695 1187 786 peditum
1270 681 1275 690 Δ

89 801 297 892 equitumque
320 825 395 869 cum
408 801 508 868 Fabiu
530 800 670 868 venisse:
693 799 752 868 sibi
768 796 895 890 placere
908 801 944 867 P.
959 799 1098 867 Decium
1112 823 1186 867 con-

89 904 193 971 suiem
215 906 318 995 primu
341 929 471 996 quoque
493 915 640 995 tempore
661 903 694 970 in
708 903 867 970 Etruriam
889 904 930 971 ari
945 904 1102 994 collegam
1115 927 1186 994 pru·
1204 918 1222 974 5

88 1007 201 1091 ficisci,
229 1009 266 1076 L.
289 1009 462 1080 Volumnio
486 1009 653 1077 Samnium
679 1009 874 1098 provinciam
902 1007 983 1074 daria
1019 1007 1046 1076 si
1073 1007 1187 1075 consui

87 1112 177 1179 malit
198 1113 231 1179 in
252 1137 344 1180 suam
366 1113 562 1203 provinciam
583 1114 643 1195 ire,
671 1112 881 1179 Volumnium
907 1112 939 1178 in
961 1111 1120 1180 Etruriam
1145 1113 1186 1178 ad

88 1218 254 1286 consulem
277 1241 351 1286 cum
372 1218 515 1285 exercitu
537 1218 622 1284 iustu
645 1205 986 1307 consulari'pr'uircisci.
1025 1240 1098 1284 cum
1121 1237 1186 1282 ma-

86 1345 182 1410 gnam
204 1334 327 1412 partem
349 1333 495 1390 moveret
517 1322 617 1390 oratio
633 1321 797 1411 praeturis,
817 1321 854 1388 P.
868 1313 1006 1388 Decium
1024 1320 1186 1387 censuisse
1275 1361 1278 1366 -
1387 1325 1388 1380 i

85 1421 192 1492 ierunt
212 1437 249 1493 ut
271 1424 377 1494 omnia
398 1423 519 1516 integra
543 1450 580 1493 ac
602 1425 701 1493 libera
724 1425 764 1511 Q.
781 1419 880 1491 Fabiu
902 1432 1109 1508 servarentur,
1132 1425 1186 1491 du·
1200 1441 1234 1495 10
1356 1493 1360 1508 ,

86 1555 148 1598 nec
173 1530 225 1598 vei
246 1530 329 1620 ipse,
357 1523 385 1594 si
405 1553 464 1619 per
492 1529 699 1598 commodum
727 1528 774 1595 rei
800 1527 947 1619 pubiicue
974 1540 1097 1619 posset,
1124 1529 1186 1596 Ro·

85 1659 174 1700 mam
195 1635 334 1702 venisset
355 1633 408 1700 vei
430 1634 571 1724 aliquam
593 1656 633 1701 ex
655 1632 768 1722 legatis
790 1631 936 1714 misisset,
959 1657 977 1698 a
1000 1657 1065 1723 quo
1088 1631 1185 1701 disce·
1250 1625 1251 1632 ¹

85 1749 136 1805 ret
157 1749 284 1805 senatus
308 1747 462 1828 quantum
485 1736 517 1802 in
531 1735 657 1804 Etruria
678 1735 755 1803 beili
777 1746 862 1804 esset
878 1736 1068 1828 quantisque
1090 1737 1185 1804 admi-

85 1841 282 1908 nistrandum
305 1841 405 1931 copiis
428 1853 460 1908 et
482 1851 563 1932 quui
583 1863 642 1931 per
663 1840 762 1906 duces
785 1852 879 1910 esset.

172 1941 292 2013 XXVI.
336 1941 462 2012 Fabius
475 1956 511 2013 ut
531 1943 670 2044 Rumam
689 1938 780 2029 redit,
802 1956 836 2014 et
856 1943 889 2012 in
917 1949 1030 2014 senatu
1060 1956 1094 2013 et
1114 1963 1234 2041 pru-15

46 2051 62 2078 s
86 2045 201 2118 ductus
224 2051 263 2116 ad
285 2049 443 2141 populum
464 2041 603 2118 mediam
631 2043 809 2118 orationem
834 2041 960 2134 hebuit,
988 2063 1025 2117 ut
1051 2073 1186 2120 nec'au-

156 2177 244 2237 iittera
263 2179 408 2246 sincium,
427 2189 454 2236 et
468 2181 496 2236 in
509 2180 530 2236 Ρ
543 2201 601 2259 per·

156 2272 264 2345 antiqua
290 2288 370 2324 manu
399 2287 448 2325 um
470 2270 600 2344 seriptum

156 2375 237 2433 supra
256 2375 299 2412 ue.
329 2353 393 2410 inde
411 2356 509 2412 iactum
528 2356 600 2413 vide·

154 2452 211 2510 tur,
241 2449 271 2498 ut
300 2443 328 2497 in
355 2439 489 2502 Draienb.
521 2442 599 2504 codd.

156 2528 280 2585 omuibus
305 2530 468 2586 scriberetur
486 2532 600 2604 pericu·

156 2619 262 2674 lucum.
281 2613 315 2674 ci.
334 2637 374 2677 ex.
393 2635 431 2691 gr.
451 2619 494 2684 10,
512 2613 552 2675 7.:
570 2616 600 2672 it

156 2721 216 2758 esee
237 2700 385 2778 perieulum
409 2724 443 2758 ue
459 2723 521 2758 suas
540 2723 600 2778 pre·

156 2807 201 2846 ees
214 2790 300 2844 minus
311 2789 434 2844 audirent
444 2789 491 2846 dii.
503 2791 547 2857 31,
556 2791 600 2849 31.

122 2918 130 2936 .
156 2880 222 2934 siue
236 2877 352 2933 diuersi
359 2872 600 2954 gerantbellum:

58 3035 60 3040 Ι
155 2963 205 3021 Piii
224 2961 273 3035 ui]
296 2966 355 3022 sive
377 2962 406 3019 id
428 2961 528 3018 diversi
550 2973 601 3023 cet.
638 2965 640 2974 ’

158 3077 190 3094 ··
200 3049 250 3106 ΡΜ
262 3049 323 3110 cuti.
335 3048 408 3106 Geir
426 3069 460 3106 ne
470 3049 503 3105 ad
513 3052 601 3107 omniu

156 3136 237 3196 simul
255 3138 332 3194 ubire
344 3156 413 3193 uuus
426 3157 480 3193 nun
499 3137 554 3209 (ih
566 3145 601 3204 n)

156 3225 252 3302 pessit.
293 3222 364 3281 Curia
390 3214 479 3282 flartj':
505 3241 539 3280 ne
566 3225 602 3281 ud

157 3312 246 3368 omniu
273 3309 354 3367 simui
378 3310 452 3366 adire
476 3321 502 3367 et
525 3311 601 3369 ubire

157 3407 208 3458 eei.
238 3397 283 3457 Gi.
300 3400 344 3466 31,
362 3399 418 3457 ut:
437 3407 545 3476 praeter
562 3418 603 3457 ue·

137 3500 141 3507 “
158 3503 219 3542 eum
238 3484 306 3541 duos
319 3484 419 3558 ieguius
431 3515 465 3526 ·-
478 3485 602 3554 habebut,

157 3593 217 3630 cum
236 3570 334 3649 quibus
351 3573 557 3648 circumspicere
575 3582 603 3628 et

158 3657 234 3717 ubire
251 3659 286 3716 ad
299 3661 387 3716 umnis
398 3659 515 3715 huetium
528 3659 602 3715 suiri-

155 3754 200 3802 tus
224 3755 335 3804 cunutus
362 3756 463 3824 puscet.
490 3775 524 3788 -
552 3745 602 3803 Pii

157 3831 205 3889 ui:
233 3842 283 3901 „et
306 3835 403 3890 minua.
425 3853 452 3892 re
478 3831 601 3910 puditum

155 3921 328 4000 equitumque
346 3939 407 3977 cum
422 3919 496 3976 iubiu
513 3922 600 3978 uenis·

155 4012 223 4062 uet‘a
258 4025 339 4082 supra
369 4010 441 4064 enim
470 4009 600 4085 seriptum

155 4101 213 4149 erut
230 4103 378 4169 „quattuor
395 4092 467 4150 miiiu
479 4093 600 4172 peditum

155 4188 184 4235 et
199 4189 335 4236 sorrentu·
357 4183 461 4257 equites
480 4181 600 4238 seribere

742 2181 770 2238 in
789 2182 878 2238 unimu
897 2185 968 2240 est“.
987 2178 1056 2239 Coti.
1069 2181 1124 2258 sig.
1138 2181 1186 2241 ui:

742 2271 915 2346 equitumque
937 2267 1010 2325 mille
1034 2289 1094 2326 cum
1113 2269 1185 2326 iabiu

743 2365 794 2414 eet.
825 2352 902 2415 [reid.
924 2373 941 2414 ι.
975 2356 1055 2415 Vuae.
1081 2375 1107 2416 ιι.
1132 2355 1185 2414 ai:

741 2444 914 2520 equitumque
940 2445 987 2520 qui
1010 2461 1074 2500 uum
1104 2443 1185 2502 iabiu.

741 2528 822 2588 Reec.
845 2529 954 2606 quidam
977 2531 1070 2590 codri:
1093 2540 1120 2586 et
1136 2531 1185 2587 mi·

740 2637 792 2673 uua
818 2617 1084 2693 quinquennium
1110 2618 1186 2695 pedi·

740 2713 798 2784 tutu
820 2712 871 2760 eet.
901 2701 944 2760 Gi.
963 2707 1017 2771 ⁴24,
1039 2706 1097 2762 11.ι
1124 2702 1186 2782 pius

741 2785 814 2843 miiie
832 2787 970 2844 huminum
989 2799 1103 2866 capturus

689 2873 716 2932 1.
742 2867 973 2932 Volumnium'in
981 2877 1135 2932 Etruriam
1144 2875 1188 2933 ud

743 2963 894 3020 consulem
911 2982 975 3018 cum
994 2967 1126 3020 exercitu
1144 2965 1186 3020 iu·

744 3057 791 3104 utu
803 3050 1126 3126 cunauiurr'proficiecie
1139 3048 1187 3106 Pul

743 3135 802 3196 reli.
820 3165 854 3180 -··
872 3135 951 3194 Unus
968 3136 1041 3194 Euri.
1060 3136 1132 3196 curia
1153 3136 1187 3196 L.

742 3217 915 3282 Volumnium
927 3234 977 3282 eet
987 3247 1021 3268 ’-
1032 3223 1115 3281 Pauiu
1125 3235 1188 3302 pust

741 3307 765 3366 P
782 3332 818 3370 m.
838 3315 875 3369 i.:
894 3331 954 3368 eum
972 3331 1065 3387 magna
1080 3316 1108 3368 in
1126 3332 1187 3393 par·
1272 3375 1274 3378 ,

743 3407 798 3454 tem
810 3408 931 3455 mouerat
943 3402 1029 3456 uratiu
1039 3406 1081 3478 q‘n't
1100 3417 1135 3459 m.
1148 3400 1186 3457 Ἅι

744 3491 837 3560 magni
860 3487 971 3571 [uriam.
998 3485 1037 3543 iii:
1067 3495 1188 3544 moueret

742 3574 829 3629 uratia
846 3583 899 3653 ptr.
918 3595 952 3616 -·-
971 3571 1031 3630 Pii:
1051 3583 1080 3630 ut
1098 3574 1187 3630 omniu

743 3661 845 3734 integre
864 3680 895 3717 aa
912 3659 996 3718 libera
1009 3669 1035 3740 q.
1048 3661 1119 3718 fabio
1131 3679 1187 3716 uer-

742 3757 877 3807 uarentur.
896 3745 995 3809 Leidn.
1008 3749 1069 3809 eud.
1082 3747 1186 3805 Thuun.

742 3832 809 3893 Pali.
833 3837 857 3894 1.
876 3837 902 3895 ii.
929 3836 1005 3896 Voss.
1024 3852 1052 3896 ιι.
1075 3833 1142 3892 Lur.
1160 3835 1186 3892 i.

742 3919 790 3981 ultr
809 3932 1016 3983 reseruareutur.
1035 3955 1069 3966 -
1087 3921 1148 3979 Pii:
1161 3923 1186 3979 si

741 4027 791 4084 per
808 4010 977 4067 commodum
994 4013 1062 4089 reip.
1073 4017 1174 4086 posset.

672 4096 715 4156 15.
742 4095 910 4154 utliomum
922 4097 1015 4154 redit:
1032 4097 1074 4171 iii]
1093 4106 1123 4154 ut
1131 4096 1186 4153 tto-

740 4203 811 4242 ruant
829 4183 909 4242 rediit
927 4183 989 4256 (P).
1012 4182 1056 4244 Gi.
1074 4181 1115 4267 ¹1¹.x
1125 4181 1185 4272 Livi
