2618 4590
164 242 229 319 166
477 258 483 277 ⁸
621 264 729 324 uteru
745 264 803 325 vu.

162 438 280 518 tueque
313 429 419 495 esset?
456 428 580 496 silentio
609 428 694 496 laeto
722 429 843 522 templa
877 429 1010 496 deorum
1045 427 1262 494 inmortalium

164 555 246 622 quoe
268 532 339 599 foro
361 530 515 600 inminent
531 526 786 624 Capitoliumque
801 534 976 625 intuentem
999 544 1032 601 et
1047 556 1159 599 manus
1176 558 1262 599 nuno

164 636 197 702 in
219 637 345 703 coelum
366 660 452 704 nunc
474 638 507 703 in
528 649 673 728 patentes
694 649 796 705 terroe
818 639 922 706 hiatus
952 639 1030 705 deos
1057 662 1168 704 manes
1191 661 1263 727 por-

164 726 376 831 rigentem'se
397 742 578 826 demisisse,
613 767 763 835 equoque
785 743 899 811 demde
926 765 1024 831 quam
1048 750 1175 833 poteret
1197 765 1262 806 ma-

126 844 247 911 txime
271 857 424 913 exornato
446 846 636 915 insidentem
657 858 813 915 onustum
835 872 871 916 se
886 848 920 914 in
934 869 1068 936 specum
1088 845 1261 912 inmisisse:

49 1000 53 1017 .
165 949 316 1040 donaque
340 974 377 1017 ee
399 951 505 1041 fruges
528 976 625 1042 super
647 977 723 1049 eum
738 978 756 1018 n
771 952 972 1019 multitudine
986 951 1125 1018 virorum
1143 975 1180 1017 ac
1194 975 1263 1016 rnu-

33 1112 38 1123 ,
161 1053 275 1121 lienum
304 1066 469 1145 congestas
496 1055 668 1148 lacumque
697 1055 842 1122 Curtium
875 1079 942 1123 non
970 1055 1010 1121 ab
1046 1056 1177 1146 antiquo
1205 1055 1262 1121 illo

126 1150 131 1161 ⁸
161 1157 226 1225 Titi
241 1159 315 1226 Tati
336 1159 438 1227 milite
460 1159 571 1229 Curtio
585 1162 698 1231 lllettio
720 1162 777 1230 sed
800 1161 840 1231 ab
863 1160 927 1228 hoe
948 1160 1153 1250 appellatum.
1186 1183 1262 1226 oure

231 1288 385 1346 dubitantes
403 1288 439 1349 tt.
463 1289 575 1349 Curtius
597 1313 676 1370 quee-

208 1372 211 1381 ’
231 1377 326 1446 nendo,
344 1397 408 1434 num
427 1375 510 1446 ullum
526 1377 677 1439 Romanum

232 1464 332 1530 bonum
355 1468 439 1542 ungis
456 1465 607 1524 Romanum
629 1467 675 1522 he·

231 1551 290 1608 beri
312 1565 406 1629 posset
427 1574 509 1632 «Ῑιιεει
532 1573 604 1611 orme
621 1554 678 1613 rin«

229 1648 336 1716 tneque.
367 1640 432 1697 lreec
450 1643 522 1698 enim
542 1642 601 1716 ipsa
619 1649 677 1696 erat

231 1747 310 1784 eausa
327 1736 358 1789 ut
381 1730 453 1785 cives
472 1727 569 1786 Curtio
586 1748 676 1806 repre·

229 1813 675 1891 hendendividerontur‚quodnon

217 1903 321 1957 ntetim
356 1899 565 1970 intellexissent,
601 1899 675 1957 nullo

228 1989 301 2046 bono
329 1986 390 2065 plus
419 1987 508 2046 volere
537 1987 675 2047 Romanos

228 2097 308 2153 qnam
332 2077 414 2133 annis
433 2078 592 2154 virtuteque.
622 2076 675 2132 ele-

112 2178 124 2215 .·
227 2148 320 2239 genter
342 2165 424 2238 igitur
440 2162 475 2228 L.
495 2169 533 2221 ita
555 2165 674 2241 scripsit,

228 2259 259 2305 ut
282 2248 383 2311 eisdem
401 2252 492 2310 verbis
516 2271 572 2318 „nn
590 2247 674 2309 ullum

228 2340 322 2390 esset“
349 2345 377 2390 et
403 2336 596 2399 dubitationem
618 2335 674 2391 Ro·

228 2441 368 2478 menorum
395 2432 422 2478 et
446 2421 476 2479 id
503 2421 577 2498 quod
604 2421 673 2479 Cur·

228 2510 282 2565 tius
312 2508 410 2567 dixerit
439 2511 606 2585 exprimeret.
636 2539 671 2552 -

228 2594 273 2655 Cl.
302 2597 424 2679 inprimis
457 2616 526 2672 quae
554 2597 589 2654 de
619 2598 672 2654 lroe

227 2704 268 2739 on
291 2704 307 2738 e
336 2683 381 2742 W.
406 2683 629 2742 Weissenbornio
651 2685 672 2745 l.

225 2790 265 2844 gr.
284 2772 308 2842 ᾗ.
326 2772 387 2833 tue.
406 2771 561 2831 doctissime
578 2772 670 2853 dispo*

225 2866 279 2918 teta
297 2866 369 2923 eunt.
467 2896 469 2901 ,

174 3007 198 3066 1.
216 3007 325 3085 tenrpla
336 3006 460 3064 deorum
470 3010 670 3067 inmortalium

226 3112 302 3172 quoe
313 3093 390 3164 foro
409 3096 676 3170 inminentcupito-›

225 3176 356 3255 litemque
374 3181 547 3241 intuentem.-
564 3180 620 3241 Ptt
632 3211 668 3224 ·-

224 3264 276 3331 Ed..
294 3264 389 3325 Bellus
417 3270 525 3349 templo
549 3276 599 3328 oet.
625 3278 667 3345 ty·

223 3352 393 3429 potheterom
402 3364 432 3412 ut
442 3355 549 3414 videtur
560 3355 668 3416 mendo.

171 3506 197 3563 3.
224 3524 301 3560 nunc
332 3506 364 3560 in
396 3513 533 3584 potentes
567 3513 666 3562 terrae

172 3624 177 3635 ·
222 3589 324 3646 hiatus
348 3591 423 3649 deos
444 3610 548 3649 manes
570 3595 666 3666 porri·

192 3713 197 3720 ·
221 3684 353 3752 gentem:
371 3677 419 3733 ΡΜ
436 3677 509 3735 Harl.
523 3698 542 3741 ι.
558 3677 634 3738 teid.
647 3700 666 3739 1.

222 3759 273 3834 al]
291 3781 362 3818 nuno
384 3766 413 3819 in
436 3776 557 3845 petentes
577 3775 665 3823 terreo

221 3847 310 3905 hiatus
328 3849 363 3905 ed
380 3849 445 3907 deos
463 3872 556 3910 manes
568 3864 618 3913 eet.
630 3886 664 3896 -

218 3934 663 4024 Praepositionemperseepeelui·

220 4025 266 4082 vio
285 4024 368 4082 altero
386 4023 448 4083 loeo
467 4031 554 4086 omitti
572 4028 664 4087 multis

219 4112 366 4172 similibus
380 4113 449 4172 loeis
471 4117 588 4175 vidimus
611 4114 662 4188 (el.

817 1313 859 1350 ex.
877 1311 916 1367 gr.
934 1293 965 1360 6,
983 1293 1040 1350 28.:
1064 1293 1093 1349 in
1116 1289 1201 1349 oculis
1224 1298 1262 1345 nt·

817 1378 1018 1455 queuntibus).
1037 1379 1089 1435 hoe
1103 1378 1165 1434 loco
1179 1376 1262 1434 verbe

817 1468 849 1524 in
872 1466 946 1522 deos
967 1485 1073 1523 mortes
1096 1464 1263 1540 respondent

816 1553 908 1611 verbis
935 1554 966 1608 in
991 1554 1106 1610 caelum
1127 1553 1155 1611 h.
1177 1573 1202 1613 e.
1226 1551 1263 1610 nd

818 1641 884 1697 deos
907 1658 1029 1717 superos.
1063 1639 1155 1696 Altera
1181 1638 1262 1696 huius

815 1725 872 1788 looi
888 1728 1073 1805 interpretatio
1086 1728 1152 1783 hoec
1169 1736 1218 1795 est,
1236 1729 1260 1782 ei

818 1816 879 1892 quis
891 1815 973 1872 verba
992 1815 1066 1871 deos
1078 1835 1181 1873 mones
1194 1823 1259 1871 tarn-

816 1922 897 1978 qunm
908 1903 1104 1979 appositionem
1116 1902 1151 1958 nd
1158 1911 1259 1976 poten·

815 1980 1259 2049 testerraeleiotusudieetearbi-

815 2083 910 2134 treton.
923 2107 956 2117 -—
967 2074 990 2131 P
1000 2096 1035 2136 m.
1046 2080 1083 2136 1.:
1094 2076 1260 2137 sednonisse.

815 2161 839 2218 P
856 2185 892 2221 m.
910 2165 936 2222 2.
954 2161 995 2220 tt:
1014 2182 1044 2219 ee
1061 2163 1213 2228 deuouisse.

763 2250 790 2309 l.
816 2269 954 2326 equoque
971 2250 1181 2326 deindequom
1195 2261 1257 2328 pot·

814 2346 882 2399 erat
897 2339 1027 2399 maxime
1038 2349 1199 2396 exornato:
1217 2338 1259 2412 ll]

816 2442 885 2499 equo
898 2422 996 2484 deiude
1006 2435 1055 2485 oet.
1064 2425 1128 2498 (P).
1142 2458 1177 2470 -
1189 2425 1259 2483 lull

812 2546 945 2622 seriptum
965 2557 1020 2604 est:
1043 2519 1130 2627 eiqqne
1147 2549 1257 2605 deinde:

815 2631 844 2692 lr.
862 2654 885 2692 e.
910 2654 1040 2712 equoque.
1075 2634 1123 2692 Sic
1140 2638 1257 2714 repperi·

811 2736 872 2776 mne
884 2721 911 2788 l,
923 2724 966 2781 51.
979 2724 1009 2779 in
1020 2743 1074 2780 nno
1086 2721 1157 2783 llled
1169 2743 1255 2803 ager·

813 2827 880 2883 que,
890 2807 983 2869 inrell.
994 2829 1076 2890 ager.
1092 2813 1122 2868 in
1132 2810 1155 2867 P
1164 2813 1256 2880 261³

812 2914 927 2978 quoque
944 2917 1051 2980 semper
1069 2916 1147 2974 egere
1166 2899 1256 2957 omnia

810 2980 908 3039 solitos
932 2994 989 3042 eret
1011 2986 1176 3044 accusatorio
1201 2987 1256 3062 spi·

810 3069 873 3126 ritu.
898 3068 932 3123 al.
962 3100 997 3112 -
1025 3071 1101 3133 Harl.
1115 3090 1150 3135 n:
1177 3075 1256 3128 sein

809 3166 986 3232 conspectum
1003 3148 1148 3222 inmisisse.
1171 3191 1206 3201 -
1232 3159 1257 3216 Ρ

808 3261 845 3300 m.
865 3247 904 3302 t.z
923 3243 1255 3327 doneqneelrnges.Pu1.

810 3329 888 3388 etl:
906 3331 1029 3413 doneque
1041 3357 1072 3392 oe
1084 3334 1181 3411 fruges.
1199 3333 1254 3392 Lo·

808 3415 862 3475 vel.
879 3421 919 3478 t:
938 3421 1007 3478 donn
1025 3432 1053 3479 et
1069 3422 1167 3498 fruges.

754 3506 782 3563 8.
812 3506 872 3563 Titi
898 3509 980 3565 Tati:
1002 3509 1025 3565 P
1047 3530 1083 3568 m.
1106 3511 1131 3569 2.
1154 3508 1199 3589 tt]
1221 3508 1254 3572 Τ.

806 3591 886 3659 Tatii.
913 3627 946 3639 -
973 3595 1049 3656 Pm.
1072 3601 1110 3656 1.:
1138 3596 1185 3654 illo
1209 3599 1254 3653 titi

805 3679 899 3741 milite.
917 3714 951 3724 -
969 3682 1018 3741 ΡΜ
1034 3683 1107 3744 Harl.
1125 3704 1159 3743 r.:
1183 3682 1252 3742 Cur·

805 3770 845 3826 tio
862 3768 964 3831 Mettio.
986 3770 1029 3831 (ΞΓ.
1049 3775 1073 3842 1,
1093 3775 1252 3831 121³.-

804 3854 837 3911 ln
854 3856 882 3913 tl
905 3858 1002 3914 deinde
1024 3862 1155 3935 quaedem
1179 3862 1250 3917 exei-

804 3941 914 4000 derunt:
931 3947 990 4003 sed
1001 3950 1007 4016 l
1022 3949 1060 4003 ab
1073 3948 1129 4005 boc
1140 3969 1193 4025 que
1204 3948 1249 4003 ad·

804 4049 913 4092 uersum
936 4036 1008 4093 uiam
1035 4034 1181 4115 inquirent
1196 4045 1249 4091 tem
