2618 4590
129 256 225 381 ¹uto
618 274 726 335 uum
744 274 801 339 uu.

162 440 248 511 enim
270 441 367 509 domo
389 439 575 506 mandatum
597 438 768 506 attulerant
788 473 835 488 ···
855 439 1008 530 „quando
1038 438 1193 529 quidem“
1219 439 1263 504 in·

162 548 232 638 quit
253 557 385 629 „nostra
407 544 488 610 tueri
510 543 661 610 adversus
678 544 745 612 vim
767 556 864 635 atque
885 544 1031 612 iniuriam
1052 545 1134 611 iusta
1149 544 1182 611 vi
1198 567 1265 611 non

163 649 258 719 vultis
266 678 281 732 ‚·
296 661 402 716 vestra
425 659 510 715 certe
533 646 723 715 defendetis:
750 649 857 740 itaque
883 650 1041 741 populum
1063 649 1266 740 Campanum

59 780 61 785 ’
162 755 339 844 urbemque
362 752 508 842 Capuam
530 791 574 802 -
597 775 689 842 agros
712 752 843 821 delubra
867 757 964 822 deum
987 755 1090 822 divina
1113 754 1265 821 humana-

132 864 227 951 5que
256 857 362 927 omnia
384 857 483 923 —in
505 866 645 925 vestram
671 868 778 946 patres
808 860 979 950 conscripti
1004 857 1180 950 populique
1203 858 1265 923 Ro-

160 964 246 1032 mani
268 963 427 1030 dicionem
449 952 612 1044 dc'dimus,
635 961 789 1052 quidquid
812 965 925 1031 deinde
947 964 1106 1054 patiemur
1128 961 1267 1029 dediticii

105 1068 108 1077 ’
160 1069 257 1137 vestri
280 1068 439 1159 passuri“.
477 1066 537 1132 sub
559 1065 641 1132 haec
664 1065 746 1133 dicta
775 1090 886 1135 omnes
908 1093 1022 1136 manus
1045 1071 1084 1136 ad
1116 1066 1266 1136 consules

161 1173 329 1242 tendentes
357 1172 445 1262 pleni
472 1170 675 1237 lacrimarum
702 1171 736 1237 in
763 1172 920 1257 vestibulo
949 1175 1054 1241 cerrioe
1088 1173 1266 1264 procubue-

161 1291 245 1347 runt.
283 1276 438 1345 commoti
459 1288 567 1366 patres
588 1276 658 1343 vice
681 1276 880 1347 fortunarum
907 1268 1133 1363 humanarum,
1161 1278 1189 1343 si
1211 1276 1267 1343 ille

232 1464 300 1523 neq.
317 1443 388 1501 lniet'
405 1441 475 1502 conl.
495 1451 545 1501 cel.
558 1439 678 1504 -lllm.
821 1476 857 1489 --
878 1445 917 1503 M:
945 1443 1076 1523 quidquid
1100 1443 1198 1501 deinde
1220 1464 1268 1522 pa·

820 1536 919 1590 ticmur
949 1533 1048 1590 dedicii
1079 1534 1122 1589 uti
1151 1531 1268 1610 passuri.

821 1618 895 1676 llarl.
918 1639 949 1677 u:
977 1618 1107 1693 quiequid
1132 1619 1197 1676 inde
1219 1639 1268 1695 pa·

821 1709 919 1763 tiemur
937 1705 1036 1762 dedicii
1054 1714 1104 1762 eet.
1131 1736 1165 1746 -
1192 1703 1269 1758 Idem

822 1790 1267 1871 dediciiscriptumcstinLeid.¹.

821 1880 899 1940 Voss.
918 1901 945 1940 u.
965 1879 998 1940 al.

231 1582 276 1645 3.:
294 1546 355 1660 ned.
374 1584 431 1641 uolt
447 1585 490 1640 uis
507 1583 564 1643 fiat.

179 1674 205 1732 1.
232 1672 354 1749 quando
374 1671 493 1747 quidem
512 1673 623 1747 inquit:
643 1670 679 1731 tt.

230 1790 265 1801 -
291 1758 326 1814 P:
354 1757 484 1836 „quando
507 1759 615 1835 quidem
639 1762 679 1816 in·

232 1846 298 1924 quid
329 1857 420 1903 nostra
450 1848 520 1902 tueri
550 1847 678 1902 aduersos

231 1936 288 1992 uim
306 1944 385 2011 atque
407 1936 533 1991 iniuriam
556 1935 626 1989 iusta
649 1936 678 1989 ui
1149 1991 1179 2001 ..

767 1989 794 2046 7.
821 2007 922 2043 omnes
940 2006 1047 2041 manus
1058 1986 1103 2042 ad
1113 2006 1189 2042 coss.
1207 1992 1268 2040 ten·

229 2043 286 2079 non
312 2021 393 2078 uultis
421 2029 510 2077 uestra
534 2029 606 2076 certe
632 2019 678 2076 de·

230 2109 376 2167 scudetis“.
412 2105 455 2165 M:
485 2117 574 2163 uestra
605 2116 678 2163 certo

230 2197 270 2253 do
296 2197 372 2252 detis
395 2196 459 2270 itaq.
481 2194 610 2272 populum
627 2203 678 2254 cet.

231 2283 309 2342 Leid.
328 2300 362 2340 ιι
382 2279 534 2339 defenditis.

178 2370 205 2429 4.
231 2389 324 2447 agros
334 2368 460 2424 delubra
473 2368 561 2424 deum
574 2367 678 2424 diuina

232 2455 422 2532 burnonaque
432 2456 545 2511 omnia:
557 2453 614 2514 PM.
634 2453 678 2514 (il.

232 2544 257 2611 1,
275 2545 319 2600 38.
333 2571 366 2582 —
385 2540 492 2596 Deinde
510 2541 544 2598 P:
563 2543 614 2609 „iu
632 2561 677 2597 ue·

231 2639 297 2688 stra.
315 2635 359 2708 pc.
376 2635 494 2707 popque.
508 2635 529 2687 i.
544 2627 678 2685 dicionem

231 2716 385 2772 dedimam
420 2713 459 2771 tl:
478 2714 678 2792 „humanaque

232 2809 290 2860 orire
303 2808 350 2859 uia
368 2805 373 2874 Ι
388 2825 432 2882 pc
450 2810 515 2881 pop.
528 2823 588 2878 que.
602 2809 624 2862 ῖ·.
639 2802 678 2858 di-

229 2893 308 2947 cione
318 2888 472 2945 dedirnus“.
490 2888 564 2947 Harl.
574 2909 589 2946 1.
599 2911 605 2945 :
624 2892 678 2958 „in

229 2987 319 3034 uestra
342 2986 433 3053 patres
459 2978 607 3055 conscripti
629 2998 677 3054 po·

231 3062 341 3140 polique
359 3065 464 3118 romani
480 3062 586 3118 dicione
605 3063 678 3119 dedi·

230 3155 324 3208 mus“.
341 3147 417 3204 lllulti
430 3168 498 3205 recc.
512 3149 607 3206 codd:
627 3152 679 3217 „in

229 3245 318 3294 uestra
339 3245 430 3312 patres
453 3237 599 3312 conscripti
628 3257 678 3313 po·

229 3321 343 3401 pulique
361 3325 466 3380 romani
479 3332 612 3400 potestate
632 3323 677 3379 de·

230 3411 349 3471 dimus“.
378 3410 444 3468 Pell.
464 3415 489 3470 1.
507 3414 533 3467 3.
551 3408 629 3469 Voss.
648 3430 676 3467 u.

229 3497 276 3557 al.:
303 3501 354 3568 „in
371 3509 460 3555 uestra
478 3505 611 3575 potestate
628 3518 676 3575 po·

228 3584 338 3662 polique
350 3589 454 3641 romani
469 3585 625 3643 dedimus“.
640 3616 675 3627 ·-

230 3670 311 3743 Quod
334 3673 359 3726 si
383 3677 487 3729 uestra]
504 3693 553 3751 pro
573 3680 676 3729 uestro

229 3758 359 3834 scriptum
377 3762 436 3826 erit,
454 3761 483 3815 in
500 3780 554 3816 uuo
573 3759 595 3816 P
612 3779 676 3815 vera

230 3845 364 3919 scriptura
387 3845 466 3902 huius
493 3846 546 3904 loci
570 3856 675 3906 servata

229 3930 374 3991 videbitur.

176 4017 203 4077 6.
231 4018 382 4095 quidquid
404 4021 512 4078 deiende
527 4025 675 4097 patiemur

230 4103 364 4163 dediticii
381 4110 476 4166 uestri
488 4111 625 4184 pasuri:
643 4107 673 4168 P.

821 2075 939 2130 devites:
956 2072 987 2132 P.
1010 2105 1044 2114 -
1074 2072 1115 2129 lll:
1142 2070 1268 2127 homines

820 2181 914 2217 manus
950 2159 985 2216 ed
1015 2167 1086 2220 coifi.
1118 2159 1267 2216 tendentes.

821 2247 864 2307 Cf.
874 2251 900 2316 7,
910 2250 967 2307 30.:
987 2247 1136 2325 frequentia
1147 2248 1268 2304 omnium

819 2355 953 2411 generum.
975 2338 1002 2405 3,
1020 2339 1063 2394 54.
1082 2333 1116 2394 al.

768 2450 794 2507 9.
819 2448 957 2505 commoti
970 2457 1075 2522 patres
1091 2447 1154 2503 uice
1165 2447 1268 2519 sortu-

821 2555 927 2591 narum
949 2534 1149 2594 humanarum
1168 2537 1198 2591 ai
1213 2537 1268 2591 ille

822 2633 888 2680 eet:
907 2622 963 2682 ΡΜ.
986 2623 1110 2680 Dulerus
1126 2643 1157 2680 oe
1174 2624 1268 2681 videre

819 2718 913 2783 negat,
943 2713 990 2787 qui
1011 2709 1078 2767 haec
1100 2710 1183 2769 verbe
1205 2731 1268 2767 cum

820 2798 993 2874 sequentibus
1016 2800 1172 2866 „tumim
1197 2799 1268 2855 fides

820 2888 863 2959 egi
882 2887 963 2942 visa“
986 2886 1128 2943 cohaerere
1149 2888 1267 2964 possint.

819 2972 870 3028 scd
893 2971 960 3028 lracc
982 2994 1032 3030 uec
1055 2974 1182 3048 coniungi
1201 2996 1267 3053 pos-

821 3069 885 3115 sunt
908 3081 958 3117 nec
983 3061 1164 3137 coniungendo
1185 3060 1267 3119 Livio

820 3146 989 3209 videbantur.
1019 3150 1054 3206 ad
1077 3153 1168 3228 priora
1195 3153 1268 3207 enim

820 3235 1001 3312 supplendum
1019 3247 1060 3294 est
1078 3246 1159 3305 suat,
1186 3257 1268 3313 quem

820 3321 856 3377 sd
878 3323 989 3381 modum
1010 3325 1039 3380 in
1062 3344 1129 3383 rece.
1157 3324 1266 3400 quibus-

820 3407 883 3465 dam
893 3411 971 3469 codd.
981 3413 1112 3487 scriptum
1123 3420 1164 3467 est
1171 3452 1187 3478 ‚‚
1194 3430 1265 3467 com·

819 3500 887 3552 moti
896 3507 959 3553 sunt
970 3507 1059 3574 patres
1066 3503 1091 3562 “,
1106 3518 1267 3575 quamquam

818 3583 872 3640 hoc
883 3583 1069 3662 supplemento
1082 3587 1184 3663 scripto
1198 3605 1268 3664 opus

817 3691 874 3728 non
898 3680 950 3740 est,
978 3692 1038 3728 cum
1063 3671 1188 3750 permulti
1211 3672 1268 3730 loci

818 3761 915 3835 integri
932 3759 1044 3816 verbum
1068 3760 1268 3818 substantivum

818 3845 920 3903 olivio
931 3845 1011 3902 modo
1021 3848 1087 3922 poni
1097 3846 1178 3903 modo
1189 3867 1267 3925 prae·

816 3937 892 3990 teriri
914 3932 1024 3989 solitum
1051 3954 1111 3990 esse
1141 3933 1268 3991 doceant.

816 4022 939 4092 „Dieser
966 4019 1094 4077 Weclrsel
1121 4021 1268 4079 menschli-

816 4108 881 4165 cher
906 4106 1063 4168 Schiclsale
1088 4109 1195 4167 machte
1221 4111 1273 4167 aul
