2618 4590
532 255 716 324 nunni.
938 194 964 361 J
1106 246 1170 317 en

70 424 147 515 giuti
169 446 272 491 annos
300 432 393 489 natus
421 421 534 489 consul
562 421 715 511 patribus
733 446 862 513 quoque
891 424 983 491 ferox
1012 449 1083 494 esse
1105 447 1171 494 non
1238 400 1247 417 ’

70 530 177 597 solum
196 528 302 619 plebi:
322 565 366 576 -
390 526 477 616 quod
498 549 608 592 meum
630 524 751 593 factum
773 526 933 595 dictumve
949 530 1087 597 consulis
1102 554 1170 620 gra-

70 634 140 701 vius
164 656 261 723 quarn
282 630 400 698 tribuni
422 631 572 698 audistis?
610 630 725 697 eodem
746 641 857 698 tenore
880 631 944 701 duo
966 632 1170 724 insequentes

69 738 255 806 consulatus
277 736 373 826 gessi,
406 735 521 803 eodem
547 734 629 815 hoec
655 734 825 824 imperiosa
856 736 1010 803 dictatura
1036 749 1169 828 geretur,

69 853 107 908 ut
128 865 233 931 neque
254 840 287 907 in
308 840 370 908 hos
391 864 483 907 meos
505 851 539 908 et
558 839 678 929 patriae
700 863 791 906 meae
806 840 922 907 milites
944 841 1050 908 mitior
1072 852 1205 930 quami

69 946 102 1011 in
124 968 183 1013 vos
205 985 249 996 -
270 945 391 1012 horreo
420 945 523 1012 dicere
546 983 590 995 -
612 942 722 1010 hostis.
761 968 835 1035 ergo
864 968 923 1012 vos
953 946 1039 1036 prius
1062 945 1095 1011 in
1117 968 1169 1012 me

69 1050 256 1117 strinxeritis
285 1049 405 1116 ferrum
431 1074 529 1140 quam
557 1050 589 1115 in
617 1071 675 1115 vos
705 1071 783 1138 ego:
816 1049 908 1116 istinc
937 1049 1024 1139 signa
1047 1059 1171 1133 canent,

67 1155 160 1222 istinc
183 1154 303 1229 clamor
324 1153 411 1244 prius
433 1154 561 1251 incipiet
590 1164 685 1243 atque
713 1154 867 1243 impetus,
900 1153 928 1228 si
957 1151 1170 1221 dimicandum
1223 1167 1226 1172 '

68 1270 126 1331 est
163 1256 301 1333 inducite
323 1259 357 1334 in
379 1257 521 1335 anirnum
548 1259 636 1349 quod
664 1281 732 1334 uun
756 1257 949 1333 induxeumt
976 1268 1083 1346 patres
1108 1259 1168 1325 avi·
1264 1274 1269 1284 ·

28 1481 31 1488 ⁴
142 1480 288 1560 „patribus
301 1494 411 1558 quoqne
420 1477 484 1536 felix
495 1482 585 1538 esse“‚

141 1598 176 1610 -
188 1568 231 1623 De
243 1588 304 1624 non
321 1567 419 1624 solum
437 1566 471 1625 ci.
489 1569 516 1634 7,
529 1568 585 1625 18.:

138 1655 204 1711 fidei
222 1657 275 1712 iam
287 1673 351 1710 suae
365 1674 420 1711 uon
432 1650 519 1709 solum
531 1655 585 1709 vir·

139 1744 206 1798 tutis
236 1740 370 1798 ducebant
395 1759 463 1798 esse.
492 1743 523 1808 3,
545 1743 585 1797 7.:

726 1477 807 1536 Rsec.
814 1477 908 1536 codd:
919 1477 989 1535 duos
999 1480 1170 1554 insequentes

728 1564 888 1623 consulatus.
906 1594 940 1607 -
957 1564 980 1620 P
997 1585 1031 1623 m.
1052 1569 1089 1621 1.:
1104 1556 1185 1621 iraeo'

726 1653 872 1728 imperiora
897 1651 1035 1709 dictatura.
1068 1671 1104 1709 m.
1131 1655 1170 1711 Ἅι

727 1740 880 1817 imperiosa.
899 1769 931 1779 -
950 1736 987 1793 P:
1005 1747 1153 1812 gereretur.

139 1828 244 1906 pudore
262 1830 343 1884 05³⁰}
360 1846 415 1884 ¹¹⁰⁰
432 1827 585 1883 mi⁸ffl⁰⁰¹'
673 1863 700 1921 5.
728 1870 764 1918 ut·
783 1880 878 1936 neque
900 1861 930 1916 in
953 1859 1009 1916 lios
1035 1879 1117 1927 meos
1143 1868 1171 1916 et

140 1916 185 1972 dia
203 1916 290 1972 sotum
308 1917 384 1974 moti.
410 1916 437 1983 5,
455 1916 513 1972 ts:
537 1933 587 1990 spe

55 1989 60 1999 ⁸
143 2023 249 2080 quoquc
267 2005 320 2060 iam
339 2022 393 2059 uon
417 2000 506 2059 solum
524 2001 585 2056 cibo

140 2090 290 2150 deficiente.
309 2092 353 2159 45,
371 2092 429 2149 39.ε
448 2089 506 2145 deis
521 2109 586 2165 quo·

140 2196 193 2255 que
212 2180 283 2233 enim
301 2175 453 2236 nouaclum
470 2175 585 2233 homini·

137 2264 188 2320 bus
210 2264 324 2321 debatur
345 2262 511 2342 triumphum
539 2265 583 2331 28,

138 2351 196 2408 tu:
215 2371 292 2419 „nou
309 2361 461 2408 senatorem
479 2351 583 2408 modo“

138 2438 233 2495 eodem
261 2438 369 2496 dicendi
394 2458 492 2514 genere
517 2440 583 2495 scri·

137 2535 213 2600 ptum
236 2537 291 2591 est,
316 2545 477 2602 quamquam
500 2527 582 2581 inter-

137 2623 228 2687 pretes
246 2611 355 2688 quidam
368 2613 455 2670 modo
468 2612 584 2670 deletum

139 2698 290 2759 voluerunt.

82 2791 112 2846 2.
142 2787 226 2861 quod
232 2805 327 2842 meum
333 2785 454 2857 foetum
463 2786 584 2842 diotuno·

139 2891 177 2929 ue
194 2876 252 2929 οδε.
273 2874 401 2950 grauius
427 2870 585 2946 quam'tri-

139 2960 213 3015 butt
233 2959 377 3016 audistis:
403 2956 460 3016 PM.
488 2988 522 3003 -
552 2958 586 3015 Iu

75 3102 80 3110 ,
112 3042 118 3049 ’
139 3044 214 3104 Harl.
232 3065 250 3103 r.
267 3045 344 3104 Leid.
362 3065 380 3104 r.
408 3044 586 3122 omnibusque

139 3152 226 3210 prope
234 3152 303 3192 reso
313 3133 584 3193 coddmeumomis·
634 3156 637 3161 ·

138 3238 199 3279 suus
226 3230 275 3280 est.
305 3218 348 3281 Cf.
375 3225 408 3290 7,
434 3225 475 3280 a:
504 3239 584 3296 quens

139 3326 211 3364 nunc
240 3305 327 3365 Roma
354 3311 442 3367 virum
469 3306 585 3364 tortissi-

139 3414 213 3451 mum
231 3391 326 3462 trahet,
348 3397 479 3471 procedat
497 3427 530 3446 v
549 3393 585 3450 ad

136 3501 267 3558 pugnam,
296 3494 326 3538 ut
351 3493 444 3539 noster
470 3481 585 3538 duorum

138 3579 250 3627 eventus
281 3568 406 3625 ostendat
434 3579 493 3627 utra
519 3588 585 3644 gens

138 3656 209 3714 bello
232 3659 270 3712 eit
289 3655 393 3715 melior.
420 3659 446 3724 Β,
464 3661 490 3712 7.
525 3654 586 3714 Cic.

137 3764 189 3822 pro
207 3740 297 3802 Hauc.
317 3746 368 3810 10,
386 3745 442 3799 us:
469 3744 512 3798 eui
536 3762 584 3799 no-

137 3852 201 3888 men
226 3850 316 3888 meum
342 3830 461 3886 absentis
486 3829 584 3886 honori

44 3956 52 3967 ι
139 3918 250 3988 fuisset,
280 3919 305 3974 ei
334 3937 407 3975 meru
434 3918 585 3991 praesentis

140 4024 234 4081 preces
260 4024 315 4061 non
342 4014 421 4081 putas
442 4002 584 4079 profuisse.

139 4091 173 4150 al.
199 4118 235 4139 -v
260 4089 334 4151 Harl.
355 4111 385 4152 n:
415 4091 522 4151 ruditis.
550 4121 584 4133 -

724 1950 844 2031 patriae
856 1967 938 2012 meae
952 1948 1061 2004 milites
1073 1947 1171 2005 mitior

729 2055 819 2111 quom
836 2038 867 2090 in
886 2055 940 2090 uos
953 2033 1059 2091 horreo
1073 2034 1171 2090 dicero

728 2122 838 2180 hostis:
856 2104 921 2178 PM:
936 2119 963 2179 h.
981 2140 1005 2179 e.
1023 2141 1057 2176 ne
1074 2122 1101 2176 in
1120 2121 1171 2183 has

728 2229 803 2267 meos
822 2208 931 2287 quidem
945 2217 995 2266 cet.
1017 2208 1051 2267 cf.
1070 2211 1095 2275 7,
1113 2209 1170 2266 st:

725 2316 812 2374 neque
830 2298 902 2353 enim
914 2297 1015 2352 moveri
1033 2294 1119 2351 hostis
1134 2326 1169 2357 -,-

724 2386 832 2464 poterit.
861 2415 895 2426 -
924 2382 1064 2439 Loveliani
1081 2381 1171 2460 quarti

726 2472 835 2534 librario
854 2474 970 2541 „mitior
982 2473 1037 2528 sim
1050 2490 1129 2553 quam
1141 2470 1171 2526 in

726 2565 797 2617 uos“
823 2559 1001 2625 scribendum,
1016 2557 1169 2618 videbatur-r

725 2646 776 2702 sed
802 2646 837 2705 cf.
860 2649 891 2713 7,
914 2649 958 2705 30.
982 2644 1117 2714 „alterum
1136 2676 1169 2685 -

726 2735 839 2793 ominari
857 2730 954 2789 horreo
972 2751 1040 2806 quae
1057 2732 1158 2789 ferat“.

674 2846 701 2906 7.
728 2843 814 2899 istina
839 2843 928 2918 signo
955 2849 1060 2896 canent
1085 2841 1171 2896 istinc
1196 2896 1198 2900 ,

727 2929 841 2985 clamor
851 2929 937 3001 prius
949 2928 1079 3002 incipiet:
1092 2925 1126 2983 Μ.
1137 2958 1170 2969 -

728 3012 763 3070 P:
788 3034 867 3090 quam
886 3016 914 3077 ip
932 3033 982 3078 uos
1001 3032 1058 3088 ego.
1086 3014 1172 3075 istinc

728 3099 829 3166 clamor
844 3105 921 3180 prius
939 3100 1050 3181 incipiet
1066 3107 1116 3158 cet.

670 3229 697 3283 s.
725 3225 854 3281 inducite
877 3226 908 3281 in
931 3225 1061 3279 aninmm
1090 3220 1173 3298 quod

723 3331 783 3368 non
794 3311 977 3368 induxerunt
987 3318 1089 3384 patres
1107 3310 1169 3363 aui·

724 3418 782 3473 que
805 3399 912 3454 uestri:
936 3394 998 3451 Pul:
1025 3393 1084 3452 scil.
1107 3395 1169 3461 „in-

726 3485 797 3541 ierre
814 3481 913 3540 bellum
935 3484 1073 3558 patriae“.‚
1097 3479 1172 3559 quod

728 3569 851 3628 Valerius
875 3567 965 3646 eloqui
991 3568 1099 3629 horret:
1127 3567 1170 3627 Ci.

727 3659 759 3725 9,
782 3659 822 3717 5.=
854 3655 914 3712 illos
943 3677 975 3713 eo
1001 3658 1171 3732 potissimum

728 3763 798 3799 anno
810 3731 1073 3822 patriaruiiberatarn
1085 3755 1120 3788 ὰ
1131 3746 1171 3799 in-

728 3829 837 3887 duxisse
846 3835 875 3889 in
887 3835 1003 3889 animum
1016 3841 1046 3888 ut
1055 3831 1171 3906 superbo

726 3918 861 3993 quondam
892 3921 948 3994 regi
981 3928 1038 3975 tum
1073 3918 1171 3973 infesto

726 4003 798 4063 exuli
815 4006 970 4082 proderent.
995 4039 1028 4055 -
1054 4003 1091 4061 Pr
1116 4025 1171 4061 nou
1278 4050 1282 4059 .

726 4091 765 4150 tii
784 4095 830 4169 qui
848 4101 941 4172 postea
959 4100 1010 4152 cet.
