<?xml version="1.0" encoding="UTF-8"?>
<!DOCTYPE html PUBLIC "-//W3C//DTD XHTML 1.0 Transitional//EN"
    "http://www.w3.org/TR/xhtml1/DTD/xhtml1-transitional.dtd">
<html xmlns="http://www.w3.org/1999/xhtml" xml:lang="en" lang="en">
 <head>
  <title>
</title>
<meta http-equiv="Content-Type" content="text/html;charset=utf-8" />
  <meta name='ocr-system' content='tesseract 3.04.00' />
  <meta name='ocr-capabilities' content='ocr_page ocr_carea ocr_par ocr_line ocrx_word'/>
</head>
<body>
  <div class='ocr_page' id='page_1' title='image "./titilivirerumro01alscgoog_0104.png"; bbox 0 0 2618 4590; ppageno 0'>
   <div class='ocr_carea' id='block_1_1' title="bbox 528 254 1288 332">
    <p class='ocr_par' dir='ltr' id='par_1_1' title="bbox 528 254 1288 332">
     <span class='ocr_line' id='line_1_1' title="bbox 528 254 1288 332; baseline -0.005 -4"><span class='ocrx_word' id='word_1_1' title='bbox 528 269 637 330; x_wconf 72' lang='lat' dir='ltr'>LIBER</span> <span class='ocrx_word' id='word_1_2' title='bbox 652 269 699 332; x_wconf 80' lang='lat' dir='ltr'><strong>Vl.</strong></span> <span class='ocrx_word' id='word_1_3' title='bbox 1118 254 1162 326; x_wconf 82' lang='lat'><strong>87</strong></span> <span class='ocrx_word' id='word_1_4' title='bbox 1281 280 1288 293; x_wconf 82' lang='grc'><em>’</em></span> 
     </span>
    </p>
   </div>
   <div class='ocr_carea' id='block_1_2' title="bbox 47 446 1188 962">
    <p class='ocr_par' dir='ltr' id='par_1_2' title="bbox 47 446 1188 962">
     <span class='ocr_line' id='line_1_2' title="bbox 56 446 1161 539; baseline -0.006 -17"><span class='ocrx_word' id='word_1_5' title='bbox 56 452 219 523; x_wconf 88' lang='lat' dir='ltr'><strong>summam</strong></span> <span class='ocrx_word' id='word_1_6' title='bbox 242 452 339 520; x_wconf 85' lang='lat' dir='ltr'><strong>etiam</strong></span> <span class='ocrx_word' id='word_1_7' title='bbox 360 448 497 518; x_wconf 89' lang='lat' dir='ltr'><strong>invidiae</strong></span> <span class='ocrx_word' id='word_1_8' title='bbox 519 448 588 515; x_wconf 86' lang='lat' dir='ltr'><strong>eius</strong></span> <span class='ocrx_word' id='word_1_9' title='bbox 605 447 737 516; x_wconf 86' lang='lat' dir='ltr'><strong>tribunis</strong></span> <span class='ocrx_word' id='word_1_10' title='bbox 752 449 865 539; x_wconf 85' lang='lat' dir='ltr'><strong>plebis,</strong></span> <span class='ocrx_word' id='word_1_11' title='bbox 886 449 1024 525; x_wconf 83' lang='lat' dir='ltr'><strong>cumab</strong></span> <span class='ocrx_word' id='word_1_12' title='bbox 1039 448 1077 516; x_wconf 89' lang='lat' dir='ltr'><strong>iis</strong></span> <span class='ocrx_word' id='word_1_13' title='bbox 1099 446 1161 515; x_wconf 86' lang='lat' dir='ltr'><strong>ele-</strong></span> 
     </span>
     <span class='ocr_line' id='line_1_3' title="bbox 55 547 1161 647; baseline -0.008 -19"><span class='ocrx_word' id='word_1_14' title='bbox 55 570 185 628; x_wconf 83' lang='lat' dir='ltr'><strong>varetur</strong></span> <span class='ocrx_word' id='word_1_15' title='bbox 208 557 325 647; x_wconf 88' lang='lat' dir='ltr'><strong>quibus</strong></span> <span class='ocrx_word' id='word_1_16' title='bbox 347 553 410 621; x_wconf 87' lang='lat' dir='ltr'><strong>lide</strong></span> <span class='ocrx_word' id='word_1_17' title='bbox 433 553 533 644; x_wconf 78' lang='lat' dir='ltr'><strong>magis</strong></span> <span class='ocrx_word' id='word_1_18' title='bbox 555 577 654 644; x_wconf 85' lang='lat' dir='ltr'><strong>quam</strong></span> <span class='ocrx_word' id='word_1_19' title='bbox 668 547 795 621; x_wconf 83' lang='lat' dir='ltr'><strong>fortuna</strong></span> <span class='ocrx_word' id='word_1_20' title='bbox 810 554 993 622; x_wconf 74' lang='lat' dir='ltr'><strong>debentium</strong></span> <span class='ocrx_word' id='word_1_21' title='bbox 1014 554 1161 621; x_wconf 84' lang='lat' dir='ltr'><strong>laborare</strong></span> 
     </span>
     <span class='ocr_line' id='line_1_4' title="bbox 47 656 1158 749; baseline -0.001 -24"><span class='ocrx_word' id='word_1_22' title='bbox 47 664 214 733; x_wconf 79' lang='lat' dir='ltr'><strong>creditum</strong></span> <span class='ocrx_word' id='word_1_23' title='bbox 228 661 327 728; x_wconf 76' lang='lat' dir='ltr'><strong>rideri</strong></span> <span class='ocrx_word' id='word_1_24' title='bbox 348 658 547 749; x_wconf 80' lang='lat' dir='ltr'><strong>expediebat.</strong></span> <span class='ocrx_word' id='word_1_25' title='bbox 585 659 683 725; x_wconf 86' lang='lat' dir='ltr'><strong>creati</strong></span> <span class='ocrx_word' id='word_1_26' title='bbox 705 683 854 727; x_wconf 85' lang='lat' dir='ltr'><strong>censores</strong></span> <span class='ocrx_word' id='word_1_27' title='bbox 870 657 907 726; x_wconf 82' lang='lat' dir='ltr'><strong>O.</strong></span> <span class='ocrx_word' id='word_1_28' title='bbox 923 658 1080 749; x_wconf 83' lang='lat' dir='ltr'><strong>Sulpicius</strong></span> <span class='ocrx_word' id='word_1_29' title='bbox 1099 656 1158 724; x_wconf 82' lang='lat' dir='ltr'><strong>Ca-</strong></span> 
     </span>
     <span class='ocr_line' id='line_1_5' title="bbox 55 763 1157 857; baseline -0.006 -21"><span class='ocrx_word' id='word_1_30' title='bbox 55 769 198 836; x_wconf 88' lang='lat' dir='ltr'><strong>merinus</strong></span> <span class='ocrx_word' id='word_1_31' title='bbox 214 768 270 857; x_wconf 91' lang='lat' dir='ltr'><strong>Sp.</strong></span> <span class='ocrx_word' id='word_1_32' title='bbox 285 764 466 833; x_wconf 82' lang='lat' dir='ltr'><strong>Postumius</strong></span> <span class='ocrx_word' id='word_1_33' title='bbox 482 763 680 854; x_wconf 85' lang='lat' dir='ltr'><strong>Regillensis,</strong></span> <span class='ocrx_word' id='word_1_34' title='bbox 702 776 882 856; x_wconf 88' lang='lat' dir='ltr'><strong>coeptaque</strong></span> <span class='ocrx_word' id='word_1_35' title='bbox 904 763 968 829; x_wconf 91' lang='lat' dir='ltr'><strong>iam</strong></span> <span class='ocrx_word' id='word_1_36' title='bbox 989 787 1040 831; x_wconf 88' lang='lat' dir='ltr'><strong>res</strong></span> <span class='ocrx_word' id='word_1_37' title='bbox 1053 773 1157 832; x_wconf 85' lang='lat' dir='ltr'><strong>morte</strong></span> 
     </span>
     <span class='ocr_line' id='line_1_6' title="bbox 55 865 1188 962; baseline -0.008 -21"><span class='ocrx_word' id='word_1_38' title='bbox 55 874 210 955; x_wconf 85' lang='lat' dir='ltr'><strong>Postumi,</strong></span> <span class='ocrx_word' id='word_1_39' title='bbox 232 874 305 962; x_wconf 85' lang='lat' dir='ltr'><strong>quia</strong></span> <span class='ocrx_word' id='word_1_40' title='bbox 327 871 485 961; x_wconf 82' lang='lat' dir='ltr'><strong>collegam</strong></span> <span class='ocrx_word' id='word_1_41' title='bbox 508 866 611 936; x_wconf 83' lang='lat' dir='ltr'><strong>sollici</strong></span> <span class='ocrx_word' id='word_1_42' title='bbox 634 869 760 938; x_wconf 86' lang='lat' dir='ltr'><strong>censori</strong></span> <span class='ocrx_word' id='word_1_43' title='bbox 781 869 893 960; x_wconf 83' lang='lat' dir='ltr'><strong>religio</strong></span> <span class='ocrx_word' id='word_1_44' title='bbox 915 879 992 952; x_wconf 84' lang='lat' dir='ltr'><strong>erat,</strong></span> <span class='ocrx_word' id='word_1_45' title='bbox 1014 865 1188 957; x_wconf 62' lang='lat' dir='ltr'><strong>intonet-⁶</strong></span> 
     </span>
    </p>
   </div>
   <div class='ocr_carea' id='block_1_3' title="bbox 80 1051 1161 1125">
    <p class='ocr_par' dir='ltr' id='par_1_3' title="bbox 80 1051 1161 1125">
     <span class='ocr_line' id='line_1_7' title="bbox 80 1051 1161 1125; baseline -0.006 -10"><span class='ocrx_word' id='word_1_46' title='bbox 80 1111 86 1115; x_wconf 89' lang='lat'><strong>.</strong></span> <span class='ocrx_word' id='word_1_47' title='bbox 125 1059 213 1115; x_wconf 78' lang='lat' dir='ltr'><strong>etiam</strong></span> <span class='ocrx_word' id='word_1_48' title='bbox 235 1054 369 1115; x_wconf 73' lang='lat' dir='ltr'><strong>inuidiae</strong></span> <span class='ocrx_word' id='word_1_49' title='bbox 389 1056 455 1114; x_wconf 82' lang='lat' dir='ltr'><strong>eius</strong></span> <span class='ocrx_word' id='word_1_50' title='bbox 481 1055 574 1112; x_wconf 64' lang='lat' dir='ltr'><strong>tridw</strong></span> <span class='ocrx_word' id='word_1_51' title='bbox 714 1055 819 1114; x_wconf 82' lang='lat' dir='ltr'><strong>elevare</strong></span> <span class='ocrx_word' id='word_1_52' title='bbox 830 1054 999 1125; x_wconf 84' lang='lat' dir='ltr'><strong>studuerunt,</strong></span> <span class='ocrx_word' id='word_1_53' title='bbox 1017 1074 1079 1112; x_wconf 84' lang='lat' dir='ltr'><strong>cum</strong></span> <span class='ocrx_word' id='word_1_54' title='bbox 1091 1051 1161 1109; x_wconf 81' lang='lat' dir='ltr'><strong>dies·</strong></span> 
     </span>
    </p>
   </div>
   <div class='ocr_carea' id='block_1_4' title="bbox 51 1139 573 2165">
    <p class='ocr_par' dir='ltr' id='par_1_4' title="bbox 51 1139 573 2165">
     <span class='ocr_line' id='line_1_8' title="bbox 124 1139 570 1220; baseline 0.002 -20"><span class='ocrx_word' id='word_1_55' title='bbox 124 1147 173 1201; x_wconf 82' lang='lat' dir='ltr'><strong>nis</strong></span> <span class='ocrx_word' id='word_1_56' title='bbox 188 1145 300 1220; x_wconf 80' lang='lat' dir='ltr'><strong>plebis:</strong></span> <span class='ocrx_word' id='word_1_57' title='bbox 318 1142 377 1202; x_wconf 78' lang='grc' dir='ltr'><strong>ΡΜ.</strong></span> <span class='ocrx_word' id='word_1_58' title='bbox 400 1172 435 1183; x_wconf 96' lang='grc'><strong>-</strong></span> <span class='ocrx_word' id='word_1_59' title='bbox 458 1139 535 1202; x_wconf 87' lang='lat' dir='ltr'><strong>Leid.</strong></span> <span class='ocrx_word' id='word_1_60' title='bbox 553 1163 570 1202; x_wconf 89' lang='lat'><strong>1.</strong></span> 
     </span>
     <span class='ocr_line' id='line_1_9' title="bbox 123 1229 570 1305; baseline 0.004 -18"><span class='ocrx_word' id='word_1_61' title='bbox 123 1229 201 1290; x_wconf 88' lang='lat' dir='ltr'><strong>Voss.</strong></span> <span class='ocrx_word' id='word_1_62' title='bbox 219 1251 244 1291; x_wconf 92' lang='grc' dir='ltr'><strong>ιι.</strong></span> <span class='ocrx_word' id='word_1_63' title='bbox 264 1231 312 1290; x_wconf 80' lang='lat' dir='ltr'><strong>at:</strong></span> <span class='ocrx_word' id='word_1_64' title='bbox 336 1238 367 1287; x_wconf 83' lang='lat' dir='ltr'><strong>et</strong></span> <span class='ocrx_word' id='word_1_65' title='bbox 388 1229 570 1305; x_wconf 83' lang='lat' dir='ltr'><strong>grauantibus.</strong></span> 
     </span>
     <span class='ocr_line' id='line_1_10' title="bbox 122 1306 571 1379; baseline -0.004 -3"><span class='ocrx_word' id='word_1_66' title='bbox 122 1350 156 1360; x_wconf 90' lang='lat'>-</span> <span class='ocrx_word' id='word_1_67' title='bbox 179 1306 292 1376; x_wconf 83' lang='lat' dir='ltr'><strong>Multum</strong></span> <span class='ocrx_word' id='word_1_68' title='bbox 319 1317 462 1379; x_wconf 84' lang='lat' dir='ltr'><strong>haeserunt</strong></span> <span class='ocrx_word' id='word_1_69' title='bbox 488 1318 571 1374; x_wconf 89' lang='lat' dir='ltr'><strong>inter-</strong></span> 
     </span>
     <span class='ocr_line' id='line_1_11' title="bbox 122 1403 569 1483; baseline 0.002 -21"><span class='ocrx_word' id='word_1_70' title='bbox 122 1415 212 1483; x_wconf 87' lang='lat' dir='ltr'><strong>pretes</strong></span> <span class='ocrx_word' id='word_1_71' title='bbox 224 1408 253 1462; x_wconf 90' lang='lat' dir='ltr'><strong>in</strong></span> <span class='ocrx_word' id='word_1_72' title='bbox 265 1403 388 1462; x_wconf 89' lang='lat' dir='ltr'><strong>hocloco</strong></span> <span class='ocrx_word' id='word_1_73' title='bbox 401 1403 569 1482; x_wconf 82' lang='lat' dir='ltr'><strong>explicando.</strong></span> 
     </span>
     <span class='ocr_line' id='line_1_12' title="bbox 121 1491 571 1552; baseline -0.004 -2"><span class='ocrx_word' id='word_1_74' title='bbox 121 1495 185 1552; x_wconf 82' lang='lat' dir='ltr'><strong>Ant.</strong></span> <span class='ocrx_word' id='word_1_75' title='bbox 203 1492 361 1550; x_wconf 83' lang='lat' dir='ltr'><strong>Perizonius</strong></span> <span class='ocrx_word' id='word_1_76' title='bbox 383 1495 467 1550; x_wconf 87' lang='lat' dir='ltr'><strong>scribi</strong></span> <span class='ocrx_word' id='word_1_77' title='bbox 484 1491 571 1551; x_wconf 81' lang='lat' dir='ltr'><strong>voluit</strong></span> 
     </span>
     <span class='ocr_line' id='line_1_13' title="bbox 123 1582 571 1656; baseline 0.002 -20"><span class='ocrx_word' id='word_1_78' title='bbox 123 1582 571 1656; x_wconf 80' lang='lat' dir='ltr'><strong>„adgravantibussummemctiam</strong></span> 
     </span>
     <span class='ocr_line' id='line_1_14' title="bbox 123 1667 569 1745; baseline 0.009 -22"><span class='ocrx_word' id='word_1_79' title='bbox 123 1669 242 1725; x_wconf 85' lang='lat' dir='ltr'><strong>invidiae</strong></span> <span class='ocrx_word' id='word_1_80' title='bbox 261 1688 340 1725; x_wconf 83' lang='lat' dir='ltr'><strong>causa</strong></span> <span class='ocrx_word' id='word_1_81' title='bbox 358 1669 474 1725; x_wconf 87' lang='lat' dir='ltr'><strong>tribunis</strong></span> <span class='ocrx_word' id='word_1_82' title='bbox 492 1667 569 1745; x_wconf 84' lang='lat' dir='ltr'><strong>pl.“:</strong></span> 
     </span>
     <span class='ocr_line' id='line_1_15' title="bbox 51 1754 569 1833; baseline 0.004 -23"><span class='ocrx_word' id='word_1_83' title='bbox 51 1813 61 1829; x_wconf 70' lang='lat'><strong>.</strong></span> <span class='ocrx_word' id='word_1_84' title='bbox 121 1755 247 1833; x_wconf 81' lang='lat' dir='ltr'><strong>Dulrcrus</strong></span> <span class='ocrx_word' id='word_1_85' title='bbox 260 1754 490 1829; x_wconf 81' lang='lat' dir='ltr'><strong>„adgravantibus</strong></span> <span class='ocrx_word' id='word_1_86' title='bbox 498 1775 569 1812; x_wconf 88' lang='lat' dir='ltr'><strong>sum·</strong></span> 
     </span>
     <span class='ocr_line' id='line_1_16' title="bbox 124 1839 569 1898; baseline 0.002 -1"><span class='ocrx_word' id='word_1_87' title='bbox 124 1861 195 1898; x_wconf 86' lang='lat' dir='ltr'><strong>maru</strong></span> <span class='ocrx_word' id='word_1_88' title='bbox 211 1844 296 1897; x_wconf 73' lang='lat' dir='ltr'><strong>&#39;‘etiam</strong></span> <span class='ocrx_word' id='word_1_89' title='bbox 309 1839 443 1897; x_wconf 83' lang='lat' dir='ltr'><strong>invidiose</strong></span> <span class='ocrx_word' id='word_1_90' title='bbox 455 1842 569 1898; x_wconf 86' lang='lat' dir='ltr'><strong>tribunis</strong></span> 
     </span>
     <span class='ocr_line' id='line_1_17' title="bbox 122 1925 570 2006; baseline 0 -23"><span class='ocrx_word' id='word_1_91' title='bbox 122 1926 196 2006; x_wconf 82' lang='lat' dir='ltr'><strong>pl.“:</strong></span> <span class='ocrx_word' id='word_1_92' title='bbox 215 1927 346 1984; x_wconf 81' lang='lat' dir='ltr'><strong>Kloclrius</strong></span> <span class='ocrx_word' id='word_1_93' title='bbox 364 1927 398 1982; x_wconf 84' lang='lat' dir='ltr'><strong>ab</strong></span> <span class='ocrx_word' id='word_1_94' title='bbox 416 1925 475 1982; x_wconf 88' lang='lat' dir='ltr'><strong>aliis</strong></span> <span class='ocrx_word' id='word_1_95' title='bbox 487 1928 570 1983; x_wconf 82' lang='lat' dir='ltr'><strong>scribi</strong></span> 
     </span>
     <span class='ocr_line' id='line_1_18' title="bbox 121 2013 573 2091; baseline -0.002 -20"><span class='ocrx_word' id='word_1_96' title='bbox 121 2015 226 2072; x_wconf 87' lang='lat' dir='ltr'><strong>rettulit</strong></span> <span class='ocrx_word' id='word_1_97' title='bbox 241 2013 473 2091; x_wconf 83' lang='lat' dir='ltr'><strong>„adgravantibus</strong></span> <span class='ocrx_word' id='word_1_98' title='bbox 491 2016 573 2070; x_wconf 86' lang='lat' dir='ltr'><strong>ctiam</strong></span> 
     </span>
     <span class='ocr_line' id='line_1_19' title="bbox 119 2101 570 2165; baseline -0.002 -6"><span class='ocrx_word' id='word_1_99' title='bbox 119 2122 240 2165; x_wconf 87' lang='lat' dir='ltr'><strong>summae</strong></span> <span class='ocrx_word' id='word_1_100' title='bbox 258 2105 317 2162; x_wconf 86' lang='lat' dir='ltr'><strong>eius</strong></span> <span class='ocrx_word' id='word_1_101' title='bbox 329 2101 493 2160; x_wconf 85' lang='lat' dir='ltr'><strong>invidiam“.</strong></span> <span class='ocrx_word' id='word_1_102' title='bbox 513 2101 570 2158; x_wconf 92' lang='lat' dir='ltr'><strong>0b·</strong></span> 
     </span>
    </p>
   </div>
   <div class='ocr_carea' id='block_1_5' title="bbox 119 2185 602 2249">
    <p class='ocr_par' dir='ltr' id='par_1_5' title="bbox 119 2185 602 2249">
     <span class='ocr_line' id='line_1_20' title="bbox 119 2185 602 2249; baseline -0.006 -3"><span class='ocrx_word' id='word_1_103' title='bbox 119 2209 214 2248; x_wconf 79' lang='lat' dir='ltr'><strong>neurus</strong></span> <span class='ocrx_word' id='word_1_104' title='bbox 236 2191 344 2249; x_wconf 84' lang='lat' dir='ltr'><strong>videtur</strong></span> <span class='ocrx_word' id='word_1_105' title='bbox 374 2189 451 2245; x_wconf 88' lang='lat' dir='ltr'><strong>locus</strong></span> <span class='ocrx_word' id='word_1_106' title='bbox 477 2188 570 2245; x_wconf 75' lang='lat' dir='ltr'><strong>verbis</strong></span> <span class='ocrx_word' id='word_1_107' title='bbox 599 2185 602 2195; x_wconf 85' lang='lat'>&#39;</span> 
     </span>
    </p>
   </div>
   <div class='ocr_carea' id='block_1_6' title="bbox 54 2274 572 3395">
    <p class='ocr_par' dir='ltr' id='par_1_6' title="bbox 54 2274 572 3395">
     <span class='ocr_line' id='line_1_21' title="bbox 118 2274 568 2348; baseline -0.011 -13"><span class='ocrx_word' id='word_1_108' title='bbox 118 2299 281 2348; x_wconf 83' lang='lat' dir='ltr'><strong>„summam</strong></span> <span class='ocrx_word' id='word_1_109' title='bbox 291 2279 423 2334; x_wconf 77' lang='lat' dir='ltr'><strong>invidias</strong></span> <span class='ocrx_word' id='word_1_110' title='bbox 434 2278 516 2333; x_wconf 83' lang='lat' dir='ltr'><strong>eius“</strong></span> <span class='ocrx_word' id='word_1_111' title='bbox 528 2274 568 2330; x_wconf 88' lang='lat' dir='ltr'><strong>la·</strong></span> 
     </span>
     <span class='ocr_line' id='line_1_22' title="bbox 119 2362 566 2442; baseline -0.004 -21"><span class='ocrx_word' id='word_1_112' title='bbox 119 2375 177 2422; x_wconf 88' lang='lat' dir='ltr'><strong>ctus</strong></span> <span class='ocrx_word' id='word_1_113' title='bbox 188 2386 255 2433; x_wconf 84' lang='lat' dir='ltr'><strong>csse,</strong></span> <span class='ocrx_word' id='word_1_114' title='bbox 265 2382 425 2442; x_wconf 81' lang='lat' dir='ltr'><strong>quamquem</strong></span> <span class='ocrx_word' id='word_1_115' title='bbox 432 2383 485 2420; x_wconf 93' lang='lat' dir='ltr'><strong>non</strong></span> <span class='ocrx_word' id='word_1_116' title='bbox 496 2362 566 2419; x_wconf 88' lang='lat' dir='ltr'><strong>dilli-</strong></span> 
     </span>
     <span class='ocr_line' id='line_1_23' title="bbox 119 2450 566 2519; baseline -0.007 -10"><span class='ocrx_word' id='word_1_117' title='bbox 119 2453 170 2510; x_wconf 89' lang='lat' dir='ltr'><strong>cile</strong></span> <span class='ocrx_word' id='word_1_118' title='bbox 179 2451 393 2519; x_wconf 79' lang='lat' dir='ltr'><strong>erotintcllectu‚</strong></span> <span class='ocrx_word' id='word_1_119' title='bbox 407 2451 473 2507; x_wconf 86' lang='lat' dir='ltr'><strong>haec</strong></span> <span class='ocrx_word' id='word_1_120' title='bbox 485 2450 566 2508; x_wconf 78' lang='lat' dir='ltr'><strong>verbe</strong></span> 
     </span>
     <span class='ocr_line' id='line_1_24' title="bbox 117 2538 572 2616; baseline -0.002 -20"><span class='ocrx_word' id='word_1_121' title='bbox 117 2540 185 2597; x_wconf 91' lang='lat' dir='ltr'><strong>nihil</strong></span> <span class='ocrx_word' id='word_1_122' title='bbox 206 2540 280 2596; x_wconf 89' lang='lat' dir='ltr'><strong>aliud</strong></span> <span class='ocrx_word' id='word_1_123' title='bbox 306 2538 460 2615; x_wconf 78' lang='lat' dir='ltr'><strong>significare</strong></span> <span class='ocrx_word' id='word_1_124' title='bbox 486 2559 572 2616; x_wconf 82' lang='lat' dir='ltr'><strong>quam</strong></span> 
     </span>
     <span class='ocr_line' id='line_1_25' title="bbox 118 2626 565 2703; baseline -0.002 -20"><span class='ocrx_word' id='word_1_125' title='bbox 118 2646 274 2697; x_wconf 88' lang='lat' dir='ltr'><strong>„summam</strong></span> <span class='ocrx_word' id='word_1_126' title='bbox 305 2630 373 2684; x_wconf 84' lang='lat' dir='ltr'><strong>aeris</strong></span> <span class='ocrx_word' id='word_1_127' title='bbox 404 2626 484 2683; x_wconf 88' lang='lat' dir='ltr'><strong>alieni</strong></span> <span class='ocrx_word' id='word_1_128' title='bbox 511 2646 565 2703; x_wconf 89' lang='lat' dir='ltr'><strong>qno</strong></span> 
     </span>
     <span class='ocr_line' id='line_1_26' title="bbox 116 2714 565 2773; baseline 0.011 -5"><span class='ocrx_word' id='word_1_129' title='bbox 116 2724 190 2771; x_wconf 85' lang='lat' dir='ltr'><strong>tanta</strong></span> <span class='ocrx_word' id='word_1_130' title='bbox 209 2715 310 2772; x_wconf 86' lang='lat' dir='ltr'><strong>invidia</strong></span> <span class='ocrx_word' id='word_1_131' title='bbox 328 2714 445 2771; x_wconf 78' lang='lat' dir='ltr'><strong>conflate</strong></span> <span class='ocrx_word' id='word_1_132' title='bbox 463 2719 565 2773; x_wconf 86' lang='lat' dir='ltr'><strong>esset“.</strong></span> 
     </span>
     <span class='ocr_line' id='line_1_27' title="bbox 84 2799 565 2858; baseline -0.002 -2"><span class='ocrx_word' id='word_1_133' title='bbox 84 2828 97 2834; x_wconf 92' lang='lat'><em>-</em></span> <span class='ocrx_word' id='word_1_134' title='bbox 117 2809 146 2856; x_wconf 93' lang='lat' dir='ltr'><strong>at</strong></span> <span class='ocrx_word' id='word_1_135' title='bbox 162 2799 257 2858; x_wconf 86' lang='lat' dir='ltr'><strong>Livius</strong></span> <span class='ocrx_word' id='word_1_136' title='bbox 276 2816 331 2858; x_wconf 91' lang='lat' dir='ltr'><strong>non</strong></span> <span class='ocrx_word' id='word_1_137' title='bbox 349 2801 437 2857; x_wconf 87' lang='lat' dir='ltr'><strong>solum</strong></span> <span class='ocrx_word' id='word_1_138' title='bbox 455 2811 482 2856; x_wconf 89' lang='lat' dir='ltr'><strong>et</strong></span> <span class='ocrx_word' id='word_1_139' title='bbox 500 2800 565 2857; x_wconf 84' lang='lat' dir='ltr'><strong>alias</strong></span> 
     </span>
     <span class='ocr_line' id='line_1_28' title="bbox 118 2888 566 2963; baseline 0 -19"><span class='ocrx_word' id='word_1_140' title='bbox 118 2888 253 2947; x_wconf 80' lang='lat' dir='ltr'><strong>similibus</strong></span> <span class='ocrx_word' id='word_1_141' title='bbox 263 2891 393 2945; x_wconf 87' lang='lat' dir='ltr'><strong>orationis</strong></span> <span class='ocrx_word' id='word_1_142' title='bbox 399 2889 491 2963; x_wconf 82' lang='lat' dir='ltr'><strong>figuris</strong></span> <span class='ocrx_word' id='word_1_143' title='bbox 500 2908 566 2944; x_wconf 89' lang='lat' dir='ltr'><strong>usus</strong></span> 
     </span>
     <span class='ocr_line' id='line_1_29' title="bbox 117 2975 566 3055; baseline -0.004 -22"><span class='ocrx_word' id='word_1_144' title='bbox 117 2986 167 3055; x_wconf 83' lang='lat' dir='ltr'><strong>est,</strong></span> <span class='ocrx_word' id='word_1_145' title='bbox 186 2977 235 3035; x_wconf 88' lang='lat' dir='ltr'><strong>sed</strong></span> <span class='ocrx_word' id='word_1_146' title='bbox 260 2979 340 3035; x_wconf 83' lang='lat' dir='ltr'><strong>etiam</strong></span> <span class='ocrx_word' id='word_1_147' title='bbox 364 2975 418 3033; x_wconf 91' lang='lat' dir='ltr'><strong>boc</strong></span> <span class='ocrx_word' id='word_1_148' title='bbox 439 2975 500 3032; x_wconf 87' lang='lat' dir='ltr'><strong>loeo</strong></span> <span class='ocrx_word' id='word_1_149' title='bbox 519 2977 566 3033; x_wconf 81' lang='lat' dir='ltr'><strong>vix</strong></span> 
     </span>
     <span class='ocr_line' id='line_1_30' title="bbox 116 3062 564 3141; baseline -0.009 -19"><span class='ocrx_word' id='word_1_150' title='bbox 116 3065 193 3122; x_wconf 86' lang='lat' dir='ltr'><strong>aliter</strong></span> <span class='ocrx_word' id='word_1_151' title='bbox 211 3064 329 3122; x_wconf 84' lang='lat' dir='ltr'><strong>scribere</strong></span> <span class='ocrx_word' id='word_1_152' title='bbox 350 3066 453 3141; x_wconf 85' lang='lat' dir='ltr'><strong>potnit,</strong></span> <span class='ocrx_word' id='word_1_153' title='bbox 481 3062 564 3141; x_wconf 83' lang='lat' dir='ltr'><strong>quod,</strong></span> 
     </span>
     <span class='ocr_line' id='line_1_31' title="bbox 116 3153 563 3232; baseline -0.007 -23"><span class='ocrx_word' id='word_1_154' title='bbox 116 3155 141 3209; x_wconf 84' lang='lat' dir='ltr'><strong>si</strong></span> <span class='ocrx_word' id='word_1_155' title='bbox 159 3155 314 3232; x_wconf 83' lang='lat' dir='ltr'><strong>scripsisset</strong></span> <span class='ocrx_word' id='word_1_156' title='bbox 326 3172 471 3210; x_wconf 81' lang='lat' dir='ltr'><strong>summum</strong></span> <span class='ocrx_word' id='word_1_157' title='bbox 483 3153 563 3207; x_wconf 82' lang='lat' dir='ltr'><strong>aeris</strong></span> 
     </span>
     <span class='ocr_line' id='line_1_32' title="bbox 116 3241 564 3319; baseline -0.002 -24"><span class='ocrx_word' id='word_1_158' title='bbox 116 3242 210 3297; x_wconf 82' lang='lat' dir='ltr'><strong>alieni</strong></span> <span class='ocrx_word' id='word_1_159' title='bbox 225 3242 462 3319; x_wconf 78' lang='lat' dir='ltr'><strong>adgravantibus</strong></span> <span class='ocrx_word' id='word_1_160' title='bbox 473 3241 564 3295; x_wconf 80' lang='lat' dir='ltr'><strong>tridu-</strong></span> 
     </span>
     <span class='ocr_line' id='line_1_33' title="bbox 54 3328 564 3395; baseline 0 -14"><span class='ocrx_word' id='word_1_161' title='bbox 54 3380 59 3389; x_wconf 91' lang='grc'><em>,</em></span> <span class='ocrx_word' id='word_1_162' title='bbox 73 3360 75 3364; x_wconf 93' lang='grc'>-</span> <span class='ocrx_word' id='word_1_163' title='bbox 116 3328 173 3395; x_wconf 80' lang='lat' dir='ltr'><strong>nis,</strong></span> <span class='ocrx_word' id='word_1_164' title='bbox 184 3328 307 3383; x_wconf 87' lang='lat' dir='ltr'><strong>tribunos</strong></span> <span class='ocrx_word' id='word_1_165' title='bbox 319 3329 440 3389; x_wconf 85' lang='lat' dir='ltr'><strong>criminis</strong></span> <span class='ocrx_word' id='word_1_166' title='bbox 452 3328 564 3385; x_wconf 87' lang='lat' dir='ltr'><strong>insimu-</strong></span> 
     </span>
    </p>
   </div>
   <div class='ocr_carea' id='block_1_7' title="bbox 115 3410 619 3481">
    <p class='ocr_par' dir='ltr' id='par_1_7' title="bbox 115 3410 619 3481">
     <span class='ocr_line' id='line_1_34' title="bbox 115 3410 619 3481; baseline 0.006 -14"><span class='ocrx_word' id='word_1_167' title='bbox 115 3410 212 3481; x_wconf 82' lang='lat' dir='ltr'><strong>lasset,</strong></span> <span class='ocrx_word' id='word_1_168' title='bbox 242 3417 317 3471; x_wconf 87' lang='lat' dir='ltr'><strong>cnius</strong></span> <span class='ocrx_word' id='word_1_169' title='bbox 339 3417 461 3471; x_wconf 86' lang='lat' dir='ltr'><strong>insontes</strong></span> <span class='ocrx_word' id='word_1_170' title='bbox 478 3415 570 3470; x_wconf 81' lang='lat' dir='ltr'><strong>luisse.</strong></span> <span class='ocrx_word' id='word_1_171' title='bbox 616 3411 619 3415; x_wconf 34' lang='lat'><strong>¹</strong></span> 
     </span>
    </p>
   </div>
   <div class='ocr_carea' id='block_1_8' title="bbox 113 3501 565 3838">
    <p class='ocr_par' dir='ltr' id='par_1_8' title="bbox 113 3501 565 3838">
     <span class='ocr_line' id='line_1_35' title="bbox 115 3501 561 3579; baseline 0.007 -25"><span class='ocrx_word' id='word_1_172' title='bbox 115 3509 249 3579; x_wconf 85' lang='lat' dir='ltr'><strong>poterant.</strong></span> <span class='ocrx_word' id='word_1_173' title='bbox 277 3502 379 3558; x_wconf 86' lang='lat' dir='ltr'><strong>tribuni</strong></span> <span class='ocrx_word' id='word_1_174' title='bbox 406 3505 492 3577; x_wconf 82' lang='lat' dir='ltr'><strong>igitur·</strong></span> <span class='ocrx_word' id='word_1_175' title='bbox 515 3501 561 3557; x_wconf 87' lang='lat' dir='ltr'><strong>ad·</strong></span> 
     </span>
     <span class='ocr_line' id='line_1_36' title="bbox 114 3587 565 3662; baseline 0.007 -19"><span class='ocrx_word' id='word_1_176' title='bbox 114 3606 227 3662; x_wconf 81' lang='lat' dir='ltr'><strong>gravare</strong></span> <span class='ocrx_word' id='word_1_177' title='bbox 255 3587 308 3656; x_wconf 88' lang='lat' dir='ltr'><strong>(cl.</strong></span> <span class='ocrx_word' id='word_1_178' title='bbox 331 3591 362 3654; x_wconf 81' lang='lat'><strong>4,</strong></span> <span class='ocrx_word' id='word_1_179' title='bbox 385 3592 443 3656; x_wconf 66' lang='lat'><strong>12.)</strong></span> <span class='ocrx_word' id='word_1_180' title='bbox 471 3591 565 3646; x_wconf 76' lang='lat' dir='ltr'><strong>conati·</strong></span> 
     </span>
     <span class='ocr_line' id='line_1_37' title="bbox 113 3673 564 3753; baseline 0.002 -22"><span class='ocrx_word' id='word_1_181' title='bbox 113 3684 178 3731; x_wconf 88' lang='lat' dir='ltr'><strong>suut</strong></span> <span class='ocrx_word' id='word_1_182' title='bbox 196 3673 293 3730; x_wconf 82' lang='lat' dir='ltr'><strong>lamam</strong></span> <span class='ocrx_word' id='word_1_183' title='bbox 311 3677 381 3731; x_wconf 77' lang='lat' dir='ltr'><strong>seris</strong></span> <span class='ocrx_word' id='word_1_184' title='bbox 398 3676 487 3744; x_wconf 85' lang='lat' dir='ltr'><strong>alieni,</strong></span> <span class='ocrx_word' id='word_1_185' title='bbox 505 3697 564 3753; x_wconf 86' lang='lat' dir='ltr'><strong>qno</strong></span> 
     </span>
     <span class='ocr_line' id='line_1_38' title="bbox 114 3763 561 3838; baseline 0.002 -19"><span class='ocrx_word' id='word_1_186' title='bbox 114 3763 206 3820; x_wconf 64' lang='lat' dir='ltr'><strong>modio</strong></span> <span class='ocrx_word' id='word_1_187' title='bbox 238 3780 349 3817; x_wconf 80' lang='lat' dir='ltr'><strong>necesse</strong></span> <span class='ocrx_word' id='word_1_188' title='bbox 372 3766 442 3818; x_wconf 73' lang='lat' dir='ltr'><strong>‘erat</strong></span> <span class='ocrx_word' id='word_1_189' title='bbox 469 3766 561 3838; x_wconf 81' lang='lat' dir='ltr'><strong>augeri</strong></span> 
     </span>
    </p>
   </div>
   <div class='ocr_carea' id='block_1_9' title="bbox 705 1136 1172 3491">
    <p class='ocr_par' dir='ltr' id='par_1_9' title="bbox 705 1136 1172 3491">
     <span class='ocr_line' id='line_1_39' title="bbox 713 1136 1161 1223; baseline -0.004 -23"><span class='ocrx_word' id='word_1_190' title='bbox 713 1146 923 1223; x_wconf 83' lang='lat' dir='ltr'><strong>rentpecuniam</strong></span> <span class='ocrx_word' id='word_1_191' title='bbox 932 1143 1062 1201; x_wconf 72' lang='lat' dir='ltr'><strong>creditam</strong></span> <span class='ocrx_word' id='word_1_192' title='bbox 1072 1143 1105 1199; x_wconf 83' lang='lat' dir='ltr'><strong>ab</strong></span> <span class='ocrx_word' id='word_1_193' title='bbox 1115 1136 1161 1198; x_wconf 84' lang='lat' dir='ltr'><strong>de·</strong></span> 
     </span>
     <span class='ocr_line' id='line_1_40' title="bbox 713 1228 1162 1305; baseline -0.016 -14"><span class='ocrx_word' id='word_1_194' title='bbox 713 1233 846 1291; x_wconf 85' lang='lat' dir='ltr'><strong>bitoribus</strong></span> <span class='ocrx_word' id='word_1_195' title='bbox 859 1253 913 1289; x_wconf 90' lang='lat' dir='ltr'><strong>non</strong></span> <span class='ocrx_word' id='word_1_196' title='bbox 926 1230 1005 1299; x_wconf 80' lang='lat' dir='ltr'><strong>solvi,</strong></span> <span class='ocrx_word' id='word_1_197' title='bbox 1018 1251 1073 1287; x_wconf 92' lang='lat' dir='ltr'><strong>non</strong></span> <span class='ocrx_word' id='word_1_198' title='bbox 1086 1228 1162 1305; x_wconf 86' lang='lat' dir='ltr'><strong>quod</strong></span> 
     </span>
     <span class='ocr_line' id='line_1_41' title="bbox 713 1310 1159 1397; baseline -0.016 -19"><span class='ocrx_word' id='word_1_199' title='bbox 713 1320 820 1379; x_wconf 89' lang='lat' dir='ltr'><strong>lortuna</strong></span> <span class='ocrx_word' id='word_1_200' title='bbox 838 1319 887 1377; x_wconf 89' lang='lat' dir='ltr'><strong>sed</strong></span> <span class='ocrx_word' id='word_1_201' title='bbox 905 1310 1056 1397; x_wconf 81' lang='lat' dir='ltr'><strong>quodlides</strong></span> <span class='ocrx_word' id='word_1_202' title='bbox 1073 1326 1100 1372; x_wconf 87' lang='lat' dir='ltr'><strong>et</strong></span> <span class='ocrx_word' id='word_1_203' title='bbox 1111 1330 1159 1373; x_wconf 61' lang='lat' dir='ltr'><strong>vo*</strong></span> 
     </span>
     <span class='ocr_line' id='line_1_42' title="bbox 713 1401 1159 1471; baseline -0.018 -6"><span class='ocrx_word' id='word_1_204' title='bbox 713 1408 801 1465; x_wconf 87' lang='lat' dir='ltr'><strong>luntas</strong></span> <span class='ocrx_word' id='word_1_205' title='bbox 808 1407 932 1465; x_wconf 82' lang='lat' dir='ltr'><strong>solvendi</strong></span> <span class='ocrx_word' id='word_1_206' title='bbox 938 1407 1051 1463; x_wconf 84' lang='lat' dir='ltr'><strong>deesset.</strong></span> <span class='ocrx_word' id='word_1_207' title='bbox 1064 1401 1159 1471; x_wconf 84' lang='lat' dir='ltr'><strong>„Ancb</strong></span> 
     </span>
     <span class='ocr_line' id='line_1_43' title="bbox 712 1491 1157 1553; baseline -0.016 -1"><span class='ocrx_word' id='word_1_208' title='bbox 712 1505 767 1552; x_wconf 91' lang='lat' dir='ltr'><strong>trat</strong></span> <span class='ocrx_word' id='word_1_209' title='bbox 784 1500 813 1552; x_wconf 92' lang='lat' dir='ltr'><strong>in</strong></span> <span class='ocrx_word' id='word_1_210' title='bbox 832 1495 933 1552; x_wconf 80' lang='lat' dir='ltr'><strong>diesem</strong></span> <span class='ocrx_word' id='word_1_211' title='bbox 947 1494 1029 1553; x_wconf 71' lang='lat' dir='ltr'><strong>dabre</strong></span> <span class='ocrx_word' id='word_1_212' title='bbox 1048 1492 1096 1547; x_wconf 85' lang='lat' dir='ltr'><strong>das</strong></span> <span class='ocrx_word' id='word_1_213' title='bbox 1107 1491 1157 1547; x_wconf 85' lang='lat' dir='ltr'><strong>Be·</strong></span> 
     </span>
     <span class='ocr_line' id='line_1_44' title="bbox 712 1577 1158 1643; baseline -0.02 -1"><span class='ocrx_word' id='word_1_214' title='bbox 712 1577 1158 1643; x_wconf 69' lang='lat' dir='ltr'><strong>diirluisseinCensorcuzuwib·</strong></span> 
     </span>
     <span class='ocr_line' id='line_1_45' title="bbox 712 1665 1158 1744; baseline -0.027 -13"><span class='ocrx_word' id='word_1_215' title='bbox 712 1670 771 1740; x_wconf 84' lang='lat' dir='ltr'><strong>len,</strong></span> <span class='ocrx_word' id='word_1_216' title='bbox 793 1670 948 1744; x_wconf 83' lang='lat' dir='ltr'><strong>rorziiglich</strong></span> <span class='ocrx_word' id='word_1_217' title='bbox 966 1669 1014 1724; x_wconf 87' lang='lat' dir='ltr'><strong>der</strong></span> <span class='ocrx_word' id='word_1_218' title='bbox 1035 1665 1158 1723; x_wconf 83' lang='lat' dir='ltr'><strong>unsicbe·</strong></span> 
     </span>
     <span class='ocr_line' id='line_1_46' title="bbox 712 1750 1160 1832; baseline -0.025 -17"><span class='ocrx_word' id='word_1_219' title='bbox 712 1778 760 1816; x_wconf 85' lang='lat' dir='ltr'><strong>ren</strong></span> <span class='ocrx_word' id='word_1_220' title='bbox 773 1757 903 1832; x_wconf 81' lang='lat' dir='ltr'><strong>Angaben</strong></span> <span class='ocrx_word' id='word_1_221' title='bbox 915 1774 1018 1829; x_wconf 69' lang='lat' dir='ltr'><strong>mogon,</strong></span> <span class='ocrx_word' id='word_1_222' title='bbox 1038 1752 1081 1807; x_wconf 90' lang='lat' dir='ltr'><strong>dic</strong></span> <span class='ocrx_word' id='word_1_223' title='bbox 1093 1750 1160 1805; x_wconf 85' lang='lat' dir='ltr'><strong>iiber</strong></span> 
     </span>
     <span class='ocr_line' id='line_1_47' title="bbox 711 1835 1158 1902; baseline -0.025 0"><span class='ocrx_word' id='word_1_224' title='bbox 711 1845 761 1902; x_wconf 86' lang='lat' dir='ltr'><strong>das</strong></span> <span class='ocrx_word' id='word_1_225' title='bbox 773 1842 940 1901; x_wconf 79' lang='lat' dir='ltr'><strong>Verbtltniss</strong></span> <span class='ocrx_word' id='word_1_226' title='bbox 959 1841 1008 1897; x_wconf 87' lang='lat' dir='ltr'><strong>der</strong></span> <span class='ocrx_word' id='word_1_227' title='bbox 1020 1835 1158 1895; x_wconf 85' lang='lat' dir='ltr'><strong>Sebulden</strong></span> 
     </span>
     <span class='ocr_line' id='line_1_48' title="bbox 712 1922 1159 2004; baseline -0.029 -14"><span class='ocrx_word' id='word_1_228' title='bbox 712 1954 746 1990; x_wconf 82' lang='lat' dir='ltr'><strong>au</strong></span> <span class='ocrx_word' id='word_1_229' title='bbox 777 1933 839 1989; x_wconf 91' lang='lat' dir='ltr'><strong>dem</strong></span> <span class='ocrx_word' id='word_1_230' title='bbox 867 1922 1159 2004; x_wconf 80' lang='lat' dir='ltr'><strong>Vennbgenszusteuds</strong></span> 
     </span>
     <span class='ocr_line' id='line_1_49' title="bbox 712 2011 1172 2085; baseline -0.024 -9"><span class='ocrx_word' id='word_1_231' title='bbox 712 2022 751 2076; x_wconf 92' lang='lat' dir='ltr'><strong>im</strong></span> <span class='ocrx_word' id='word_1_232' title='bbox 762 2018 874 2075; x_wconf 88' lang='lat' dir='ltr'><strong>Umlanl</strong></span> <span class='ocrx_word' id='word_1_233' title='bbox 887 2037 987 2083; x_wconf 85' lang='lat' dir='ltr'><strong>waren,</strong></span> <span class='ocrx_word' id='word_1_234' title='bbox 1005 2014 1097 2070; x_wconf 88' lang='lat' dir='ltr'><strong>indem</strong></span> <span class='ocrx_word' id='word_1_235' title='bbox 1115 2011 1172 2085; x_wconf 28' lang='lat' dir='ltr'><strong>dis·</strong></span> 
     </span>
     <span class='ocr_line' id='line_1_50' title="bbox 712 2099 1159 2165; baseline -0.025 0"><span class='ocrx_word' id='word_1_236' title='bbox 712 2106 924 2165; x_wconf 79' lang='lat' dir='ltr'><strong>Vollrstribunen</strong></span> <span class='ocrx_word' id='word_1_237' title='bbox 936 2104 979 2160; x_wconf 88' lang='lat' dir='ltr'><strong>die</strong></span> <span class='ocrx_word' id='word_1_238' title='bbox 989 2101 1090 2158; x_wconf 81' lang='lat' dir='ltr'><strong>Grttsse</strong></span> <span class='ocrx_word' id='word_1_239' title='bbox 1101 2099 1159 2155; x_wconf 85' lang='lat' dir='ltr'><strong>dio·</strong></span> 
     </span>
     <span class='ocr_line' id='line_1_51' title="bbox 712 2187 1158 2269; baseline -0.02 -17"><span class='ocrx_word' id='word_1_240' title='bbox 712 2215 756 2253; x_wconf 84' lang='lat' dir='ltr'><strong>ses</strong></span> <span class='ocrx_word' id='word_1_241' title='bbox 779 2193 937 2269; x_wconf 76' lang='lat' dir='ltr'><strong>gehtssigen</strong></span> <span class='ocrx_word' id='word_1_242' title='bbox 958 2187 1158 2266; x_wconf 82' lang='lat' dir='ltr'><strong>Gcgenstandes</strong></span> 
     </span>
     <span class='ocr_line' id='line_1_52' title="bbox 711 2275 1158 2358; baseline -0.009 -19"><span class='ocrx_word' id='word_1_243' title='bbox 711 2279 902 2358; x_wconf 76' lang='lat' dir='ltr'><strong>gellissontlicb</strong></span> <span class='ocrx_word' id='word_1_244' title='bbox 925 2277 998 2336; x_wconf 89' lang='lat' dir='ltr'><strong>noch</strong></span> <span class='ocrx_word' id='word_1_245' title='bbox 1023 2275 1158 2335; x_wconf 73' lang='lat' dir='ltr'><strong>lurcbtbe·</strong></span> 
     </span>
     <span class='ocr_line' id='line_1_53' title="bbox 709 2361 1158 2435; baseline -0.02 -7"><span class='ocrx_word' id='word_1_246' title='bbox 709 2392 755 2435; x_wconf 78' lang='lat' dir='ltr'><strong>rer</strong></span> <span class='ocrx_word' id='word_1_247' title='bbox 767 2369 923 2427; x_wconf 83' lang='lat' dir='ltr'><strong>erscheineu</strong></span> <span class='ocrx_word' id='word_1_248' title='bbox 938 2385 971 2422; x_wconf 86' lang='lat' dir='ltr'><strong>zu</strong></span> <span class='ocrx_word' id='word_1_249' title='bbox 982 2364 1071 2427; x_wconf 80' lang='lat' dir='ltr'><strong>lassen</strong></span> <span class='ocrx_word' id='word_1_250' title='bbox 1080 2361 1158 2420; x_wconf 83' lang='lat' dir='ltr'><strong>sueb-</strong></span> 
     </span>
     <span class='ocr_line' id='line_1_54' title="bbox 709 2450 1157 2526; baseline -0.018 -11"><span class='ocrx_word' id='word_1_251' title='bbox 709 2467 765 2526; x_wconf 89' lang='lat' dir='ltr'><strong>ten,</strong></span> <span class='ocrx_word' id='word_1_252' title='bbox 794 2453 927 2514; x_wconf 70' lang='lat' dir='ltr'><strong>webrend</strong></span> <span class='ocrx_word' id='word_1_253' title='bbox 955 2450 1075 2510; x_wconf 85' lang='lat' dir='ltr'><strong>dieselbe</strong></span> <span class='ocrx_word' id='word_1_254' title='bbox 1103 2469 1157 2508; x_wconf 80' lang='lat' dir='ltr'><strong>non</strong></span> 
     </span>
     <span class='ocr_line' id='line_1_55' title="bbox 709 2539 1158 2619; baseline -0.024 -17"><span class='ocrx_word' id='word_1_255' title='bbox 709 2545 797 2602; x_wconf 85' lang='lat' dir='ltr'><strong>denen</strong></span> <span class='ocrx_word' id='word_1_256' title='bbox 814 2545 937 2619; x_wconf 84' lang='lat' dir='ltr'><strong>geringer</strong></span> <span class='ocrx_word' id='word_1_257' title='bbox 949 2539 988 2597; x_wconf 85' lang='lat' dir='ltr'><strong>als</strong></span> <span class='ocrx_word' id='word_1_258' title='bbox 1005 2541 1046 2595; x_wconf 88' lang='lat' dir='ltr'><strong>sie</strong></span> <span class='ocrx_word' id='word_1_259' title='bbox 1058 2557 1086 2594; x_wconf 85' lang='lat' dir='ltr'><strong>cs</strong></span> <span class='ocrx_word' id='word_1_260' title='bbox 1098 2555 1158 2592; x_wconf 76' lang='lat' dir='ltr'><strong>war</strong></span> 
     </span>
     <span class='ocr_line' id='line_1_56' title="bbox 708 2624 1156 2710; baseline -0.022 -22"><span class='ocrx_word' id='word_1_261' title='bbox 708 2630 907 2710; x_wconf 79' lang='lat' dir='ltr'><strong>angescblsgen</strong></span> <span class='ocrx_word' id='word_1_262' title='bbox 919 2628 1012 2696; x_wconf 82' lang='lat' dir='ltr'><strong>ward,</strong></span> <span class='ocrx_word' id='word_1_263' title='bbox 1034 2624 1156 2681; x_wconf 87' lang='lat' dir='ltr'><strong>welchcn</strong></span> 
     </span>
     <span class='ocr_line' id='line_1_57' title="bbox 708 2711 1155 2784; baseline -0.027 -7"><span class='ocrx_word' id='word_1_264' title='bbox 708 2739 739 2777; x_wconf 83' lang='lat' dir='ltr'><strong>cs</strong></span> <span class='ocrx_word' id='word_1_265' title='bbox 761 2740 795 2775; x_wconf 84' lang='lat' dir='ltr'><strong>zu</strong></span> <span class='ocrx_word' id='word_1_266' title='bbox 818 2717 890 2774; x_wconf 80' lang='lat' dir='ltr'><strong>Gute</strong></span> <span class='ocrx_word' id='word_1_267' title='bbox 913 2715 989 2784; x_wconf 71' lang='lat' dir='ltr'><strong>kam,</strong></span> <span class='ocrx_word' id='word_1_268' title='bbox 1020 2714 1082 2770; x_wconf 86' lang='lat' dir='ltr'><strong>dass</strong></span> <span class='ocrx_word' id='word_1_269' title='bbox 1110 2711 1155 2767; x_wconf 90' lang='lat' dir='ltr'><strong>die</strong></span> 
     </span>
     <span class='ocr_line' id='line_1_58' title="bbox 706 2797 1155 2880; baseline -0.031 -17"><span class='ocrx_word' id='word_1_270' title='bbox 706 2805 896 2880; x_wconf 78' lang='lat' dir='ltr'><strong>Verzbgerung</strong></span> <span class='ocrx_word' id='word_1_271' title='bbox 921 2801 971 2859; x_wconf 83' lang='lat' dir='ltr'><strong>der</strong></span> <span class='ocrx_word' id='word_1_272' title='bbox 989 2797 1155 2854; x_wconf 77' lang='lat' dir='ltr'><strong>Zurtielrzab-</strong></span> 
     </span>
     <span class='ocr_line' id='line_1_59' title="bbox 708 2881 1156 2964; baseline -0.027 -16"><span class='ocrx_word' id='word_1_273' title='bbox 708 2892 774 2964; x_wconf 84' lang='lat' dir='ltr'><strong>lung</strong></span> <span class='ocrx_word' id='word_1_274' title='bbox 791 2890 867 2945; x_wconf 83' lang='lat' dir='ltr'><strong>nicht</strong></span> <span class='ocrx_word' id='word_1_275' title='bbox 885 2886 970 2943; x_wconf 90' lang='lat' dir='ltr'><strong>durclr</strong></span> <span class='ocrx_word' id='word_1_276' title='bbox 987 2881 1156 2956; x_wconf 74' lang='lat' dir='ltr'><strong>denblangel</strong></span> 
     </span>
     <span class='ocr_line' id='line_1_60' title="bbox 709 2962 1160 3034; baseline -0.027 1"><span class='ocrx_word' id='word_1_277' title='bbox 709 2998 743 3034; x_wconf 87' lang='lat' dir='ltr'><strong>an</strong></span> <span class='ocrx_word' id='word_1_278' title='bbox 762 2975 831 3034; x_wconf 85' lang='lat' dir='ltr'><strong>Geld</strong></span> <span class='ocrx_word' id='word_1_279' title='bbox 854 2977 972 3031; x_wconf 89' lang='lat' dir='ltr'><strong>sondern</strong></span> <span class='ocrx_word' id='word_1_280' title='bbox 999 2967 1084 3027; x_wconf 87' lang='lat' dir='ltr'><strong>durch</strong></span> <span class='ocrx_word' id='word_1_281' title='bbox 1101 2962 1160 3025; x_wconf 63' lang='lat' dir='ltr'><strong>dcn‘</strong></span> 
     </span>
     <span class='ocr_line' id='line_1_61' title="bbox 705 3057 1155 3142; baseline -0.022 -19"><span class='ocrx_word' id='word_1_282' title='bbox 705 3065 809 3142; x_wconf 79' lang='lat' dir='ltr'><strong>blangel</strong></span> <span class='ocrx_word' id='word_1_283' title='bbox 827 3084 862 3121; x_wconf 90' lang='lat' dir='ltr'><strong>an</strong></span> <span class='ocrx_word' id='word_1_284' title='bbox 874 3057 1155 3133; x_wconf 78' lang='lat' dir='ltr'><strong>Gewissenliaitiglreit</strong></span> 
     </span>
     <span class='ocr_line' id='line_1_62' title="bbox 707 3147 1154 3222; baseline -0.02 -12"><span class='ocrx_word' id='word_1_285' title='bbox 707 3151 755 3210; x_wconf 84' lang='lat' dir='ltr'><strong>der</strong></span> <span class='ocrx_word' id='word_1_286' title='bbox 776 3152 929 3211; x_wconf 87' lang='lat' dir='ltr'><strong>Schuldner</strong></span> <span class='ocrx_word' id='word_1_287' title='bbox 955 3147 1154 3222; x_wconf 61' lang='lat' dir='ltr'><strong>berbeigeltibrt</strong></span> 
     </span>
     <span class='ocr_line' id='line_1_63' title="bbox 705 3237 1153 3310; baseline -0.022 -12"><span class='ocrx_word' id='word_1_288' title='bbox 705 3240 846 3302; x_wconf 78' lang='lat' dir='ltr'><strong>scheine‘⁶.</strong></span> <span class='ocrx_word' id='word_1_289' title='bbox 868 3272 904 3283; x_wconf 89' lang='lat'>-</span> <span class='ocrx_word' id='word_1_290' title='bbox 927 3239 958 3294; x_wconf 91' lang='lat' dir='ltr'><strong>ln</strong></span> <span class='ocrx_word' id='word_1_291' title='bbox 976 3237 999 3294; x_wconf 89' lang='lat' dir='ltr'><strong>P</strong></span> <span class='ocrx_word' id='word_1_292' title='bbox 1020 3237 1153 3310; x_wconf 85' lang='lat' dir='ltr'><strong>scriptum</strong></span> 
     </span>
     <span class='ocr_line' id='line_1_64' title="bbox 706 3326 1152 3395; baseline -0.016 -12"><span class='ocrx_word' id='word_1_293' title='bbox 706 3337 748 3383; x_wconf 86' lang='lat' dir='ltr'><strong>cst</strong></span> <span class='ocrx_word' id='word_1_294' title='bbox 765 3349 849 3395; x_wconf 83' lang='lat' dir='ltr'><strong>„cum</strong></span> <span class='ocrx_word' id='word_1_295' title='bbox 867 3329 901 3383; x_wconf 83' lang='lat' dir='ltr'><strong>ab</strong></span> <span class='ocrx_word' id='word_1_296' title='bbox 920 3326 1009 3390; x_wconf 50' lang='lat' dir='ltr'><strong>hinc</strong></span> <span class='ocrx_word' id='word_1_297' title='bbox 1029 3331 1056 3378; x_wconf 86' lang='lat' dir='ltr'><strong>et</strong></span> <span class='ocrx_word' id='word_1_298' title='bbox 1072 3340 1152 3390; x_wconf 80' lang='lat' dir='ltr'><strong>„cre-</strong></span> 
     </span>
     <span class='ocr_line' id='line_1_65' title="bbox 707 3412 1089 3491; baseline -0.01 -20"><span class='ocrx_word' id='word_1_299' title='bbox 707 3412 849 3471; x_wconf 87' lang='lat' dir='ltr'><strong>dontinm“</strong></span> <span class='ocrx_word' id='word_1_300' title='bbox 867 3433 918 3491; x_wconf 90' lang='lat' dir='ltr'><strong>pro</strong></span> <span class='ocrx_word' id='word_1_301' title='bbox 936 3412 1089 3467; x_wconf 75' lang='lat' dir='ltr'><strong>creditum.</strong></span> 
     </span>
    </p>
   </div>
   <div class='ocr_carea' id='block_1_10' title="bbox 650 3495 1151 3572">
    <p class='ocr_par' dir='ltr' id='par_1_10' title="bbox 650 3495 1151 3572">
     <span class='ocr_line' id='line_1_66' title="bbox 650 3495 1151 3572; baseline -0.016 -12"><span class='ocrx_word' id='word_1_302' title='bbox 650 3506 677 3561; x_wconf 88' lang='lat'><strong>3.</strong></span> <span class='ocrx_word' id='word_1_303' title='bbox 704 3503 798 3559; x_wconf 77' lang='lat' dir='ltr'><strong>creati</strong></span> <span class='ocrx_word' id='word_1_304' title='bbox 823 3518 964 3558; x_wconf 76' lang='lat' dir='ltr'><strong>censores</strong></span> <span class='ocrx_word' id='word_1_305' title='bbox 992 3497 1024 3556; x_wconf 83' lang='lat' dir='ltr'><strong>C.</strong></span> <span class='ocrx_word' id='word_1_306' title='bbox 1051 3495 1151 3572; x_wconf 73' lang='lat' dir='ltr'><strong>Sulpi·</strong></span> 
     </span>
    </p>
   </div>
   <div class='ocr_carea' id='block_1_11' title="bbox 702 3584 1151 3840">
    <p class='ocr_par' dir='ltr' id='par_1_11' title="bbox 702 3584 1151 3840">
     <span class='ocr_line' id='line_1_67' title="bbox 703 3584 1151 3660; baseline -0.009 -15"><span class='ocrx_word' id='word_1_307' title='bbox 703 3591 767 3647; x_wconf 82' lang='lat' dir='ltr'><strong>eius</strong></span> <span class='ocrx_word' id='word_1_308' title='bbox 786 3589 961 3646; x_wconf 82' lang='lat' dir='ltr'><strong>Camerinus</strong></span> <span class='ocrx_word' id='word_1_309' title='bbox 980 3584 1032 3660; x_wconf 82' lang='lat' dir='ltr'><strong>Sp.</strong></span> <span class='ocrx_word' id='word_1_310' title='bbox 1044 3584 1151 3642; x_wconf 78' lang='lat' dir='ltr'><strong>Postu·</strong></span> 
     </span>
     <span class='ocr_line' id='line_1_68' title="bbox 702 3672 1150 3754; baseline -0.011 -20"><span class='ocrx_word' id='word_1_311' title='bbox 702 3679 780 3735; x_wconf 83' lang='lat' dir='ltr'><strong>mins</strong></span> <span class='ocrx_word' id='word_1_312' title='bbox 797 3674 995 3754; x_wconf 76' lang='lat' dir='ltr'><strong>Regillensis:</strong></span> <span class='ocrx_word' id='word_1_313' title='bbox 1014 3672 1076 3730; x_wconf 77' lang='lat' dir='ltr'><strong>Pili:</strong></span> <span class='ocrx_word' id='word_1_314' title='bbox 1095 3674 1150 3729; x_wconf 83' lang='lat' dir='ltr'><strong>nisi</strong></span> 
     </span>
     <span class='ocr_line' id='line_1_69' title="bbox 702 3761 1029 3840; baseline 0.006 -22"><span class='ocrx_word' id='word_1_315' title='bbox 702 3763 776 3840; x_wconf 89' lang='lat' dir='ltr'><strong>qnod</strong></span> <span class='ocrx_word' id='word_1_316' title='bbox 793 3761 816 3820; x_wconf 92' lang='lat' dir='ltr'><strong>P</strong></span> <span class='ocrx_word' id='word_1_317' title='bbox 835 3762 1029 3837; x_wconf 68' lang='lat' dir='ltr'><strong>‚‚regilcnsis“.</strong></span> 
     </span>
    </p>
   </div>
   <div class='ocr_carea' id='block_1_12' title="bbox 30 3847 1149 3937">
    <p class='ocr_par' dir='ltr' id='par_1_12' title="bbox 30 3847 1149 3937">
     <span class='ocr_line' id='line_1_70' title="bbox 30 3847 1149 3937; baseline -0.001 -30"><span class='ocrx_word' id='word_1_318' title='bbox 30 3871 35 3877; x_wconf 94' lang='lat'>·</span> <span class='ocrx_word' id='word_1_319' title='bbox 78 3910 93 3937; x_wconf 50' lang='lat' dir='ltr'><em>l</em></span> <span class='ocrx_word' id='word_1_320' title='bbox 113 3854 195 3907; x_wconf 85' lang='lat' dir='ltr'><strong>etiam</strong></span> <span class='ocrx_word' id='word_1_321' title='bbox 207 3849 337 3906; x_wconf 84' lang='lat' dir='ltr'><strong>invidiam</strong></span> <span class='ocrx_word' id='word_1_322' title='bbox 350 3869 385 3906; x_wconf 82' lang='lat' dir='ltr'><strong>crr-</strong></span> <span class='ocrx_word' id='word_1_323' title='bbox 397 3869 460 3907; x_wconf 81' lang='lat' dir='ltr'><strong>aere</strong></span> <span class='ocrx_word' id='word_1_324' title='bbox 472 3850 558 3906; x_wconf 87' lang='lat' dir='ltr'><strong>alieno</strong></span> <span class='ocrx_word' id='word_1_325' title='bbox 648 3855 674 3910; x_wconf 80' lang='lat'><strong>5.</strong></span> <span class='ocrx_word' id='word_1_326' title='bbox 701 3850 852 3908; x_wconf 75' lang='lat' dir='ltr'><strong>Postumi:</strong></span> <span class='ocrx_word' id='word_1_327' title='bbox 869 3847 916 3921; x_wconf 85' lang='lat' dir='ltr'><strong>ll]</strong></span> <span class='ocrx_word' id='word_1_328' title='bbox 936 3848 1067 3909; x_wconf 81' lang='lat' dir='ltr'><strong>Postumii</strong></span> <span class='ocrx_word' id='word_1_329' title='bbox 1086 3847 1149 3917; x_wconf 88' lang='lat' dir='ltr'><strong>(P).</strong></span> 
     </span>
    </p>
   </div>
   <div class='ocr_carea' id='block_1_13' title="bbox 112 3937 560 4171">
    <p class='ocr_par' dir='ltr' id='par_1_13' title="bbox 112 3937 560 4171">
     <span class='ocr_line' id='line_1_71' title="bbox 114 3937 559 4016; baseline -0.002 -22"><span class='ocrx_word' id='word_1_330' title='bbox 114 3937 225 4005; x_wconf 83' lang='lat' dir='ltr'><strong>iactam,</strong></span> <span class='ocrx_word' id='word_1_331' title='bbox 243 3958 311 4016; x_wconf 85' lang='lat' dir='ltr'><strong>quae</strong></span> <span class='ocrx_word' id='word_1_332' title='bbox 329 3937 374 3994; x_wconf 88' lang='lat' dir='ltr'><strong>vel</strong></span> <span class='ocrx_word' id='word_1_333' title='bbox 390 3958 441 4013; x_wconf 88' lang='lat' dir='ltr'><strong>per</strong></span> <span class='ocrx_word' id='word_1_334' title='bbox 457 3956 487 3993; x_wconf 88' lang='lat' dir='ltr'><strong>sc</strong></span> <span class='ocrx_word' id='word_1_335' title='bbox 505 3957 559 3993; x_wconf 85' lang='lat' dir='ltr'><strong>ma-</strong></span> 
     </span>
     <span class='ocr_line' id='line_1_72' title="bbox 112 4024 559 4083; baseline 0 -1"><span class='ocrx_word' id='word_1_336' title='bbox 112 4027 183 4083; x_wconf 89' lang='lat' dir='ltr'><strong>xima</strong></span> <span class='ocrx_word' id='word_1_337' title='bbox 201 4025 338 4083; x_wconf 84' lang='lat' dir='ltr'><strong>rideretur</strong></span> <span class='ocrx_word' id='word_1_338' title='bbox 355 4044 428 4082; x_wconf 87' lang='lat' dir='ltr'><strong>esse:</strong></span> <span class='ocrx_word' id='word_1_339' title='bbox 459 4024 559 4082; x_wconf 83' lang='lat' dir='ltr'><strong>lenere-</strong></span> 
     </span>
     <span class='ocr_line' id='line_1_73' title="bbox 113 4112 560 4171; baseline 0.004 -3"><span class='ocrx_word' id='word_1_340' title='bbox 113 4121 186 4170; x_wconf 83' lang='lat' dir='ltr'><strong>tores</strong></span> <span class='ocrx_word' id='word_1_341' title='bbox 213 4115 343 4171; x_wconf 85' lang='lat' dir='ltr'><strong>incertam</strong></span> <span class='ocrx_word' id='word_1_342' title='bbox 365 4112 440 4171; x_wconf 82' lang='lat' dir='ltr'><strong>illam</strong></span> <span class='ocrx_word' id='word_1_343' title='bbox 463 4112 560 4170; x_wconf 82' lang='lat' dir='ltr'><strong>lamam</strong></span> 
     </span>
    </p>
   </div>
   <div class='ocr_carea' id='block_1_14' title="bbox 700 3933 1148 4188">
    <p class='ocr_par' dir='ltr' id='par_1_14' title="bbox 700 3933 1148 4188">
     <span class='ocr_line' id='line_1_74' title="bbox 701 3933 1148 4015; baseline -0.002 -21"><span class='ocrx_word' id='word_1_344' title='bbox 701 3968 736 3980; x_wconf 86' lang='lat'><strong>-—</strong></span> <span class='ocrx_word' id='word_1_345' title='bbox 755 3937 866 3998; x_wconf 57' lang='lat' dir='ltr'><strong>timu</strong></span> <span class='ocrx_word' id='word_1_346' title='bbox 879 3937 916 3994; x_wconf 85' lang='lat' dir='ltr'><strong>P:</strong></span> <span class='ocrx_word' id='word_1_347' title='bbox 935 3938 997 4015; x_wconf 84' lang='lat' dir='ltr'><strong>quia</strong></span> <span class='ocrx_word' id='word_1_348' title='bbox 1016 3933 1148 4010; x_wconf 80' lang='lat' dir='ltr'><strong>collegam</strong></span> 
     </span>
     <span class='ocr_line' id='line_1_75' title="bbox 700 4023 1148 4100; baseline 0 -19"><span class='ocrx_word' id='word_1_349' title='bbox 700 4023 790 4081; x_wconf 83' lang='lat' dir='ltr'><strong>sollici</strong></span> <span class='ocrx_word' id='word_1_350' title='bbox 820 4027 927 4083; x_wconf 85' lang='lat' dir='ltr'><strong>censori</strong></span> <span class='ocrx_word' id='word_1_351' title='bbox 956 4023 1052 4100; x_wconf 76' lang='lat' dir='ltr'><strong>religio</strong></span> <span class='ocrx_word' id='word_1_352' title='bbox 1082 4033 1148 4082; x_wconf 80' lang='lat' dir='ltr'><strong>erat</strong></span> 
     </span>
     <span class='ocr_line' id='line_1_76' title="bbox 700 4109 1146 4188; baseline -0.002 -19"><span class='ocrx_word' id='word_1_353' title='bbox 700 4111 728 4169; x_wconf 80' lang='lat' dir='ltr'><strong>ld</strong></span> <span class='ocrx_word' id='word_1_354' title='bbox 744 4130 781 4171; x_wconf 86' lang='lat' dir='ltr'><strong>m.</strong></span> <span class='ocrx_word' id='word_1_355' title='bbox 798 4116 839 4173; x_wconf 86' lang='lat'><strong>1.:</strong></span> <span class='ocrx_word' id='word_1_356' title='bbox 862 4114 926 4188; x_wconf 76' lang='lat' dir='ltr'><strong>quis</strong></span> <span class='ocrx_word' id='word_1_357' title='bbox 945 4109 1074 4186; x_wconf 72' lang='lat' dir='ltr'><strong>collegam</strong></span> <span class='ocrx_word' id='word_1_358' title='bbox 1091 4110 1146 4168; x_wconf 82' lang='lat' dir='ltr'><strong>sul·</strong></span> 
     </span>
    </p>
   </div>
   <div class='ocr_carea' id='block_1_15' title="bbox 0 0 1314 4590">
    <p class='ocr_par' dir='ltr' id='par_1_15' title="bbox 0 0 1314 4590">
     <span class='ocr_line' id='line_1_77' title="bbox 0 0 1314 4590; baseline 0 4"><span class='ocrx_word' id='word_1_359' title='bbox 0 0 1314 4590; x_wconf 95' lang='lat' dir='ltr'><strong> </strong></span> 
     </span>
    </p>
   </div>
  </div>
 </body>
</html>
