2618 4590
478 318 484 327 .
523 282 631 343 uuas
647 282 694 344 u.
1012 231 1017 251 '
1113 276 1157 344 os

56 447 241 517 reddiderit:
264 446 412 514 homines
433 467 535 536 prope
558 445 802 536 quadringentos
824 448 1011 538 produxisse
1034 434 1158 536 dicitur,

56 539 173 673 quibus
198 554 265 620 sine
285 552 397 618 fenore
420 573 575 642 expensas
597 549 750 643 pecunias
763 549 897 634 tulisset,
919 574 1055 642 quorum
1069 555 1154 623 bona
1206 604 1209 611 .

54 659 173 741 venire,
196 680 279 748 quos
302 655 375 722 duci
390 654 530 723 addictos
546 654 776 746 prohibuisset.
799 654 934 723 adhaec
949 656 1155 750 decoraquo·

54 789 121 854 que
143 764 220 830 belli
241 786 307 829 non
329 746 596 843 commemorasse
623 770 749 828 tantum
776 761 834 827 sed
860 760 1031 850 protulisse
1060 762 1154 830 etiam

54 867 289 956 conspicienda,
311 865 412 956 spolia
433 865 575 933 hostium
590 887 759 932 caesorum
781 865 822 930 ad
843 865 978 955 triginta,
1001 865 1107 932 dona
1099 881 1183 935 imo
1272 914 1302 929 ..

52 983 237 1060 pecatorum
260 969 573 1060 adquadraginta,
564 994 597 1036 m
619 968 765 1060 quibus
756 966 893 1058 msignes
917 970 995 1036 duas
1017 970 1155 1037 murales

51 1097 205 1157 coronas,
232 1075 347 1142 civicas
376 1085 461 1142 octo.
499 1074 540 1141 ad
568 1073 631 1141 hoc
660 1084 801 1141 servatos
830 1097 872 1140 ex
900 1072 1047 1141 hostibus
1069 1075 1156 1143 cives

50 1179 215 1270 produxit,
237 1180 329 1265 ,iuter
358 1204 440 1270 quos
464 1177 501 1247 C.
524 1178 694 1248 Servilium
720 1178 906 1268 magistrum
934 1179 1080 1268 equitum
1102 1179 1154 1246 ab·

49 1295 176 1351 sentem
202 1283 411 1354 nominatum.
450 1294 484 1351 et
503 1296 585 1391 xcum
612 1308 651 1352 ea
677 1305 808 1375 quoque
837 1307 919 1374 quae
947 1283 1034 1352 bello
1063 1295 1153 1375 gesta

708 1504 838 1560 directam
856 1513 884 1559 et
895 1522 929 1561 ex
939 1503 1042 1561 directa
1056 1504 1085 1562 in
1104 1504 1152 1561 ob·

707 1588 808 1668 liquam
825 1592 979 1650 transirent.
998 1611 1049 1647 uec
1068 1590 1161 1657 offen·-

707 1677 773 1734 dere
788 1685 893 1753 potest,
920 1676 994 1752 quod
1016 1696 1077 1734 cum
1100 1678 1154 1733 hoe

704 1763 854 1840 produxit
881 1765 1054 1820 coniunctum
1088 1761 1154 1837 legi-

706 1851 1155 1928 mus„intcrquosnominatum“r

707 1937 743 1994 ad
754 1937 828 2012 quod
838 1957 894 1993 uon
905 1936 974 1994 illud
986 1937 1094 1994 dicitur
1103 1933 1175 1997 sud}
1191 1956 1197 1995 t

708 2024 811 2079 dicunt
836 2021 1016 2098 supplendum
1042 2025 1087 2082 sit.
1119 2053 1153 2064 -

707 2108 772 2166 PM:
791 2106 824 2168 C.
837 2107 984 2168 Seruilium
1000 2116 1061 2185 mag
1077 2110 1153 2187 equi·

61 1505 93 1562 .1.
121 1504 566 1584 hominespropequodringm·

117 1601 167 1648 tos
181 1593 367 1666 produxisse
389 1593 512 1649 dicitur:
534 1591 565 1651 P.

119 1710 154 1720 -
183 1678 222 1735 M:
244 1692 338 1755 prope.
367 1686 437 1737 cccc.
465 1677 565 1754 produ·

117 1767 191 1822 xisse
204 1775 255 1824 eet.
266 1797 301 1806 —
312 1763 374 1819 PM:
394 1765 490 1840 quibus
506 1760 566 1822 sine

10 1918 13 1929 .
118 1852 231 1908 foenore
244 1870 373 1927 expensas
382 1854 510 1926 pecunias
521 1860 566 1908 tu·

119 1939 214 1996 disset.
231 1935 306 1993 Harl.
324 1957 354 1998 1.:
373 1936 503 1996 etulisset.
566 1932 569 1937 ’

62 2071 90 2130 6.
118 2071 263 2147 inquibus
271 2070 405 2148 insignes
417 2070 496 2134 duaa
504 2087 566 2126 mu·

117 2157 200 2213 rules
212 2176 340 2213 coronas
358 2157 469 2212 ciuicas
481 2165 565 2213 octo.-

115 2243 150 2303 M.
165 2276 198 2288 -
216 2243 238 2300 Ρ
256 2264 292 2302 m.
313 2246 351 2303 l.:
370 2245 399 2298 in
416 2241 514 2318 quibus
526 2243 562 2299 si·

117 2351 191 2406 goes.
221 2351 256 2389 m.
275 2333 315 2389 M:
335 2331 433 2406 siguis:
452 2322 503 2390 cet.
526 2359 563 2372 -

116 2416 190 2476 llarl.
203 2437 220 2478 r.
230 2415 308 2473 Laid.
317 2437 334 2477 1.
346 2416 396 2476 al:
414 2416 481 2474 duas
490 2436 561 2473 mor·

116 2505 183 2561 tales
206 2525 327 2564 coronas.
350 2537 383 2547 -
415 2504 458 2563 Gl'.
478 2501 561 2562 Plinii

11 2586 15 2591 ’
115 2590 178 2650 hist.
209 2603 262 2651 nat.
297 2596 328 2660 7,
357 2593 414 2651 78.;
454 2592 562 2650 Primus

116 2680 235 2738 omnium
265 2678 395 2747 (Manlius
429 2676 561 2758 Capitoli·

12 2754 15 2825 i
115 2773 184 2838 nus)
215 2786 296 2844 eques
324 2785 452 2823 coronam
473 2785 560 2824 mura·

13 2886 16 2893 ·
114 2855 168 2913 lem
198 2862 355 2928 acceperat,
396 2873 422 2912 vr
452 2853 561 2921 civicas,

14 2970 17 3009 ι
116 2962 205 3000 xxxvu
226 2942 310 3011 dona,
336 2960 399 2998 xxm
421 2940 562 2996 cicatrices

14 3058 17 3099 ;
116 3032 229 3088 adverso
265 3039 376 3108 pectore
412 3036 561 3105 exceperat,

15 3112 18 3161 ἶ
115 3119 146 3178 P.
158 3117 302 3176 Servilium
316 3112 475 3191 magistrum
487 3115 560 3191 equi·

15 3190 19 3237 ἶ
63 3220 66 3225 ’
114 3216 172 3263 tum
184 3218 335 3263 servaverat
347 3215 398 3263 cet.
410 3200 470 3261 Liv.
480 3203 506 3270 6,
518 3203 559 3259 Ἅι

17 3344 22 3359 ,
91 3294 104 3312 “
116 3295 232 3350 dictator
245 3294 277 3351 C.
289 3290 433 3350 Servilium
447 3287 561 3346 Ahalam

17 3392 25 3423 ¹-
116 3399 186 3454 mag.
204 3381 323 3456 equitum
341 3379 418 3437 dixit.

115 3602 171 3658 bus
201 3600 283 3654 ciues
314 3598 474 3672 produxit:
509 3593 560 3653 PM

116 3687 176 3746 cod.
195 3685 282 3742 Rhen.
304 3681 373 3754 rell]
398 3681 432 3738 ad
454 3682 507 3738 hoc
524 3712 560 3723 -

18 3798 23 3855 Ι·
116 3775 284 3854 produxisse.
304 3788 337 3823 -ἱ-
359 3769 510 3828 Produxffi
526 3786 560 3826 0¹

115 3865 234 3919 omnium
252 3859 332 3918 codd.
350 3857 406 3914 lide
419 3857 560 3916 restituen-

117 3949 180 4006 dum
190 3948 340 4016 videbatur,
353 3967 414 4002 cum
426 3942 494 4000 nihil
505 3944 560 4000 usi·

115 4040 197 4093 tatius
215 4044 286 4092 esset
303 4054 382 4111 quam
399 4043 430 4090 ut
444 4033 482 4088 ita
493 4032 560 4088 scri·

116 4133 209 4200 ptores
226 4141 260 4180 ex
277 4125 398 4181 oratione
410 4119 518 4197 obliqua
530 4121 560 4175 iu

75 4225 166 4304 unm
180 4243 229 4287 par·
242 4227 274 4276 u.

706 2207 772 2256 lum.

652 2285 678 2345 9.
706 2294 736 2345 et
762 2301 829 2343 cum
858 2303 896 2343 ea
926 2288 1045 2362 quoque
1074 2302 1154 2362 quae

705 2372 783 2428 bello
805 2381 895 2452 gestu
919 2382 1035 2431 essent.-
1052 2371 1089 2432 M.
1117 2402 1152 2414 -·

704 2456 871 2515 Proteum
890 2477 920 2515 ea
944 2466 989 2538 1'11'1·
1008 2479 1060 2538 que
1079 2458 1152 2515 bello

705 2555 756 2604 cet.
780 2578 814 2587 -
835 2544 886 2602 PM
910 2546 981 2606 rell:
997 2548 1090 2620 factu
1107 2547 1160 2603 di·⁴

703 2634 760 2689 ctis
778 2634 948 2709 aequando.
969 2653 1027 2691 uon
1044 2634 1153 2692 dativus

703 2718 755 2775 sed
772 2712 904 2778 ablativus
921 2720 949 2779 h.
967 2718 986 2780 l.
1005 2722 1093 2778 dictis
1105 2719 1151 2775 ha·

703 2806 765 2863 beri
790 2806 883 2863 debet:
909 2806 1023 2874 „iudom
1049 2825 1079 2862 er
1107 2805 1153 2860 die

705 2891 808 2955 Grbsse
819 2892 868 2948 der
878 2891 982 2947 Thaten
993 2891 1079 2949 durch
1092 2892 1152 2947 eine

705 2975 847 3037 derselbeu
876 2978 998 3053 wiirdige
1027 2975 1150 3034 Darstol-

703 3064 768 3143 lung
793 3085 828 3123 zu
853 3065 992 3125 erreichen
1016 3055 1151 3122 suehta‘o

703 3153 731 3213 h.
744 3173 767 3215 e.
786 3153 900 3222 „iudem
912 3173 941 3209 er
953 3153 1012 3210 sich
1024 3151 1151 3211 bemiihte

704 3240 767 3297 dass
804 3241 852 3297 das
887 3239 1064 3298 Wdrdevolle
1100 3239 1150 3296 der

702 3327 779 3384 Rede
794 3325 843 3382 der
860 3325 962 3383 Gr‘osse
980 3326 1028 3382 der
1044 3324 1150 3401 Thateu
1194 3378 1198 3385 ,

579 3465 583 3471 .
623 3492 629 3503 .
703 3415 788 3472 selbot
805 3412 993 3490 eutsprbche“.
1021 3407 1064 3470 Cf.
1083 3409 1149 3471 Sall.

18 3518 29 3565 Ι
71 3511 92 3571 7.
115 3513 159 3572 ud
175 3511 233 3570 hoc
250 3519 386 3567 seruatos
408 3529 448 3567 ex
468 3509 560 3566 hosti·
631 3563 638 3573 ,

704 3502 764 3561 Cat.
776 3504 816 3560 3.:
834 3501 959 3577 inprimis
976 3498 1090 3557 arduum
1107 3501 1148 3556 vi·
1183 3550 1198 3558 ,

704 3589 783 3646 detur
792 3606 837 3643 res
850 3594 937 3661 gestas
949 3587 1075 3655 scribere,
1092 3586 1148 3664 pri-

703 3696 776 3734 mum
794 3673 868 3751 quod
892 3671 961 3731 faeta
984 3673 1065 3743 dictis
1084 3681 1148 3733 sunt

706 3761 940 3839 exaequandacet.
957 3760 1027 3822 Plin.
1045 3781 1108 3839 ¹epp.
1120 3763 1147 3830 8,
1256 3814 1269 3829 „

704 3853 744 3908 h:
764 3870 816 3907 una
833 3848 883 3906 sed
900 3852 1014 3925 mamma
1032 3846 1147 3905 difficol-

702 3948 757 4004 tas,
781 3937 854 4014 quod
879 3935 946 3993 hacc
969 3955 1083 4012 aequare
1105 3933 1146 3990 di·

702 4024 788 4081 cendo
824 4023 952 4092 arduum,
987 4024 1147 4097 immensum

702 4114 782 4174 etiam
801 4119 847 4172 tuo
865 4111 973 4187 iugenio
992 4119 1042 4171 oet.

926 4201 946 4267 5
