2618 4590
1162 214 1170 246 l

169 295 235 366 372
525 309 530 335 “
619 305 728 366 bllillll
746 304 815 368 Vlll,

179 471 317 541 domitos
339 470 439 539 hostis
461 469 494 537 in
516 467 613 537 iidem
628 470 763 538 venisse.
797 468 862 535 duo
876 467 1043 558 singularia
1057 466 1138 533 haec
1161 467 1191 533 ei
1207 466 1276 534 viro

171 577 309 668 primum
330 577 490 667 contigere
513 574 695 666 prorogatio
717 574 842 665 imperii
864 596 929 640 non
950 583 1023 640 ante
1045 572 1077 637 in
1098 570 1167 637 ullo
1190 569 1274 638 faeta

171 692 299 751 et‘aeto
320 679 443 749 honore
455 680 653 771 'triumphus

259 785 392 854 XXVII.
436 782 531 870 Aliud
552 785 686 858 subinde
708 783 830 853 bellum
845 806 920 851 eum
935 780 1063 849 alterius
1085 804 1161 848 orae
1179 779 1273 846 Grae-

138 889 218 960 5eis
247 901 404 958 exortum.
441 913 581 979 namque
608 889 770 956 Tarentini
798 911 872 958 eum
906 911 975 953 rem
1001 884 1274 975 Palaepolitanam

171 1017 253 1063 vana
274 1018 333 1085 spe
356 993 464 1060 auxilii
487 993 681 1084 aliquamdiu
702 993 942 1074 sustinuissent,
963 1002 1135 1080 postquam
1158 989 1273 1055 Roma-

58 1174 62 1187 ,
170 1121 231 1166 nos
252 1099 331 1166 urbe
353 1100 473 1189 potitos
496 1122 664 1187 accepere,
693 1098 781 1166 velut
811 1096 951 1165 destituti
982 1119 1019 1162 ac
1041 1119 1107 1161 non
1136 1093 1192 1184 qui
1214 1092 1289 1183 ipsi‘

170 1201 399 1287 destituissent,
426 1205 590 1295 inerepare
611 1203 882 1293 PalaepolitanoS‚
910 1202 954 1268 ira
978 1211 1074 1290 atque
1103 1198 1220 1267 invidia
1242 1198 1273 1262 in

171 1304 334 1373 Romanos
356 1307 471 1392 furere,
493 1332 534 1376 eo
557 1307 653 1375 etiam
676 1310 764 1399 quod
779 1308 925 1375 Lucanos
949 1317 981 1372 et
995 1303 1119 1393 Apulos
1135 1341 1179 1352 ——
1198 1325 1274 1367 nam

124 1416 306 1500 inutraque
328 1434 369 1478 eo
389 1435 477 1478 anno
499 1413 635 1481 societas
658 1425 772 1505 coepta
794 1423 844 1481 est
860 1448 904 1460 -
918 1410 951 1475 in
972 1410 1071 1476 fidem
1087 1406 1200 1498 populi
1212 1407 1275 1473 Ro·

168 1513 256 1581 mani
276 1515 401 1583 venisse
426 1516 566 1584 adlatum
589 1528 652 1585 est:
677 1518 796 1609 quippe
819 1538 920 1608 prope
935 1514 1068 1580 modum
1083 1523 1274 1603 perventum

49 1691 58 1716 Ι
169 1618 214 1693 ad,
231 1641 267 1687 ae
290 1643 361 1687 esse
383 1619 512 1711 iamque
541 1623 574 1688 in
602 1647 642 1690 eo
671 1647 741 1691 rem
763 1622 832 1690 lore
858 1629 897 1686 ut
918 1617 1055 1686 Romani
1082 1627 1137 1696 aut
1163 1617 1273 1683 hostes

239 1795 295 1854 bns
319 1815 499 1872 persuasum
521 1798 687 1869 uidebatur,

239 1884 308 1940 sela
326 1886 480 1942 obsidione
500 1886 602 1944 hostes
620 1907 686 1943 eoa·

829 1800 888 1885 ‘lin
904 1795 1043 1875 proiectos
1061 1793 1149 1885 bostis
1162 1823 1197 1836 ·-
1209 1811 1272 1848 eon·

829 1885 933 1941 sedisse
951 1884 1132 1941 nuntiabatur.

239 1978 305 2026 etos
329 1990 396 2028 esse
418 1982 449 2028 ut
471 1974 502 2029 in
518 1974 617 2050 fidem
639 1995 686 2049 oe·
777 1973 804 2032 1.
830 1973 891 2028 duo
900 1973 1074 2050 singularia
1086 1966 1289 2065 lrueceiuiru⁸

239 2057 306 2112 nire
319 2059 437 2117 vellent.
452 2059 620 2139 Quamquam
628 2081 685 2118 sae·

237 2161 273 2220 pe
291 2145 363 2222 apud
373 2144 482 2204 Livium
499 2149 536 2203 ita
553 2151 685 2226 scriptum

238 2225 344 2305 legitur,
362 2241 450 2289 tamen
467 2233 511 2291 vel
522 2233 656 2291 Harloiani
667 2254 685 2294 1.

239 2316 361 2375 etheid.
379 2338 397 2376 ι.
415 2318 532 2376 librariis
555 2323 684 2378 accusati-

237 2419 289 2458 vus
308 2403 551 2462 domitos-hostes
563 2410 684 2463 nomina-

237 2487 294 2544 tivo
316 2491 509 2565 permutandus
529 2493 683 2553 videbatur:

186 2600 188 2604 Α
238 2573 267 2628 in
284 2578 376 2652 priora
393 2579 465 2636 enim
487 2579 584 2637 borum
601 2580 683 2638 libro-

237 2677 299 2724 rum
316 2664 456 2733 inventum
469 2675 511 2723 est
528 2668 624 2746 „quod
641 2689 683 2725 sa-

237 2748 275 2804 tis
293 2750 453 2811 credebatur
475 2756 621 2814 obsidione
635 2756 683 2813 ‹lo-

165 2845 168 2849 ’
236 2836 319 2909 mitus
343 2838 430 2899 hostis
448 2845 477 2900 iu
495 2844 578 2903 fidem
595 2845 683 2901 uenis·

223 2928 318 2995 ⁴set“‚
341 2927 370 2982 in
387 2928 454 2986 Pall.
475 2934 499 2990 1.
517 2934 543 2991 3.
560 2930 641 2991 Voss.
655 2950 684 2991 u.

206 3090 210 3093 v
236 3007 270 3068 al.
299 3014 400 3088 „quod
429 3019 495 3072 satis
525 3017 685 3076 credebatur

197 3136 200 3140 .
236 3094 380 3155 obsidione
402 3101 521 3159 domitus
542 3103 630 3161 lrostis
653 3108 684 3161 in

237 3180 320 3240 fidem
347 3189 489 3258 uenisse“‚
518 3191 547 3245 in
569 3189 645 3251 Leid.
665 3211 683 3250 ι.

236 3270 335 3347 „quod
351 3276 418 3331 satis
435 3275 595 3334 credebatur
612 3279 684 3337 obsi·

237 3357 318 3416 dione
331 3359 448 3418 domitus
460 3361 552 3422 hostes
563 3368 592 3422 in
600 3365 683 3424 fidem

235 3447 390 3504 uenisset“·=
410 3448 525 3528 denique
537 3453 566 3507 in
577 3450 645 3511 Lov.
655 3456 681 3513 4.

235 3529 269 3586 al.
282 3535 378 3610 „quod
390 3539 456 3593 satis
468 3539 626 3596 eredebant
636 3540 681 3597 ob·

234 3615 342 3675 sidione
363 3621 482 3680 domitos
499 3625 612 3683 bostes“
631 3638 681 3687 eet.

192 3747 195 3751 .
233 3699 278 3762 Ol.
301 3724 342 3764 ex.
365 3727 404 3781 gr.
426 3711 532 3778 4,51.=
556 3732 680 3781 „summa

233 3787 418 3851 moderatione
440 3817 471 3852 ae
497 3796 606 3857 lenitate
631 3821 680 3878 per

232 3893 381 3953 paucorum
404 3882 580 3961 supplicium,
602 3909 679 3966 quos

232 3963 679 4041 sibimetipsoseonseissemor·

231 4054 291 4106 bem
326 4055 403 4112 satie
441 4059 587 4116 creditum
623 4070 677 4129 est,

137 4181 140 4187 .
232 4137 492 4203 &mammet
506 4144 634 4258 bl‚,8.pl.
649 4147 677 4216 6,

825 2061 954 2135 primum
971 2060 1136 2136 contigere:
1155 2054 1204 2111 ΡΜ
1216 2052 1274 2110 rell.

828 2145 848 2206 Ι.
873 2146 917 2204 Fr.
941 2144 1025 2203 Gron.
1048 2142 1164 2213 malebat
1190 2141 1274 2198 scribi

827 2236 858 2291 ei
867 2236 931 2289 uiro
940 2235 1045 2307 primo,
1063 2231 1113 2287 sed
1128 2231 1162 2286 cf.
1175 2232 1201 2297 6,
1216 2232 1272 2285 lt:

827 2324 944 2399 primum
962 2321 1090 2377 omnium.
1110 2349 1145 2361 -
1162 2315 1241 2375 Laid.
1256 2336 1272 2374 r.

787 2455 791 2466 ,
826 2407 874 2466 al:
897 2428 952 2463 non
970 2415 1032 2462 ante
1049 2408 1079 2463 in
1097 2405 1173 2462 nullo
1195 2404 1273 2461 faeta.

826 2526 862 2540 -
880 2493 941 2552 Pb:
962 2504 1028 2550 ueto
1047 2493 1176 2550 honore.-
1195 2492 1273 2561 „und

826 2581 875 2639 der
905 2584 936 2638 in
962 2581 1057 2658 Fulge
1089 2580 1190 2637 dieser
1220 2600 1286 2641 un-,

824 2667 1077 2749 gebrr'iuehliehen
1106 2668 1272 2743 Verldnge·

825 2776 904 2834 rung
919 2757 1017 2812 seines
1031 2756 1135 2812 Amies
1154 2753 1209 2809 ihm
1228 2771 1271 2826 ge·

825 2843 954 2900 wordene
971 2841 1135 2920 Triumph“.

772 2932 799 2992 l.
824 2931 913 2988 eliud
928 2928 1055 2987 subinde
1078 2929 1187 2984 beilum
1204 2946 1272 2981 eum

826 3019 951 3076 ulterius
979 3035 1050 3074 orae
1071 3015 1194 3070 Graecis
1218 3032 1273 3069 ex-

825 3113 938 3162 ortum:
959 3103 1023 3161 Pu:
1040 3103 1091 3159 nisi
1108 3097 1183 3177 quod
1200 3101 1231 3156 in
1250 3096 1272 3155 P

821 3194 922 3270 grecis
941 3201 991 3252 est.
1046 3182 1049 3187 ’

771 3282 799 3339 5.
825 3299 892 3336 eum
921 3300 985 3337 rem
1017 3275 1272 3355 palaepoliianani

824 3387 907 3424 uuna
925 3388 977 3443 spe
989 3366 1101 3423 auxilii
1110 3362 1272 3440 eliquddiu

824 3457 1052 3512 sustinuissent:
1069 3450 1127 3510 ΡΜ.
1158 3448 1269 3519 „Nach-

799 3535 803 3541 ’
824 3541 886 3599 dem
915 3542 956 3598 sie
986 3540 1032 3597 die
1058 3535 1270 3615 Palaepolitaner

824 3647 948 3704 gei-sume
971 3627 1031 3683 Zeit
1052 3628 1103 3683 mit
1125 3624 1174 3680 der
1194 3623 1269 3683 Hoff-

823 3735 896 3790 nung
923 3714 971 3770 aul
989 3710 1071 3769 llblle
1098 3709 1269 3786 bingebslteu

821 3801 923 3871 hatten,
942 3800 1012 3859 ohne
1025 3799 1088 3855 dass
1102 3799 1177 3855 diese
1188 3795 1269 3854 Halia

820 3888 913 3949 lrsm“.
927 3921 960 3930 —
978 3886 1056 3946 Leid.
1072 3907 1089 3946 r.
1108 3884 1159 3946 al:
1178 3888 1218 3942 ira
1230 3893 1268 3940 st-

821 3995 875 4054 que
891 3977 992 4036 invidia
1004 3978 1033 4032 in
1045 3992 1171 4031 romanos
1184 3971 1267 4028 luere.

819 4060 842 4118 Ρ
859 4083 895 4123 m.
914 4067 953 4122 1.:
977 4066 1006 4122 in
1023 4080 1151 4119 romanos
1169 4059 1267 4116 iorere.

803 4179 855 4230 x-
872 4150 913 4211 ll:
932 4152 1044 4208 totietas
1063 4157 1158 4226 coepta
1175 4155 1225 4205 est.
1245 4195 1252 4201 .
