2618 4590
520 225 629 289 LIBER
644 227 703 289 vu.

1102 216 1163 287 151

48 390 163 483 ¹modo
187 389 305 461 civium
326 389 384 456 red
406 389 503 457 etiarn
523 387 713 457 laceratione
740 412 911 480 corporum
938 393 1002 460 lata
1024 432 1068 445 -
1093 416 1164 484 par·
1199 386 1205 395 ’

65 495 125 567 tim
146 494 240 585 virgis
265 493 366 560 eaesis
388 493 444 583 qui
465 492 506 559 ad
527 492 657 559 uomina
678 517 745 564 uon
760 495 1014 585 respondissent,
1046 494 1163 588 partim

62 598 96 666 in
111 598 240 667 vincula
263 598 365 665 ductis
379 636 423 648 -
432 596 532 665 inrisa
546 608 623 680 erat,
645 608 679 664 et
693 609 766 666 ante
782 599 887 665 omnia
902 599 1039 669 invisum
1055 601 1162 692 ipsum

64 702 226 792 ingenium
249 713 340 769 atrox
368 725 609 793 cognomenque
631 701 797 793 Imperiosi
823 728 919 795 grave
945 703 1061 773 liberae
1088 706 1160 773 civi-

58 807 122 879 tati
145 806 184 872 ab
208 806 416 893 ostentatione
437 806 587 875 saevitiae
609 804 776 892 adscitum,
803 830 900 897 quam
921 832 988 876 non
1009 809 1108 898 magis
1129 809 1196 879 int

69 909 178 979 alienis
201 936 296 1001 quam
317 911 350 978 in
376 911 529 1002 proximis
558 937 596 981 ac
623 913 775 1004 sanguine
803 911 874 1002 ipso
903 937 963 980 suo
990 922 1162 980 exerceret

66 1015 248 1105 criminique
270 1015 300 1083 ei
320 1015 464 1085 tribunus
485 1016 568 1085 inter
590 1028 696 1085 cetera
719 1017 823 1101 dabat,
845 1018 933 1107 quod
955 1017 1056 1085 [ilium
1077 1016 1162 1095 iuve
1233 1086 1239 1103 ⁸

62 1143 147 1202 nem,
168 1119 284 1187 nullius
304 1110 414 1210 probri
435 1134 639 1213 conpertum,
661 1132 823 1189 extorrem
845 1122 924 1189 urbe
947 1122 1046 1189 domo
1068 1126 1166 1213 pena'

59 1222 145 1290 tibus
165 1223 236 1292 foro
257 1225 330 1294 luce
353 1250 527 1318 congressu
543 1228 723 1318 aequalium
736 1227 932 1318 prohibitum
953 1229 986 1294 in
1001 1250 1084 1317 opus
1099 1248 1162 1295 ser-

59 1327 138 1410 vile,
170 1353 271 1419 prope
298 1330 331 1396 in
359 1354 521 1401 carcerem
542 1344 638 1423 atque
660 1332 693 1400 in
715 1331 909 1423 ergastulum
931 1331 1069 1413 dederit,
1103 1329 1159 1396 ubi
1173 1341 1208 1396 1⁰

57 1455 185 1501 summo
207 1434 281 1503 loco
303 1446 397 1504 natus
420 1437 603 1507 dictatorius
629 1437 752 1507 iuvenis
780 1437 937 1505 cotidiana
964 1435 1089 1503 miseria
1118 1434 1162 1501 di-
1213 1436 1219 1443 “

58 1551 164 1606 areret
189 1562 265 1623 vere
291 1540 465 1631 imperioso
493 1554 583 1635 patre
611 1566 647 1610 se
674 1554 786 1611 natum
814 1565 896 1610 esse.
933 1552 966 1609 at
993 1564 1091 1631 quem
1118 1539 1161 1606 ob

79 1686 84 1695 ’
127 1700 205 1764 Pru.
229 1706 268 1763 t:
295 1706 378 1782 uirgis
401 1710 513 1766 caereis.
540 1739 574 1752 -

128 1786 206 1851 Laid.
219 1811 237 1850 1.
248 1789 330 1850 Vosn.
339 1810 378 1851 rc:
392 1793 515 1851 inuincla
528 1793 577 1851 tu·-

717 1708 764 1765 ubi
790 1727 885 1763 somno
912 1704 982 1781 loeo.
1011 1704 1038 1762 Μ
1064 1724 1100 1762 m.
1122 1706 1162 1764 3.:
1195 1718 1199 1725 ’

716 1797 759 1854 uir
776 1813 880 1852 summo
899 1782 957 1850 cet'¹

131 1879 192 1938 ctis.
220 1908 254 1919 ·-
281 1877 358 1938 Pm.
376 1883 401 1941 2.
419 1880 462 1937 bl:
488 1882 576 1938 inuisa
647 1885 690 1942 ll.
716 1882 885 1939 cotidiana.-
899 1879 936 1952 P]
951 1878 1163 1961 quotidiana.-

130 1975 196 2024 erat.
215 1964 237 2020 P
254 1985 290 2025 m.
310 1970 348 2026 1.:
360 1969 506 2049 irriserat.
533 1967 576 2026 (Μ.

129 2054 156 2122 6,
173 2055 230 2111 38.:
248 2052 302 2111 lata
320 2063 406 2136 erat..

61 2164 100 2251 ²·
115 2194 574 2275 cognomenqueimperiosigPll.
613 2228 617 2237 ·

128 2277 172 2338 Ο(
190 2284 217 2351 cl,
235 2283 278 2343 Μ).
291 2311 326 2324 -·
344 2280 386 2339 bl:
404 2282 438 2338 ab
456 2291 574 2339 ostenta·

127 2369 201 2424 tione
219 2372 330 2426 seuitiae
349 2368 475 2429 adcitum.
494 2400 529 2410 -
551 2368 573 2424 P

127 2474 163 2511 m.
184 2459 221 2514 1.:
240 2476 320 2533 quam
339 2476 393 2512 non
407 2457 491 2530 magis
510 2454 572 2513 alie-

125 2543 180 2602 nis.
199 2542 220 2599 P
239 2564 274 2603 m.
293 2547 319 2603 Μ.
337 2543 378 2600 ll:
395 2545 424 2599 iu
444 2541 547 2602 alienis.

72 2685 100 2742 6.
128 2703 165 2739 oc
182 2686 329 2762 sauguine
348 2687 412 2758 ipsa
431 2702 504 2739 suo.-
526 2680 575 2737 ΡΜ

130 2768 203 2828 llarl.
220 2790 238 2827 1.
256 2768 378 2840 Leid.1.]
397 2789 429 2824 ae
445 2769 575 2841 sanguine

129 2859 189 2932 ipse
205 2875 255 2912 sao
277 2854 372 2925 (codd.
399 2858 494 2921 rece).
530 2851 573 2914 Cf.

129 2945 157 3013 6,
172 2946 232 3003 37.:
250 2963 326 3001 suam
344 2943 431 3020 ipsam
448 2941 512 3000 viru.

73 3090 100 3143 7.
127 3087 302 3162 criminique
324 3085 355 3140 ei
375 3083 513 3155 tribunus
531 3082 573 3136 in-

127 3181 173 3229 ter
182 3181 279 3229 cetera
290 3172 399 3228 dabat.-
416 3168 465 3227 ΡΜ
475 3166 547 3228 Harl.
556 3188 574 3226 ι.

128 3259 205 3320 Leid.
229 3280 247 3318 1.
282 3291 316 3302 -
352 3256 433 3315 ltere.
464 3256 574 3335 quidam

110 3347 220 3419 codd:
240 3349 399 3424 criminique
416 3347 457 3402 rei
475 3354 525 3404 cet.
538 3377 573 3387 -

126 3434 180 3505 lac.
195 3433 278 3492 Grou.
297 3437 325 3490 ei
343 3433 459 3491 deletum
478 3432 572 3492 voluit.

126 3553 161 3563 -
183 3519 211 3578 M
233 3542 269 3578 m.
295 3523 334 3576 1.:
361 3519 456 3577 nullus
478 3521 573 3596 probri

131 3616 298 3683 conpertum.
320 3606 346 3663 Μ
364 3629 400 3667 m.
417 3609 443 3665 P.
462 3606 496 3662 P:
515 3607 573 3664 nul·

128 3695 191 3755 lius.
222 3725 257 3741 «-
283 3692 310 3750 Μ
339 3715 375 3754 m.
404 3697 440 3752 1.:
470 3694 573 3757 urbem.

93 3810 101 3823 ‘
126 3804 162 3842 m.
181 3784 219 3841 2:
238 3783 314 3842 urbe.
331 3814 366 3824 -
391 3780 412 3837 P
429 3803 465 3840 m.
480 3778 528 3840 '1.=
544 3784 574 3839 in

80 3896 88 3903 ·
129 3891 196 3947 opes
214 3869 320 3931 seruile.
340 3878 376 3928 ω’.
394 3870 432 3927 Μι
450 3871 478 3924 iu
496 3889 572 3947 opus.

129 3988 163 3998 -
191 3958 214 4016 P
240 3950 498 4018 m.n.l1in.1.:
527 3959 573 4014 ubi

129 4063 232 4127 summp
250 4045 311 4104 loeo
330 4057 416 4105 natus.
439 4044 462 4102 P
479 4065 513 4104 ru.
533 4047 572 4104 l.:

717 1969 758 2025 ll:
775 1966 929 2027 cottidiana.
948 1966 991 2024 Cf.
1004 1968 1099 2035 6‚36.:
1119 1984 1163 2021 co·
1208 1980 1211 1987 ·
1281 2032 1286 2039 Ι

718 2055 793 2114 tidie.
813 2084 847 2095 -
864 2055 931 2114 Pall.
950 2060 975 2113 1.
993 2058 1019 2112 3.
1038 2055 1118 2112 Voss.
1136 2072 1164 2111 u.

717 2141 766 2202 alr
796 2141 913 2198 disceret
940 2150 970 2199 et
990 2161 1054 2200 uere
1079 2142 1163 2215 impe-

716 2233 790 2287 rioso
813 2238 864 2288 eet
973 2274 976 2279 .

645 2321 688 2378 19.
717 2337 807 2395 quam
819 2317 856 2379 ob
868 2317 1016 2373 ιιοιειάηιεΙ
1025 2315 1065 2388 P]
1081 2334 1162 2392 quam

715 2405 750 2462 ob
770 2423 868 2461 noxam
887 2401 955 2473 (Μ).
993 2400 1036 2460 cf.
1057 2404 1085 2472 ⁴2,
1103 2403 1161 2461 54:

716 2494 850 2550 neminem
861 2490 1120 2570 noxiaepapuitebat
1128 2521 1161 2529 -

660 2583 663 2587 ’
715 2579 747 2637 lu
764 2579 814 2638 ΡΜ
835 2581 964 2655 scriptum
986 2597 1042 2634 non
1064 2585 1098 2633 at
1114 2576 1162 2632 sed

716 2667 760 2725 ad
780 2675 837 2734 eat,
864 2675 895 2722 ut
911 2667 943 2735 6,
963 2667 1007 2724 to.
1032 2673 1059 2720 et
1081 2661 1161 2740 paulo

611 2764 614 2773 '
715 2762 780 2832 post
814 2756 843 2809 in
870 2751 894 2808 P
929 2751 996 2819 „ad
1023 2742 1162 2805 ber'eule“.
1270 2734 1283 2825 ζ

716 2838 794 2895 Multi
807 2848 882 2898 rece.
901 2837 995 2895 codd:
1013 2855 1073 2902 „ac
1084 2854 1163 2910 quam

717 2926 753 2981 ob
766 2929 816 2984 n.“
833 2926 873 2980 sic
882 2923 910 2980 Μ
922 2923 989 2991 „ad
999 2922 1163 2978 uexatione“

716 3032 767 3089 pro
785 3030 829 3073 ac.
857 3042 891 3052 -
921 3009 983 3067 Plll:
1002 3010 1161 3083 inprbptus.

716 3100 788 3157 Dein
800 3096 828 3156 Μ
835 3119 843 3156 :
857 3100 1000 3177 inproptus
1013 3095 1086 3175 quod
1097 3115 1171 3152 caes

713 3195 819 3266 perant
835 3188 954 3266 signum
971 3187 1034 3260 ipse
1052 3185 1103 3242 ubi
1119 3187 1161 3240 in·
1274 3188 1281 3219 ἵ

715 3279 796 3335 luxit
813 3284 879 3340 cet,
905 3293 973 3350 quae
996 3281 1060 3328 sunt
1080 3272 1160 3327 verba
1188 3290 1191 3295 ·

647 3418 650 3435 ,
715 3383 773 3440 cap.
794 3351 933 3421 ll.buius
952 3358 1072 3417 librtln
1092 3377 1160 3413 mar·
1278 3358 1281 3367 “

715 3452 778 3528 gina
794 3450 925 3523 scriptum
944 3457 997 3502 esta
1021 3451 1079 3514 „no
1098 3466 1160 3501 con-

715 3540 803 3595 tinuat
821 3556 857 3593 uo
872 3538 877 3608 Ι
893 3540 929 3592 uri
947 3533 1077 3592 etmulti
1095 3532 1160 3590 defi·

696 3628 785 3687 .·eit“.
822 3623 921 3683 Omnia
943 3643 974 3680 ea
997 3643 1067 3703 quae
1084 3642 1159 3698 prae·
1237 3650 1240 3655 ·

657 3776 660 3781 ,
713 3716 837 3771 termissa
856 3713 883 3773 b.
899 3712 918 3772 l.
937 3721 1011 3786 sant,
1037 3710 1160 3787 leguntur

713 3803 744 3858 in
774 3801 864 3858 medio
896 3823 954 3878 cap.
981 3819 1043 3859 xxv.
1070 3800 1098 3858 b.
1127 3798 1158 3856 l.:

715 3909 839 3964 „oraque
857 3888 935 3945 litore
948 3909 997 3947 san
1012 3890 1017 3958 1
1032 3896 1160 3943 naturae

715 3975 856 4032 damnum
880 3980 1001 4032 ιιινιιηιιι
1025 3983 1075 4032 eet.
1115 3970 1158 4031 Cf.
1239 3966 1242 3971 ⁵

715 4062 759 4130 98,
769 4063 821 4120 22.
837 4063 937 4129 caede.
