2618 4590
457 199 471 218 “’
516 226 625 288 trouu
640 228 688 288 rx.
1086 218 1155 287 519

27 382 30 387 ’
49 391 91 456 ad
112 401 295 479 respectum
317 402 493 459 castrorum
515 415 557 459 ne
573 416 639 482 qua
653 391 758 459 eovis
773 390 863 459 lieret
884 384 987 481 quarnx
1004 393 1044 460 ad
1058 416 1154 485 proca

48 495 129 561 lium
152 506 285 579 starent,
306 496 408 563 aciem
429 496 526 587 pediti
548 508 650 564 tutam
678 496 758 564 fore.
795 496 971 563 consulum
986 497 1154 588 Sulpicius·

46 600 81 665 in
104 601 227 684 dextro,
249 602 409 669 Poetelius
431 603 464 668 in
484 602 578 671 laevo
601 626 700 670 cornu
726 600 916 669 consistunt:
939 601 1147 694 dextramne,

46 729 112 794 qua
136 716 172 772 et
191 705 349 773 Samnites
377 707 454 775 raris
473 707 643 775 ordinbus
671 717 726 774 aut
753 707 793 773 ad
821 706 1063 774 circumeundos
1083 694 1152 775 lio-¹
1190 716 1192 723 '

46 820 113 876 stes
137 821 192 877 aut
213 834 254 877 ne
275 811 336 900 ipsi
364 812 602 881 circumirentur
623 812 845 895 cousuluerunt,
874 811 967 880 latius
988 814 1182 903 patesceret

47 916 150 982 stetit:
183 916 316 982 sinistris
337 928 560 1009 praeterquam
581 919 670 1008 quod
691 917 898 985 confertiores
925 927 1154 986 steterant‘re·
1189 994 1194 1001 ,

45 1019 178 1108 pentino
207 1020 341 1088 consilio
364 1023 496 1090 Poetelii
524 1022 664 1090 consulis
692 1018 818 1090 additae
839 1022 936 1105 vires,
964 1023 1021 1112 qui
1048 1020 1154 1091 subd-¹

46 1124 160 1190 diarias
187 1126 350 1211 cohortes,
382 1152 466 1219 qnae
491 1129 631 1218 integrae
659 1129 699 1194 ad
726 1124 879 1218 longioris
903 1116 1153 1217 pugnae'casus·

43 1229 301 1315 reservabantur,
329 1232 361 1298 in
383 1234 519 1323 primam
542 1233 644 1302 aciem
666 1233 829 1323 extemplo
853 1232 958 1299 emisit
979 1230 1155 1300 universio·

43 1358 109 1425 que
129 1335 257 1405 hostem
285 1337 389 1426 primo
417 1338 539 1430 impetu
560 1339 679 1407 viribus
706 1337 829 1428 inpulit.
867 1346 1029 1404 commota
1051 1336 1146 1426 pede·
1159 1350 1194 1407 lo

44 1439 100 1506 stri
128 1441 196 1509 acie
225 1442 415 1510 Samnitium
444 1467 543 1534 eques
570 1441 604 1510 in
631 1467 773 1537 pugnam
802 1442 969 1510 succeditr·
986 1439 1169 1506 -iuhunc-
1204 1468 1208 1475 ·

42 1555 223 1613 transverso
247 1548 371 1636 agmine
393 1548 475 1616 inter
496 1549 576 1616 duas
593 1549 682 1616 acies
708 1571 744 1616 se
770 1548 960 1614 inferentem
981 1544 1145 1641 Romanus

43 1649 203 1737 equitatus
227 1650 365 1718 condat
387 1676 489 1743 equos
510 1654 663 1745 signaque
685 1664 718 1722 et
739 1653 866 1721 ordines
884 1644 1027 1740 peditum
1049 1640 1156 1737 atque

43 1753 188 1842 equitum
216 1754 396 1841 confundit,
427 1759 531 1826 donec
558 1759 741 1829 universam
768 1758 808 1826 ab
841 1780 880 1824 ea
910 1764 1005 1844 parte
1018 1750 1154 1827 avertit

42 1857 156 1925 aciem.
194 1858 227 1926 in
249 1883 290 1927 eo
313 1884 413 1928 cornu
434 1886 501 1931 non
516 1864 677 1932 Poetelius
692 1865 782 1931 solus
800 1862 858 1930 sed
873 1854 1193 1949 Sulpicius'etiamlt

42 1962 189 2031 hortator
209 1965 354 2033 adfuerat
376 1979 509 2035 avectus
530 1968 571 2043 ab
586 1970 652 2037 suis
664 1969 809 2036 nondum
823 1961 1065 2034 conserentibus
1079 1964 1154 2025 mar-³

40 2090 102 2134 nus
124 2068 165 2134 ad
187 2068 363 2139 clamorem
385 2072 543 2141 asinistra
558 2085 648 2164 parte
665 2075 752 2167 prius
768 2082 932 2142 exortum:
955 2067 1041 2137 uude
1057 2064 1157 2132 haud)
1216 2119 1220 2129 .

58 2290 85 2348 2.
111 2289 204 2345 aciem
227 2266 325 2364 pediti
348 2258 442 2351 tutum
462 2293 556 2367 sore:

111 2374 160 2432 Pul
179 2376 239 2435 cod.
253 2376 312 2438 Gal.
325 2379 400 2452 rell]
414 2382 498 2438 aciem
510 2402 556 2458 pe·
699 2381 812 2457 templo.

111 2463 167 2520 dite
185 2473 268 2522 tutam
287 2469 353 2525 fore.
368 2499 398 2509 -
413 2467 472 2525 lloc
485 2468 555 2524 abla·
629 2473 671 2530 12.
699 2488 840 2526 romanus
853 2466 1004 2541 equitatus
1019 2457 1146 2517 concitat

699 2292 821 2373 exemplo
845 2291 955 2371 emisit..
968 2278 1014 2375 nr.
1032 2289 1072 2346 3.:
1084 2362 1087 2367 ἱ
1099 2300 1144 2341 ex·

699 2577 808 2633 equos.-
826 2551 853 2609 ll
871 2573 906 2612 m.
925 2554 951 2610 3.
969 2548 999 2607 Ρ.
1013 2540 1092 2605 -dl
1110 2562 1146 2602 m.

702 2648 739 2701 l.:
763 2663 841 2719 equo.
873 2634 951 2698 Vo'ss.
967 2658 996 2695 u.
1007 2634 1010 2639 ’
1022 2632 1089 2691 Lov.
1106 2633 1146 2685 dc

110 2554 165 2607 tivo
185 2552 291 2609 Livium
309 2553 380 2612 lraud
399 2576 460 2611 raro
479 2575 556 2612 usum

111 2660 169 2694 esse
192 2642 357 2716 antiquiores
381 2641 444 2698 libri
463 2645 556 2699 macri·

111 2729 151 2806 pti
164 2725 269 2780 docent.
289 2728 323 2784 cl.
337 2747 377 2784 ex.
390 2747 428 2801 gr.
444 2731 488 2796 30,
498 2731 555 2787 28.:

112 2833 172 2868 cum
182 2810 326 2869 Hannibali
338 2813 430 2883 (Pur).
444 2816 489 2880 30,
498 2816 555 2872 aa:

110 2898 151 2956 ala
171 2897 268 2955 deiude
287 2909 314 2956 et
325 2900 434 2956 umlroni
447 2899 555 2978 pulsan·

110 2996 150 3044 tes
164 2984 253 3057 (Colh.
263 2987 358 3048 Bamb.
368 2985 444 3068 Lips.
454 2987 508 3059 al).
521 2987 555 3048 al.

57 3197 90 3209 ψ-
109 3165 263 3221 consulum
276 3163 427 3238 Sulpicius
441 3165 472 3220 in
483 3162 556 3221 decc·

110 3260 174 3307 tro:
193 3250 275 3308 l1.-
290 3249 325 3305 P:
345 3249 483 3306 consulum
502 3248 555 3305 sul·

110 3338 188 3414 piciis
216 3339 244 3392 in
267 3337 360 3393 dextro
385 3336 501 3415 potelius
526 3340 555 3393 iu

110 3424 180 3482 leuo.
210 3422 249 3479 ll:
276 3423 394 3500 potelius
422 3426 451 3480 in
477 3422 556 3479 laeuo

110 3532 201 3569 cornu.
215 3542 248 3552 -
262 3510 322 3566 Pu:
342 3532 394 3587 qua
413 3520 440 3566 et
457 3513 556 3567 samni-

110 3608 151 3655 tes
181 3600 249 3655 raris
279 3598 420 3654 ordinibus
448 3608 493 3654 ant
522 3599 556 3656 ad

109 3685 315 3743 circumeundos
338 3685 430 3741 hostes
453 3693 499 3741 ant
522 3705 557 3742 no

111 3775 163 3852 ipsi
177 3774 382 3831 circumirentur
392 3773 556 3832 constiterat.

112 3893 144 3901 —
176 3860 239 3917 Pul:
269 3862 409 3939 repentino
441 3859 556 3917 consilio

110 3947 219 4025 poetelli
232 3947 359 4007 consulis.
372 3981 404 3990 —
420 3947 458 4004 lll:
471 3968 557 4005 raser-

111 4054 143 4090 ua
159 4037 166 4105 l
180 4035 280 4092 buntur
297 4036 334 4123 iu¹
345 4036 458 4113 primam
472 4035 556 4095 aciem

699 2731 833 2786 concitato
853 2746 932 2801 equo.
946 2722 980 2765 ’-
999 2721 1038 2776 ll:
1058 2718 1146 2774 donec

699 2818 851 2872 uniuersam
870 2812 903 2866 ab
923 2830 952 2863 ea
973 2815 1047 2884 parte
1072 2820 1145 2860 auer-

698 2905 731 2958 tit
740 2903 832 2958 aciem.
846 2897 867 2957 Ρ
878 2897 938 2957 cod.
949 2892 1056 2954 Kloclr.:
1069 2908 1144 2947 ener-

697 2993 732 3047 tir
749 2991 842 3047 aciem.

648 3082 672 3138 ¹.
700 3082 730 3135 in
752 3099 787 3134 co
812 3094 905 3133 cornu
930 3092 989 3128 eron
1005 3065 1145 3143 petellius

699 3166 784 3222 solus
807 3163 864 3220 sed
886 3160 1028 3234 sulpicius
1056 3154 1145 3211 etrum

697 3254 834 3310 hortator
881 3245 1027 3320 adsuerat
1075 3259 1144 3296 oue·

697 3349 761 3396 circs
779 3337 818 3392 ab
842 3338 907 3392 suis
929 3330 1060 3389 nondum
1077 3345 1145 3384 con·

698 3424 864 3484 serentibus
894 3439 1016 3476 monus:
1044 3413 1090 3489 Μ.Ι
1109 3444 1145 3456 -

698 3512 733 3568 P:
764 3513 816 3579 „in
843 3530 875 3565 eo
907 3526 990 3564 cornu
1020 3502 1145 3561 nondum

699 3599 866 3656 merentibus
884 3598 1003 3653 mauus“
1023 3603 1073 3653 cet.
1091 3609 1145 3647 rne-

699 3688 752 3743 diis
771 3664 867 3743 verbis*
881 3682 1087 3759 praetermissis.

628 3779 670 3836 17.
699 3775 743 3831 ad
773 3773 932 3830 clamorem
968 3792 988 3826 a
1021 3767 1147 3827 sinistra

696 3871 783 3938 porte
804 3861 890 3936 prius
918 3865 1070 3914 exortum:
1087 3846 1146 3906 JPtl
1246 3866 1249 3871 ’

699 3949 776 4008 Leid.
786 3968 802 4006 r.
814 3945 892 4004 Voss.
903 3940 929 4002 ri.
938 3942 1005 4002 Lor.
1015 3946 1040 4000 l.
1050 3939 1100 4011 al]
1111 3936 1146 3992 ad

698 4029 841 4095 clamorem
851 4034 884 4091 ab
894 4033 1002 4092 sinistra
1012 4032 1145 4104 perteret.
