2618 4590
176 251 243 321 tot
643 262 753 323 steen
770 263 818 323 lx

105 464 111 487 ι
175 452 249 497 sero
258 418 310 497 “ac
332 428 526 519 nequiquam
549 427 678 493 laudare
700 427 785 493 senis
802 426 905 495 Pontii
920 437 1057 517 utraque
1075 426 1230 511 consilia,
1249 430 1278 495 iu·

174 544 227 601 ter
245 557 329 624 quae
356 556 392 601 se
423 533 527 600 media
556 533 664 620 lapsos
686 530 836 598 victoriae
865 532 1112 622 possessionem
1143 557 1229 623 pace
1248 534 1280 599 in

174 647 260 705 certa
282 648 423 705 mutasse
445 649 478 704 et
502 635 644 703 beneficii
666 645 700 702 et
721 635 866 702 maleficii
889 635 1060 703 occasione
1087 634 1218 709 anrissa
1239 661 1279 726 pu

173 752 324 831 gnaturos
347 765 422 808 cum
445 741 506 824 eis,
533 728 615 832 quos
647 740 808 828 potuerint
830 740 862 806 iu
884 750 1080 829 perpetuum
1105 741 1165 808 vel
1197 741 1279 806 inimi

143 859 231 913 teos
252 845 366 914 tollere
388 846 441 913 vel
463 845 583 912 amicos
604 845 725 911 facere:
748 845 893 934 adeoque
917 842 1091 910 nullodmn
1111 846 1280 911 certamine

172 949 328 1017 inclinatis
354 951 472 1017 viribus
500 960 574 1038 post
596 948 771 1015 Caudinam
798 973 914 1038 pacem
941 948 1039 1014 animi
1067 960 1278 1029 mutaverant

13 1126 16 1133 ,
173 1065 210 1122 ut
230 1054 398 1122 clariorem
418 1053 501 1121 iuter
522 1053 685 1119 Romanos
708 1051 826 1119 deditio
848 1053 1050 1120 Postumium
1076 1077 1190 1143 quam
1212 1054 1279 1120 Pon·

82 1220 95 1235 l
171 1158 251 1225 tium
272 1159 435 1227 incruenta
456 1156 586 1225 victoria
609 1156 691 1223 inter
705 1156 864 1224 Samnites
886 1157 1013 1239 faceret,
1038 1167 1072 1224 et
1095 1159 1171 1248 geri
1194 1181 1279 1249 posse

89 1288 105 1321 κ
171 1261 295 1330 bellum
311 1262 446 1330 Romani
468 1286 527 1351 pro
549 1261 680 1329 victoria
703 1272 788 1328 certa
810 1260 974 1345 haberent,
996 1262 1171 1330 Samnites
1195 1261 1278 1331 simul

125 1381 161 1437 1⁰
172 1367 345 1435 rebellasse
368 1379 400 1435 et
420 1367 533 1437 vicisse
555 1367 721 1434 crederent
738 1366 930 1433 Romanum.
967 1367 1053 1433 luter
1076 1367 1170 1435 haec
1193 1367 1277 1436 Satri·
1305 1382 1307 1433 i

170 1470 241 1537 cani
263 1471 304 1537 ad
320 1472 478 1545 Samnites
502 1471 686 1538 deiecerunt
707 1483 739 1537 et
754 1471 918 1561 Fregellae
934 1470 1060 1537 colonia
1082 1471 1276 1562 necopinato

169 1575 310 1643 adventu
336 1574 525 1642 Samnitium
553 1614 597 1626 -
625 1575 722 1642 fuisse
751 1587 784 1643 et
811 1575 993 1643 Satricanos
1026 1599 1107 1642 cum
1138 1576 1179 1643 iis
1207 1574 1275 1642 satis

170 1691 298 1749 constat
319 1717 364 1729 —
385 1691 481 1747 nocte
510 1691 665 1770 occupata
693 1691 752 1747 est.
790 1680 886 1748 timor
913 1679 986 1746 inde
1014 1691 1156 1747 mutuus
1182 1691 1274 1746 utros·

170 1790 235 1876 que
256 1808 360 1876 usque
382 1785 422 1856 ud
444 1785 551 1856 lucem
573 1784 700 1877 quietos
715 1785 830 1854 tenuit:
854 1785 910 1851 lux
925 1808 1050 1875 pugnae
1066 1784 1200 1852 initium
1214 1784 1274 1865 fuit,

239 2004 381 2061 interduo
400 2003 511 2061 consilia
531 2003 563 2061 ab
582 2003 683 2062 fleren-

239 2094 286 2148 nio
304 2112 368 2149 seue
380 2095 520 2170 proposita
533 2091 617 2150 suerat
628 2113 682 2170 quo

237 2178 373 2237 Samnites
390 2180 444 2236 sibi
466 2179 535 2257 lapsi
555 2180 682 2237 videbun·

237 2274 296 2321 turs
312 2276 359 2322 aut
376 2265 427 2322 boc
439 2267 538 2321 media
550 2297 585 2309 —
597 2286 682 2342 eaque

237 2351 306 2408 anibi
322 2355 412 2408 verior
428 2352 536 2408 videtur
552 2356 681 2430 interpre-

238 2439 304 2492 tatio
327 2467 363 2480 -
385 2437 553 2495 referendum
580 2449 621 2496 est
647 2441 682 2496 ad

235 2523 304 2579 nibil
327 2523 400 2581 aliud
421 2544 501 2601 quam
523 2525 557 2581 ad
577 2537 681 2583 autece-

234 2609 302 2667 deus
323 2631 407 2689 quos,
434 2633 494 2669 cum
512 2612 588 2668 multi
605 2614 679 2670 simi·

233 2696 274 2755 les
291 2696 346 2755 loci
358 2698 478 2769 doceant
497 2700 539 2757 vel
558 2700 590 2758 ab
610 2703 679 2775 opti-

233 2788 286 2845 mis
316 2789 467 2865 quibusque
499 2788 678 2865 scriptoribus

232 2874 395 2933 adiectivum
416 2876 546 2933 medium
566 2878 676 2933 coniun-

233 2971 305 3017 ctum
327 2981 386 3018 csse
408 2982 469 3018 cum
489 2964 581 3031 rebus,
609 2984 676 3040 quae

231 3068 287 3103 non
304 3050 379 3125 ipsae
400 3069 450 3123 pru
467 3050 563 3105 mediis
584 3051 676 3106 baberi

230 3144 353 3210 possent,
370 3135 419 3191 sed
436 3135 574 3211 inquibus
593 3147 620 3192 et
637 3139 676 3192 in-

230 3231 274 3277 ter
291 3241 358 3298 quas
380 3221 482 3299 aliquid
505 3221 622 3279 medium
639 3227 675 3280 si-

230 3309 409 3385 gnificaretur.
427 3308 479 3366 bac
489 3312 593 3366 ratione
609 3314 674 3367 scri·

228 3406 306 3474 ptum
324 3418 360 3456 m.
380 3399 404 3456 1.
423 3406 450 3453 et
466 3399 495 3454 in
512 3396 540 3454 111
557 3407 615 3455 erat
632 3401 673 3465 (1,

228 3486 291 3552 21.)
313 3483 410 3554 „tuem
432 3496 488 3542 eaat
510 3506 598 3560 quem
616 3505 673 3541 mc·

227 3571 312 3627 dium
333 3592 367 3628 ex
389 3592 474 3646 opaco
501 3592 585 3650 specu
611 3571 673 3630 tons

225 3659 340 3734 perenni
367 3659 470 3733 rigabat
494 3666 598 3736 aqna“‚
623 3659 672 3716 sed

225 3758 263 3800 ur.
282 3744 307 3800 2.
330 3745 446 3803 medius
469 3749 552 3803 scribi
578 3747 672 3806 voluit.

224 3831 252 3898 8,
271 3830 327 3888 tt:
351 3835 484 3906 egregium
506 3832 609 3891 facinus
627 3855 672 3891 au·

190 3956 192 3963 .
224 3934 273 3971 sus
289 3936 339 3994 per
361 3919 465 3977 medios
488 3924 603 3996 erumpit
624 3921 671 3976 bo·

223 4011 289 4063 ties.
328 4007 361 4071 9,
391 4008 447 4065 tu:
478 4028 527 4084 per
556 4007 671 4065 mediam

224 4089 318 4149 auen.
335 4091 370 4151 at
388 4125 423 4137 -
447 4091 484 4151 t‘r
501 4103 530 4153 st
547 4092 670 4155 beneficii

824 2014 851 2061 et
860 2003 984 2061 maleficii
994 2006 1159 2062 occassione
1171 2007 1271 2062 amissa.

822 2093 863 2150 bl:
891 2101 918 2149 et
944 2090 1070 2149 beneficii
1093 2095 1207 2150 occasio
1221 2095 1228 2163 Ι
1241 2110 1271 2148 ue

823 2183 930 2238 amissa.

770 2269 797 2327 5.
823 2269 960 2344 adeoque
986 2266 1151 2323 nullodum
1181 2275 1268 2323 certo·

822 2356 900 2411 mirre
912 2354 1063 2410 inclinatis
1076 2354 1268 2428 uiribuspost

821 2441 980 2499 sandinum
989 2447 1096 2516 pecc'm
1104 2441 1202 2497 animi
1211 2459 1267 2494 mrs-

821 2538 973 2586 tarserant:
993 2525 1048 2588 ΡΜ.
1063 2558 1098 2569 -
1116 2524 1199 2586 Recc.
1212 2527 1265 2603 qui-

821 2617 883 2674 dam
911 2613 1005 2673 codd:
1032 2632 1065 2670 se
1089 2622 1264 2670 mutauerant

820 2701 865 2761 Cf.
892 2707 924 2770 5,
952 2702 1007 2761 19.‘:
1038 2703 1131 2757 omnia
1158 2710 1264 2778 repento

818 2799 996 2848 mutaverunt.
1006 2821 1040 2831 -
1051 2787 1092 2846 bl:
1105 2790 1263 2858 „incruenta

818 2880 932 2934 uictoria
950 2879 1020 2933 inter
1042 2877 1195 2934 sames.
1219 2874 1262 2932 bd.

816 2964 897 3022 simul
920 2964 1087 3036 rebellasse
1110 2970 1138 3016 et
1165 2963 1264 3018 uicisse

817 3051 958 3108 crederent
970 3052 1138 3109 romanum“.
1158 3047 1262 3105 Eadem

816 3139 907 3207 verba,
925 3160 993 3215 quae
1010 3142 1039 3197 in
1051 3138 1079 3195 111
1092 3124 1261 3204 exciderunt,

815 3229 1004 3306 praetermissa
1022 3245 1133 3304 quoquo
1154 3234 1218 3281 sunt
1234 3226 1260 3279 in

815 3310 893 3372 be'id.
906 3335 923 3373 r.
938 3313 1017 3373 Voss.
1037 3333 1065 3372 u.
1082 3311 1151 3372 bov.
1165 3315 1191 3371 4.
1206 3311 1239 3369 al.

747 3401 790 3459 10.
815 3402 892 3457 inter
904 3401 980 3458 baec
987 3402 1142 3460 Satricani
1152 3400 1198 3456 ad
1206 3398 1258 3458 Sa

815 3491 920 3545 maim
939 3489 1129 3561 defecerunt:
1148 3485 1205 3546 PM.
1227 3517 1258 3527 -·

814 3574 894 3634 Recc.
908 3576 982 3654 quid.
993 3575 1087 3634 codd:
1101 3574 1257 3633 defecerant.

814 3693 849 3705 -
872 3662 909 3718 P:
931 3665 1111 3740 necoppinato
1135 3663 1256 3721 aduentu.

800 3780 849 3791 ’-·
880 3750 919 3806 bl:
948 3751 1031 3806 fuisse
1058 3761 1086 3807 et
1113 3754 1257 3808 satricauos

813 3857 874 3892 cum
904 3839 939 3893 iis
967 3846 1080 3896 constat.
1112 3870 1147 3888 v
1178 3838 1256 3894 Paulo

813 3935 877 4000 post
893 3924 942 3983 ΡΜ
958 3924 1077 3985 Leid.r.:
1097 3929 1181 4005 timor
1198 3925 1257 3982 inde

811 4022 919 4068 mutuus
933 4021 1059 4087 utroque
1071 4032 1159 4092 usque
1174 4013 1208 4072 ad
1220 4012 1270 4070 iun

813 4116 871 4157 cem
888 4100 995 4175 quietos
1012 4100 1108 4158 tenuit.
1142 4152 1145 4157 .
