2618 4590
124 264 221 334 aaa
385 312 423 351 ,.
613 274 798 337 aarum.

155 440 277 533 proelia
300 441 340 509 de
362 439 550 532 occupando
570 451 669 530 ponte
691 438 802 507 crebra
823 449 927 522 erant,
947 458 1009 504 nec
1031 433 1086 529 qui
1106 443 1254 525 potaron

64 574 69 585 ’
157 556 218 628 tur,
242 545 368 613 incertis
390 545 509 613 viribus
530 544 606 611 satis
628 543 762 612 discerni
782 552 918 633 poterat.
951 552 1021 608 turn
1048 538 1164 607 eximia
1185 560 1255 607 cor-

156 647 243 737 poris
269 649 483 739 magnitudine
509 647 544 716 in
570 672 709 717 vacuum
734 658 868 739 pontem
895 645 1006 712 Gallus
1038 642 1194 737 processit
1220 654 1255 711 et

112 820 121 847 ὶ
158 763 312 842 quantum
334 753 473 821 maxima
496 776 578 820 voce
600 753 705 843 potuit
730 775 853 842 „quem
873 754 981 816 nunc“
1002 748 1105 840 inquit
1125 747 1253 832 „Roma

126 855 260 929 trinum
280 856 488 925 fortissimum
508 856 615 940 habet,
635 857 789 946 procedat
808 855 945 948 agedum
967 853 1007 920 ad
1033 875 1187 943 pugnam,
1217 861 1254 929 ut

108 1028 112 1033 .
155 970 264 1028 noster
286 961 424 1028 duorum
441 971 574 1029 eventus
589 963 737 1029 ostendat
750 972 821 1029 utra
835 982 913 1051 gens
926 956 1013 1024 bello
1028 956 1069 1023 sit
1082 954 1206 1023 melior.
1213 960 1234 991 “

242 1063 285 1132 X.
328 1064 393 1130 Diu
416 1064 498 1130 inter
518 1065 674 1155 primores
690 1065 842 1132 iuvenum
854 1065 1072 1132 Romanorum
1093 1059 1253 1127 silentium

155 1166 229 1251 fuit,
262 1191 337 1234 cum
364 1178 398 1235 ct
425 1169 569 1237 abnuere
590 1180 754 1236 certamen
780 1178 964 1237 vererentur
990 1177 1023 1234 ct
1049 1165 1254 1257 praecipuam

158 1283 279 1339 sortem
306 1271 439 1362 periculi
465 1285 576 1362 petere
603 1273 735 1340 nollent.
772 1286 841 1341 tum
869 1274 909 1341 T.
932 1271 1070 1339 lllanlius
1095 1270 1133 1337 L.
1160 1268 1253 1351 filius,

109 1374 212 1466 toqui
232 1386 357 1464 patrem
380 1400 398 1442 a
420 1376 589 1445 vexatione
609 1377 775 1446 tribunicia
796 1378 1022 1459 vindicaverat,
1051 1399 1093 1442 cx
1116 1374 1252 1445 statione

156 1479 197 1545 ad
220 1477 406 1546 dictatorem
426 1482 544 1572 pergit:
573 1481 718 1566 „iniussu
740 1488 820 1552 tuo“
841 1482 952 1573 inquit,
972 1482 1177 1571 „imperator‚
1200 1503 1253 1545 ex·

226 1663 310 1720 iiccre
318 1662 412 1726 oleat.
429 1664 479 1745 sed
488 1665 521 1723 cl.
532 1667 619 1734 6‚23.:
629 1669 670 1723 in-

225 1751 361 1808 struendis
380 1763 558 1829 quaercntem.
577 1786 611 1795 -
629 1754 669 1812 M:

224 1840 318 1915 posuit
333 1845 384 1917 pos
403 1842 433 1896 in
448 1839 538 1898 medio
558 1852 622 1900 erat.

173 1924 199 1983 1.
226 1945 281 1982 nec
293 1927 347 1999 qui
354 1934 540 2002 poterentur:
557 1927 580 1985 P
597 1950 633 1988 m.
646 1932 671 1989 1.

224 2010 268 2084 ll]
286 2032 336 2069 nee
354 2015 400 2089 qui
412 2016 563 2091 potirentur
582 2016 622 2086 (P
633 2039 669 2075 m.

226 2100 281 2169 2.).
321 2099 369 2156 Sic
398 2104 528 2178 seriptum
557 2114 599 2160 cst
626 2106 672 2171 23,

226 2186 270 2244 43.
288 2188 317 2242 in
334 2185 394 2245 Put.
418 2195 610 2265 „poteretur“.
636 2191 671 2249 al.

226 2270 301 2346 Virg.
313 2272 381 2331 Aen.
393 2275 420 2341 3,
429 2278 485 2332 55.:
503 2275 579 2343 „Fas
591 2296 671 2333 omne

105 2380 109 2387 ·
226 2356 369 2433 abrumpit,
384 2357 548 2434 Polydorum
560 2363 670 2420 obtrun-

226 2452 271 2498 cat
287 2452 314 2498 et
331 2464 395 2501 suro
408 2443 442 2502 Vi
456 2449 593 2523 potitur‘⁴.
621 2450 670 2507 Sic

226 2530 307 2588 etiam
327 2540 400 2587 recte
417 2535 547 2608 scriptum
564 2537 671 2595 videtur

226 2635 269 2692 ap.
282 2616 364 2677 Ovid.
382 2620 411 2674 in
422 2618 528 2682 dietam.
542 2626 584 2693 13,
594 2627 669 2684 rau:

225 2701 343 2781 „Tuque
363 2708 418 2762 tuis
444 2712 540 2779 armis,
566 2731 617 2768 nos
642 2722 670 2768 te

222 2798 391 2867 poteremur,
408 2793 550 2855 Achilla“r
577 2819 669 2876 quam-

224 2896 305 2954 quam
326 2881 357 2935 in
373 2879 493 2945 Berolin.
515 2885 594 2943 codd.
616 2909 669 2963 po·

224 2967 347 3023 tiramni·
358 2972 503 3046 reperitur:
521 2971 572 3040 (cf.
584 2971 670 3035 Prisc.

226 3053 253 3116 7,
274 3053 300 3108 2.
317 3052 370 3120 7.).
406 3055 488 3113 Prisc.
508 3059 669 3126 10‚n.1o.:

226 3133 278 3201 „in
301 3137 360 3192 tior·
381 3136 519 3217 deponens
541 3152 595 3200 tam
616 3155 669 3203 ter-

226 3221 281 3277 tiae
305 3243 386 3309 quarn
410 3236 518 3302 quartae
544 3233 669 3308 coniuga-

226 3309 309 3366 tionia
333 3332 417 3370 uuum
442 3315 601 3387 invenitur.
617 3341 669 3395 po·

224 3396 314 3456 tior“.
330 3398 380 3456 sed
391 3401 424 3461 cl.
437 3403 481 3474 23,
495 3404 538 3464 16.
550 3402 596 3464 alt
610 3425 669 3465 ore·

226 3492 309 3544 retur.

173 3564 199 3624 2.
224 3571 300 3625 sutis
315 3573 450 3633 ducem
464 3578 598 3653 pote'rat:
618 3580 670 3640 ΡΜ

226 3651 297 3711 rell:
315 3679 367 3724 „cs
386 3660 450 3720 licss
462 3666 522 3722 sicli
533 3667 609 3725 nieht
619 3673 670 3725 mit

226 3737 379 3800 Sicherlreit
388 3748 577 3814 bestimmeu“.
590 3755 610 3815 l.
622 3756 667 3816 Fr.

811 1668 859 1734 91,
877 1668 915 1725 la
943 1668 1056 1742 „itaque
1081 1663 1154 1721 haud
1176 1664 1253 1723 facile

782 1794 784 1805 «
811 1755 977 1812 discerneres
994 1762 1081 1809 utrum
1099 1755 1254 1829 imperatori

810 1862 845 1898 au
881 1841 1009 1898 exercitui
1038 1842 1125 1896 carior
1159 1846 1252 1897 esset“

810 1928 896 1998 (Med.
915 1925 1021 1997 coln).
1038 1929 1082 1997 Ἠ,
1100 1931 1160 1985 on:
1182 1931 1253 1996 „mi-

811 2018 866 2073 rari
890 2017 975 2089 magis
1003 2015 1071 2072 adeo
1101 2015 1254 2095 discrepare

812 2107 884 2161 iuter
913 2112 1049 2172 auctores,
1078 2125 1159 2180 quam
1188 2106 1253 2182 quid

810 2192 868 2248 reri
898 2193 935 2247 sit
963 2190 1114 2248 discernere
1149 2198 1252 2270 queas“

808 2275 912 2348 (aaa).

757 2389 785 2446 2.
809 2389 1132 2466 tumescimr'aeorporir
1141 2395 1254 2472 magni-

809 2476 929 2533 tudine.-
951 2477 1008 2537 ΡΜ.
1034 2510 1068 2521 -
1098 2477 1192 2539 Lovel
1213 2483 1253 2539 l:
1297 2540 1300 2545 ,

809 2582 876 2619 cunr
893 2565 988 2621 eximia
1007 2575 1057 2626 eet.
1075 2598 1112 2610 -
1138 2567 1217 2626 Voss.
1232 2588 1252 2629 1.

809 2648 858 2708 al:
876 2660 927 2719 „et
937 2663 1065 2728 quantum
1077 2655 1191 2711 maxima
1200 2678 1253 2732 po·

809 2739 866 2794 tuit
890 2747 989 2800 uoce“.
1024 2744 1056 2798 ln
1082 2742 1148 2803 Pul.
1178 2747 1203 2803 1.
1226 2748 1252 2803 3.

809 2822 891 2885 Voss.
905 2846 933 2885 ιι.
948 2827 982 2886 al.
997 2829 1097 2886 excidit
1112 2835 1253 2908 ,‚potuit“.

810 2941 845 2954 —-
856 2911 920 2973 Pm.
931 2916 954 2975 l.
963 2935 970 2973 ε
979 2917 1086 2993 inquid.
1095 2948 1129 2958 -
1137 2918 1214 2978 [aeid.
1222 2940 1253 2978 a:

810 3001 986 3060 fortissimum
1004 3007 1099 3064 uirum.
1125 3034 1161 3050 -·
1186 3004 1252 3064 Pll:

809 3096 842 3144 ut
860 3099 961 3146 noster
983 3091 1111 3148 duorum
1129 3105 1254 3153 euentus

809 3176 956 3235 ostendat.
973 3176 1016 3237 Cf.
1026 3178 1085 3238 Cic.
1095 3200 1134 3240 or.
1145 3180 1179 3238 de
1188 3185 1253 3262 imp.

809 3260 862 3321 Cn.
884 3262 979 3342 Pomp.
997 3270 1036 3326 1.:
1072 3290 1255 3348 „quamquam

810 3348 876 3404 milri
903 3370 1009 3429 semper
1035 3354 1160 3433 frequens
1190 3379 1255 3417 con-

808 3446 918 3513 spectus
934 3450 1033 3498 certer
1055 3442 1255 3523 multo-iucun-

809 3523 936 3583 dissimus
954 3559 988 3570 -
1006 3538 1048 3585 est
1065 3533 1172 3592 risus“.

755 3634 783 3693 7.
809 3637 958 3694 silentium
969 3639 1052 3712 fuit:
1070 3639 1101 3701 P.
1115 3673 1147 3688 -
1160 3642 1200 3700 lli:
1217 3646 1258 3702 si·

806 3722 891 3781 lentio
910 3725 969 3786 luit.

225 3823 309 3886 Gron.
323 3839 351 3886 et
362 3832 414 3891 hoc
422 3846 450 3892 et
460 3838 519 3897 aliis
529 3841 595 3899 locis
605 3844 667 3901 dic·
754 3845 781 3902 9.
807 3853 869 3902 tum
895 3849 928 3906 Τ.
945 3849 1079 3907 Manlius
1095 3853 1129 3912 L.
1149 3854 1253 3928 filius.-

113 3941 116 3946 -
224 3920 434 3978 rerumrerbo
442 3925 598 3986 decernere
607 3950 666 4007 per·

222 4011 352 4061 mutatum
364 4006 450 4066 voluit
461 4014 553 4071 invitis
572 4020 666 4073 mscri·

222 4089 286 4159 ptis.
309 4096 504 4157 restituendum
525 4104 666 4177 igiturest

805 3929 837 3991 P.
862 3967 896 3977 -
919 3934 962 3992 lll:
987 3946 1042 3994 tum
1058 3943 1063 4009 Ι
1079 3947 1110 4018 pt
1128 3941 1252 3998 manlius.

804 4017 824 4077 l.
842 4019 861 4079 f.
882 4051 918 4064 ·-
947 4022 988 4080 lllr
1011 4030 1187 4084 coaxatione
1205 4030 1252 4084 tri·

806 4104 923 4164 bucinis.
