2618 4590
243 176 246 181 “
604 182 613 213 r

115 221 178 292 tt‘l
581 236 688 299 cmm
704 234 738 299 x,
1187 40 1204 369 ι

116 397 238 489 collega
266 397 407 490 Papirius
434 398 558 467 silentio
587 401 688 491 surgit
715 411 748 467 et
774 388 961 490 pullarium
991 393 1026 458 iu
1057 391 1190 480 auspicium

40 536 44 553 .
107 496 216 569 'mittit
252 503 377 570 nullum
399 516 466 571 erat
487 527 587 594 genus
607 503 772 571 hominum
793 502 826 569 in
851 497 977 567 castris
1001 495 1153 579 intactum
1168 519 1200 577 πῃ
1212 524 1216 530 ·

114 603 243 694 piditate
265 631 404 699 pugnae,
430 609 545 675 summi
567 607 728 698 infimique
750 629 856 696 aeque
881 599 1011 670 intenti
1035 611 1137 681 erant,
1159 600 1201 665 dui

109 708 248 777 militurn
269 713 360 780 miles
388 704 476 780 ducis
504 712 650 779 ardorem
676 710 851 802 spectabat.
892 708 923 774 is
957 705 1063 772 ardor
1091 702 1203 769 omniu.

84 812 207 881 tetiam
235 816 275 883 ad
302 839 358 883 eos
387 815 441 907 qui
469 815 610 906 auspicio
637 814 807 882 intererant
833 809 1014 904 pervenit:
1055 831 1131 874 uam
1152 822 1202 874 eu'

115 918 192 1007 pulli
214 943 279 988 non
301 930 513 1012 pascerentur,
536 918 686 1009 pullarius
708 917 890 1009 auspicium
905 913 1051 995 mentiri
1067 911 1193 980 aususti

86 1021 243 1111 pudium
272 1024 473 1091 sollistimum
496 1021 618 1089 consuli
639 1022 802 1090 nuntiavit.
841 1020 971 1089 consul
1002 1019 1112 1088 laetus
1132 1017 1194 1105 auspi

40 1168 43 1172 -
111 1125 196 1192 cium
218 1127 378 1219 egregium
406 1149 476 1192 esse
505 1137 538 1192 ct
565 1125 631 1192 deis
660 1127 841 1194 auctoribus
871 1149 951 1192 rem
983 1134 1137 1214 gesturos
1156 1144 1194 1210 pre

180 1287 220 1358 git
237 1295 264 1341 et
274 1277 458 1361 pullarium'r'u
475 1288 622 1366 auspicium

181 1373 279 1429 nitur:
294 1372 370 1443 ,aaa
379 1373 488 1431 hefiehtt
498 1373 559 1430 dem
570 1372 620 1429 fla·

121 1518 126 1535 ι
180 1477 290 1535 auspex,
315 1463 364 1518 der
386 1461 454 1518 naclr
478 1461 530 1516 den
548 1458 620 1516 Hul-

132 1579 135 1587 ·
184 1566 250 1604 nern
267 1567 303 1604 au
318 1547 402 1604 selaeu
414 1548 496 1616 hatte,
512 1546 560 1604 aui
570 1545 623 1603 den

179 1631 281 1703 Willen
294 1633 344 1693 der
352 1633 448 1692 Gttter
459 1654 491 1691 au
500 1633 621 1691 aelateu“.
693 1705 696 1711 Ι

180 1720 222 1776 lle
239 1723 356 1779 edentia
376 1721 409 1781 el.
428 1725 454 1791 8,
472 1724 515 1779 23.
534 1730 561 1776 et
571 1719 592 1775 F
595 1739 620 1773 e-

179 1818 237 1865 stus
250 1808 308 1876 (ed.
322 1806 394 1866 ttult
407 1830 434 1884 p.
446 1811 537 1877 348.)ε
555 1806 620 1875 „Si-

172 1892 269 1951 -lentio
287 1913 412 1974 surgere
429 1897 466 1950 ait
484 1893 552 1960 dici,
574 1894 621 1950 ubi

169 1983 224 2056 qui
243 1991 306 2058 post
323 1980 438 2038 mediam
452 1991 557 2038 noctem
576 2000 620 2037 au·

178 2067 305 2145 spirandi
320 2088 399 2126 causa
410 2088 444 2127 ex
456 2067 553 2126 lectulo
570 2087 620 2125 suo

177 2153 262 2220 silens
278 2157 402 2224 sancxit,
420 2166 447 2212 et
462 2154 619 2212 liberatusa

178 2240 248 2299 lecto
266 2244 295 2298 in
312 2242 401 2300 solido
414 2262 445 2299 ae
460 2245 560 2319 posuit,
578 2261 619 2299 se·

146 2316 150 2321 ¹
178 2326 276 2403 detque
302 2348 336 2384 ue
360 2329 426 2404 qnid
449 2351 481 2386 eo
500 2341 619 2407 tempore

119 2428 125 2443 ·
176 2410 290 2480 deiciat,
314 2434 412 2470 cavens
434 2415 520 2471 donee
541 2435 572 2471 se
590 2417 618 2472 in

175 2498 274 2556 lectum
297 2502 431 2579 reposuit:
462 2502 518 2558 lroc
541 2504 619 2558 enim

175 2595 221 2642 eet
231 2590 351 2662 proprie
363 2590 511 2650 silentium
524 2592 618 2646 omnis

135 2724 138 2729 ,
176 2673 241 2728 vuit
257 2674 288 2729 iu
299 2676 617 2751 euspiciiaoaruitw.

155 2770 166 2797 -’
178 2787 210 2801 -·
221 2757 305 2816 Paulo
316 2770 380 2836 post
390 2761 425 2818 Pr
444 2764 540 2821 summi
558 2763 618 2834 inli-

178 2847 215 2900 nai
225 2866 303 2922 queq.
311 2851 407 2905 intenti
412 2861 495 2909 eraut.
506 2849 581 2909 Leid.
586 2871 617 2909 1.:

81 3000 89 3005 -
109 2952 115 2967 ¹
175 2935 272 2988 summi
285 2935 423 3010 intimique
435 2939 531 2993 intenti
542 2947 618 2995 erant

175 3038 258 3095 aeque
277 3020 331 3076 dux
349 3020 462 3078 militurn
482 3033 532 3082 cet.
642 3066 645 3075 .

18 3166 21 3171 ⁴
122 3106 148 3161 t.
175 3107 203 3160 ia
220 3105 314 3162 ardor
332 3100 460 3165 om'nium
475 3111 618 3167 etiamad

123 3221 133 3263 ,¹
174 3210 227 3246 ers
245 3195 298 3266 qui
307 3197 439 3269 auspiciu
455 3197 616 3253 intererant

128 3318 132 3324 .
159 3279 256 3343 λ1,,1111
283 3280 330 3336 aul
353 3280 401 3337 das
428 3280 543 3338 Fresseu
568 3283 616 3340 der

172 3362 284 3423 Htlner
305 3367 457 3424 zu'aelrten
485 3368 614 3438 hatten“)

165 3454 320 3522 peruenit:
336 3452 397 3510 Plu
424 3456 477 3511 uisi
496 3456 568 3533 quod
585 3459 614 3512 in

171 3535 195 3591 P
210 3539 340 3614 seriptum
358 3551 400 3600 est
426 3541 614 3609 „intereant“.

170 3650 206 3664 ·-·
243 3613 287 3679 1³!
306 3625 435 3700 pullarius
464 3631 613 3705 auspicium

106 3752 108 3756 .
170 3711 277 3765 mentiri
295 3731 375 3769 ausus
392 3713 430 3784 (P
448 3717 535 3774 m.1.:
552 3733 613 3772 aus·

170 3799 234 3866 tus)
269 3799 415 3876 tripudium
450 3799 612 3868 solistimum

17 3856 20 3860 ⁴
43 3917 46 3923 ,
114 3921 116 3925 .
168 3881 272 3938 consuli
294 3889 433 3944 nuntiauit.
462 3887 503 3946 tl:
530 3909 610 3946 ausus

167 3968 310 4040 tripudiat
338 3971 465 4032 salestinit
504 3975 609 4033 consuli

134 4072 138 4079 ·
167 4055 308 4115 nuntiauit.
343 4077 378 4115 na.
404 4062 455 4118 λε’
473 4059 607 4120 solistiuir.

763 1283 806 1344 Cl.
823 1282 901 1342 Fest.
921 1282 990 1352 (ed.
1006 1280 1086 1340 lliill.
1104 1300 1130 1357 p.
1141 1281 1195 1345 tasi:

763 1370 1006 1439 „Sollistr'mum
1035 1371 1091 1446 Ap.
1121 1364 1210 1423 Palaia·

763 1460 790 1514 iu
809 1457 965 1533 Auguralis
992 1457 1155 1533 disciplinae
1167 1453 1221 1537 lt¹

762 1547 800 1602 ait
818 1564 879 1601 ease
891 1545 1088 1633 tripudium,
1105 1541 1212 1618 quodni·

761 1632 869 1703 (aetibe
898 1627 1041 1701 ‚,au'r'“)
1071 1629 1164 1688 excidit
1180 1638 1223 1683 er·

761 1740 801 1787 eo,
820 1717 898 1796 quod
918 1717 970 1774 illa
993 1717 1078 1776 lert“
1096 1726 1144 1776 eet
1165 1713 1201 1773 (ie

762 1806 796 1863 de
814 1807 869 1864 dir.
890 1808 919 1872 2,
932 1808 985 1863 34.
1006 1808 1071 1866 72:
1090 1825 1200 1882 „cunpa-

760 1903 886 1960 aeuutur,
917 1913 1047 1950 neeesse
1071 1905 1115 1950 est
1129 1892 1202 1970 aliquid

761 1999 795 2036 ex
812 2000 860 2037 ore
877 1980 988 2036 cadere
1010 1990 1043 2037 et
1058 1990 1162 2044 ,terram
1174 2001 1202 2058 p·

761 2069 831 2124 rire:
844 2068 1042 2147 terripavium
1057 2071 1153 2148 primo,
1162 2077 1204 2147 post

759 2152 943 2233 terripudium
963 2154 1085 2215 dictum
1102 2167 1154 2214 est:
1172 2155 1205 2211 loe

760 2241 869 2319 quidem
890 2243 950 2299 iarn
979 2244 1143 2323 tripudium
1160 2244 1206 2300 diei·

759 2338 811 2386 tur.
841 2348 908 2391 eum
932 2331 1041 2410 igitur
1070 2333 1137 2406 offa
1157 2333 1206 2388 reri·

760 2415 807 2472 dit
823 2435 864 2471 ece
882 2436 938 2477 ore
959 2419 1067 2491 pulli,
1096 2430 1157 2478 tum
1171 2438 1206 2475 aar

733 2502 739 2509 ’
759 2502 886 2577 apieauti
900 2504 1089 2579 triprudirrm
1106 2508 1207 2566 callisti

758 2607 838 2645 mum
873 2592 1091 2654 nuntiatur“.·
1130 2595 1208 2664 „daun

759 2686 817 2752 sagi
839 2675 888 2731 der
906 2675 1142 2753 Vogelselrauer‚
1163 2682 1207 2738 tos

710 2754 717 2769 ⁸
760 2763 811 2818 den
834 2761 971 2820 Hfihnern
1001 2769 1061 2825 als·
1087 2769 1208 2842 erfreuli·

758 2849 828 2907 eber
846 2847 983 2908 Zeicleerr
1010 2875 1071 2911 vor
1089 2855 1209 2930 Fressgier

690 2978 697 2987 .
759 2935 803 2993 die
819 2935 928 2993 Ktirner
946 2938 1079 2998 viell'aela
1098 2964 1147 3000 aus
1164 2942 1210 2999 den

757 3023 891 3080 Selmabel
902 3024 1017 3082 wieder
1030 3049 1086 3085 zur
1095 3031 1166 3087 llrde
1176 3049 1209 3104 ge·

755 3110 870 3170 tallan‘t
885 3140 920 3152 ·-
944 3111 1133 3186 δαίεείίηῡ,
1150 3116 1210 3194 quod

756 3200 784 3254 in
802 3196 828 3253 ll
846 3219 881 3256 m.
902 3200 926 3256 1.
946 3208 1008 3268 est,
1029 3206 1164 3261 evincere
1179 3205 1216 3261 ri.

711 3326 714 3332 .
755 3282 844 3353 detur,
861 3285 940 3341 etiam
960 3288 994 3343 iu
1007 3291 1173 3367 antiquiore
1186 3289 1211 3346 li-

754 3370 804 3428 bro
833 3373 890 3428 sive
919 3375 1129 3435 sullectinum
1164 3379 1212 3435 siue

754 3456 943 3530 rouutimum
961 3459 1068 3524 fuisse.
1091 3524 1095 3529 ,

700 3547 726 3604 8.
752 3554 783 3609 ot
798 3546 864 3602 deta
879 3547 1065 3607 camoribus
1085 3572 1153 3608 rem
1166 3569 1210 3631 gc·

751 3640 855 3689 eteros
873 3637 1059 3706 pronuntiet
1081 3640 1211 3718 rignum·

754 3736 811 3793 que
820 3737 940 3796 pugnae
949 3728 1127 3795 proponite
1144 3725 1210 3784 lllru.

725 3853 727 3856 ,
754 3805 780 3862 2.
811 3823 872 3860 narn
889 3824 924 3862 na.
944 3809 968 3861 1.
991 3811 1140 3886 scriptum
1159 3823 1212 3870 erat

752 3890 930 3965 „signumque
947 3911 1060 3969 pugnae
1080 3903 1210 3975 pronit“.

751 4004 785 4019 -
815 3974 894 4035 Voss.
915 3995 944 4038 u.
974 3977 1027 4038 ak:
1067 3989 1211 4063 egregium

748 4079 823 4132 esse,
841 4063 899 4120 deir
916 4067 1080 4127 auetomlrus
1102 4091 1165 4132 rem
1181 4095 1212 4132 se
