2618 4590
522 288 632 348 LIBER
647 288 706 352 Vll.
778 375 781 391 .

1038 272 1249 350 'bib'

67 476 132 544 qne
155 475 344 544 congressus
366 474 519 541 quaerere
542 451 583 517 ad
601 452 785 544 conloquia:
808 455 982 541 Quinctius,
1003 478 1102 549 quern
1116 480 1163 524 ar·
1191 518 1194 525 ,
1241 508 1244 521 .

67 581 196 626 morum
224 557 320 625 etiam
349 580 408 646 pro
435 555 535 646 patria
556 557 684 624 satietas
711 568 834 625 terreret
861 558 980 626 nedum
1013 562 1163 629 adversm

65 664 209 753 patriam,
231 660 388 728 Corvinus
410 669 523 728 ornnes
543 661 672 729 caritate
695 662 781 730 cives
802 663 972 754 praecipue
989 664 1105 731 milites
1130 673 1164 730 et

64 780 140 834 aute
165 766 244 833 alios
266 789 361 832 suum
383 764 558 833 exercitum
586 767 763 857 conplexus
791 767 833 834 ad
863 760 1070 857 conloquiur'n
1092 789 1163 856 pro·

65 871 171 938 cessit.
207 869 335 960 cognito
356 870 386 938 ei
408 871 571 961 extemplo
593 871 680 938 haud
700 871 824 940 minore
846 872 888 938 ab
910 870 1094 938 adversariis
1109 882 1198 939 vet

63 975 215 1042 recundia
237 999 335 1066 quam
357 976 398 1042 ab
420 976 485 1043 suis
500 975 661 1043 silentium
676 977 800 1043 datum:
823 978 951 1060 „deos“
973 975 1075 1066 inquit
1096 975 1164 1058 „in-

62 1079 230 1161 mortales,
257 1079 388 1164 milites,
417 1091 540 1148 vestros
561 1080 708 1170 publicos
729 1103 885 1171 meosque
908 1080 948 1147 ab
970 1080 1050 1147 urbe
1071 1079 1165 1169 proli·

64 1182 189 1251 ciscens
211 1183 254 1252 ita
277 1183 406 1252 adoravi
428 1185 620 1276 veniamque
642 1185 780 1276 supplex
801 1186 945 1277 poposci,
966 1195 1003 1253 ut
1023 1184 1103 1251 mihi
1123 1182 1164 1251 de

131 1393 205 1470 quod
223 1413 278 1451 non
297 1405 508 1470 processerunt
529 1395 578 1453 aad

129 1485 278 1556 processit
294 1486 425 1560 scriptum
442 1494 498 1553 est,
516 1504 578 1541 uam

133 1568 176 1636 id,
199 1574 248 1626 etsi
267 1590 323 1626 non
339 1569 442 1648 placet,
462 1590 495 1627 eo
514 1590 578 1627 cou-

132 1653 195 1710 silio
217 1658 348 1734 scriptum
370 1657 458 1715 videri
479 1665 579 1736 potest,

133 1741 208 1816 quod
226 1763 295 1799 unns
312 1741 435 1800 Valerius
457 1743 579 1822 loquere·

133 1837 190 1884 tur:
209 1848 290 1905 qnam
302 1829 376 1906 qnod
388 1830 532 1904 Quinctius
544 1848 579 1887 ne

114 1920 298 1993 processisse
327 1918 437 1996 quidem
471 1917 580 1977 videtur

131 2003 195 2072 sed,
218 2016 248 2062 ut
270 2004 395 2063 Valerius
417 2008 475 2082 ipse
503 2005 578 2074 (licit,

132 2090 202 2146 inter
220 2094 322 2168 primos
340 2093 501 2152 substitisse.
523 2113 579 2149 uon

132 2179 203 2234 enirn
215 2183 286 2238 sicut
296 2181 391 2258 Scipio
407 2190 434 2236 ct
444 2175 578 2237 Hannibal

134 2268 193 2339 (30,
210 2269 281 2338 30.),
301 2266 424 2325 Valerius
446 2277 474 2324 et
490 2267 577 2341 Quin·

132 2354 201 2408 etius
229 2364 258 2410 ru
280 2355 315 2411 de
337 2375 447 2412 suorum
469 2355 578 2412 lortuna

133 2439 578 2520 colloquerenturprodieruntsorl

131 2530 219 2585 omnis
232 2550 318 2607 prope
329 2528 431 2588 Valerii
444 2533 529 2588 oratio
542 2528 578 2586 ad

130 2617 205 2692 ipsos
223 2616 323 2674 milites
339 2627 452 2696 spectat.
480 2617 578 2674 deinde

132 2703 214 2757 etiarn
237 2701 318 2760 altera
344 2725 424 2761 causa
445 2713 488 2761 cst
509 2723 579 2781 quae

131 2788 200 2844 mibi
217 2786 306 2845 locum
318 2800 472 2865 suspectum
484 2789 577 2846 iaciat:

132 2874 179 2931 vix
209 2876 280 2930 enim
310 2875 422 2932 dubium
456 2876 580 2934 videatur

131 2963 197 3037 quin
215 2963 297 3020 verba
314 2962 482 3036 „Quinctius
499 2982 580 3038 quent

132 3069 268 3107 armorum
282 3050 361 3106 etiam
373 3069 423 3128 pro
435 3052 523 3129 petria
537 3070 580 3108 es·

132 3138 210 3193 tietas
223 3146 325 3194 teneret
339 3138 438 3195 nedum
450 3138 581 3197 adversus

133 3225 272 3302 patriam⁸‘
294 3225 389 3283 melius
409 3225 443 3282 ad
460 3227 580 3304 priorem

134 3309 224 3369 locum
245 3312 408 3380 referantur,
439 3334 490 3370 nco
511 3332 580 3390 quae

134 3408 284 3476 sequuntur
313 3400 346 3456 ab
377 3399 427 3457 hae
459 3410 580 3458 constru-

134 3488 224 3542 etione
247 3486 414 3545 abhorreant.
440 3488 508 3544 duae
531 3489 581 3562 igi·

134 3581 179 3630 tur
197 3573 276 3631 huius
299 3571 467 3630 difficultatis
486 3573 580 3630 tollen·

136 3659 188 3716 dae
205 3663 324 3717 rationes
336 3662 398 3716 iniri
408 3671 533 3755 possunt,
550 3671 582 3718 ιιι

134 3756 260 3804 nutante
281 3747 434 3824 Quinctius
458 3749 580 3824 („inpri·

134 3836 226 3901 rnis“)
245 3844 291 3891 ιιιι
307 3842 371 3910 post
385 3837 516 3911 patriam
533 3833 580 3892 ali-

136 3920 581 3998 quidexcidissearbitrcmnrpuu·

138 4017 265 4087 stumque
273 4020 336 4086 post
342 4012 582 4086 patriampouen-

137 4093 213 4150 dum:
231 4105 276 4151 ant
288 4107 318 4152 ut
329 4107 429 4174 puncto
441 4106 505 4173 post
515 4116 582 4152 con·

715 1398 828 1472 plexus
867 1399 959 1475 posito
1001 1394 1164 1452 scribamusr

720 1486 833 1560 „itaque
850 1485 904 1541 ianr
922 1483 1005 1541 duces
1024 1485 1078 1539 iarn
1095 1479 1165 1543 miti·

719 1581 761 1627 tes
770 1572 903 1647 utrimque
914 1590 1073 1647 congressus
1085 1589 1165 1646 quae·

721 1677 781 1713 rere
794 1657 830 1712 ιιι
842 1656 993 1733 conloquia,
1011 1650 1166 1731 Quinctius,

720 1764 801 1821 quem
813 1765 948 1802 armorum
959 1763 1010 1822 pro
1024 1744 1112 1820 patria
1123 1760 1164 1798 se·

720 1833 800 1889 lictae
825 1838 929 1888 teneret
950 1828 1050 1888 nedum
1071 1828 1165 1886 adrer-

719 1922 898 1995 suspatriem‚
913 1917 1059 1986 Corvinus,
1073 1934 1167 1973 omno
1192 1930 1196 1937 ’

720 2010 831 2064 caritate
846 2000 937 2075 cives,
955 2006 1099 2084 praecipue
1116 2003 1165 2061 ml·

719 2093 782 2151 lites
800 2104 827 2150 et
849 2104 911 2150 unte
933 2093 1001 2149 alios
1025 2111 1103 2159 sunm
1121 2109 1165 2146 ex·

719 2183 833 2238 ercitum
850 2180 1005 2259 conplexus.
1030 2181 1166 2258 quicum

719 2267 755 2324 ιιι
782 2267 965 2345 conloquium
988 2266 1166 2344 processisset

720 2354 780 2424 (vel
796 2358 944 2433 processit:
962 2357 1006 2423 29,
1024 2357 1095 2424 et),
1120 2371 1165 2409 eo·

718 2446 793 2518 guito
813 2446 839 2501 ei
857 2441 1013 2520 extemplo“
1032 2448 1084 2501 eet.

665 2531 693 2592 b.
719 2532 838 2611 cognito
856 2533 885 2588 el
902 2528 1068 2605 extemplo:
1089 2527 1112 2584 P
1129 2545 1165 2586 m.

719 2621 746 2678 ι.
769 2618 804 2678 ll.
833 2648 868 2660 -
898 2616 978 2674 Pm.
1005 2619 1030 2674 1.
1051 2613 1125 2673 Harl
1146 2633 1166 2673 1.

718 2703 797 2764 Leid.
811 2724 843 2760 ιι
863 2705 971 2778 cognito
983 2712 1011 2758 et
1023 2699 1165 2778 extemplo·

718 2788 777 2849 Pal.
794 2793 821 2850 3.
838 2788 919 2848 Voss.
937 2809 966 2846 ιι.
985 2784 1030 2846 al.:
1050 2806 1103 2862 qno
1122 2805 1166 2842 co·

721 2878 795 2951 guito
824 2885 851 2931 et
876 2873 1021 2947 extemplo.
1049 2871 1105 2931 Pul.
1128 2873 1166 2930 1.:

721 2983 774 3040 quo
794 2961 901 3037 cognito
919 2959 1062 3035 extemplo.
1097 2954 1167 3016 cod.

721 3049 830 3109 Kloel.:
850 3050 958 3124 cognito
976 3045 1120 3123 externplo.

669 3166 704 3180 -
724 3137 809 3195 baud
831 3139 944 3194 minore
966 3136 1006 3192 ab
1023 3135 1167 3192 aduerso·

721 3226 776 3283 riis
804 3224 984 3282 uerecundia
1011 3241 1101 3301 quom
1128 3219 1168 3276 ub

721 3315 802 3371 suis:
829 3332 863 3369 cx
884 3312 1023 3368 verissima
1046 3308 1098 3365 lae.
1116 3305 1167 3362 Pe·

723 3392 1167 3456 rizouiiconiectura.-PHarlu

723 3485 772 3545 al:
796 3485 869 3542 baud
885 3485 975 3540 minor
992 3483 1025 3539 ab
1043 3481 1166 3539 aduersa·

722 3576 772 3630 riis
790 3583 840 3630 cet.
861 3571 941 3628 tim,
960 3572 998 3627 1.:
1016 3579 1062 3629 aul
1078 3572 1168 3627 minor
1247 3640 1251 3653 Ι

723 3660 892 3718 aduersariis.
909 3677 945 3716 ιιι.
957 3659 998 3717 3.:
1008 3669 1061 3716 »eut
1078 3661 1167 3719 minor

722 3748 756 3804 ab
769 3747 937 3805 aduersariis.
953 3744 1031 3805 Leid.
1044 3766 1078 3807 tr
1094 3746 1166 3804 band

722 3838 810 3890 minor
828 3836 887 3890 cius
904 3832 937 3890 ab
951 3833 1119 3893 aduersariis.
1132 3867 1166 3878 —
1218 3854 1231 3869 ·

723 3921 745 3977 P
758 3943 793 3979 m.
807 3924 844 3980 1.:
863 3921 966 3978 abaube
982 3922 1166 3999 proficiscens.

722 4029 757 4067 m.
776 4011 816 4067 ιε
836 4009 910 4068 urbe.
928 4041 962 4052 -
981 4007 1054 4068 Harl
1070 4028 1102 4067 u:
1121 4027 1166 4064 ue-

725 4099 850 4173 niamque
868 4095 983 4174 supplex
1000 4099 1085 4173 posci.

905 4185 970 4252 te*
