<?xml version="1.0" encoding="UTF-8"?>
<!DOCTYPE html PUBLIC "-//W3C//DTD XHTML 1.0 Transitional//EN"
    "http://www.w3.org/TR/xhtml1/DTD/xhtml1-transitional.dtd">
<html xmlns="http://www.w3.org/1999/xhtml" xml:lang="en" lang="en">
 <head>
  <title>
</title>
<meta http-equiv="Content-Type" content="text/html;charset=utf-8" />
  <meta name='ocr-system' content='tesseract 3.04.00' />
  <meta name='ocr-capabilities' content='ocr_page ocr_carea ocr_par ocr_line ocrx_word'/>
</head>
<body>
  <div class='ocr_page' id='page_1' title='image "./titilivirerumro01alscgoog_0051.png"; bbox 0 0 2618 4590; ppageno 0'>
   <div class='ocr_carea' id='block_1_1' title="bbox 155 246 792 367">
    <p class='ocr_par' dir='ltr' id='par_1_1' title="bbox 155 246 792 367">
     <span class='ocr_line' id='line_1_1' title="bbox 155 246 792 367; baseline -0.005 -48"><span class='ocrx_word' id='word_1_1' title='bbox 155 249 202 367; x_wconf 76' lang='lat'><strong>³⁰.</strong></span> <span class='ocrx_word' id='word_1_2' title='bbox 410 337 414 342; x_wconf 19' lang='grc' dir='ltr'>Ι</span> <span class='ocrx_word' id='word_1_3' title='bbox 485 286 532 353; x_wconf 16' lang='lat'><strong>¹.</strong></span> <span class='ocrx_word' id='word_1_4' title='bbox 599 246 792 333; x_wconf 77' lang='lat' dir='ltr'><strong>‘suasu</strong></span> 
     </span>
    </p>
   </div>
   <div class='ocr_carea' id='block_1_2' title="bbox 27 421 1297 1715">
    <p class='ocr_par' dir='ltr' id='par_1_2' title="bbox 112 421 1258 1249">
     <span class='ocr_line' id='line_1_2' title="bbox 157 421 1256 516; baseline -0.002 -21"><span class='ocrx_word' id='word_1_5' title='bbox 157 425 338 495; x_wconf 86' lang='lat' dir='ltr'><strong>cernuntur.</strong></span> <span class='ocrx_word' id='word_1_6' title='bbox 385 441 579 510; x_wconf 87' lang='lat' dir='ltr'><strong>quamquam</strong></span> <span class='ocrx_word' id='word_1_7' title='bbox 609 429 777 509; x_wconf 83' lang='lat' dir='ltr'><strong>expertum</strong></span> <span class='ocrx_word' id='word_1_8' title='bbox 813 421 988 490; x_wconf 86' lang='lat' dir='ltr'><strong>exercitum</strong></span> <span class='ocrx_word' id='word_1_9' title='bbox 1023 424 1256 516; x_wconf 85' lang='lat' dir='ltr'><strong>adsuetumque</strong></span> 
     </span>
     <span class='ocr_line' id='line_1_3' title="bbox 156 522 1258 621; baseline 0.001 -23"><span class='ocrx_word' id='word_1_10' title='bbox 156 530 291 621; x_wconf 89' lang='lat' dir='ltr'><strong>imperio</strong></span> <span class='ocrx_word' id='word_1_11' title='bbox 313 522 369 618; x_wconf 89' lang='lat' dir='ltr'><strong>qui</strong></span> <span class='ocrx_word' id='word_1_12' title='bbox 393 525 427 592; x_wconf 92' lang='lat' dir='ltr'><strong>in</strong></span> <span class='ocrx_word' id='word_1_13' title='bbox 447 523 574 590; x_wconf 87' lang='lat' dir='ltr'><strong>Vulscis</strong></span> <span class='ocrx_word' id='word_1_14' title='bbox 602 535 670 592; x_wconf 86' lang='lat' dir='ltr'><strong>erat</strong></span> <span class='ocrx_word' id='word_1_15' title='bbox 694 525 821 609; x_wconf 84' lang='lat' dir='ltr'><strong>mallet,</strong></span> <span class='ocrx_word' id='word_1_16' title='bbox 848 527 928 595; x_wconf 90' lang='lat' dir='ltr'>nihil</span> <span class='ocrx_word' id='word_1_17' title='bbox 951 530 1125 597; x_wconf 79' lang='lat' dir='ltr'><strong>recusavit:</strong></span> <span class='ocrx_word' id='word_1_18' title='bbox 1162 531 1258 601; x_wconf 89' lang='lat' dir='ltr'><strong>Vale·</strong></span> 
     </span>
     <span class='ocr_line' id='line_1_4' title="bbox 157 627 1258 722; baseline 0.001 -19"><span class='ocrx_word' id='word_1_19' title='bbox 157 638 241 704; x_wconf 88' lang='lat' dir='ltr'><strong>rium</strong></span> <span class='ocrx_word' id='word_1_20' title='bbox 266 642 389 702; x_wconf 84' lang='lat' dir='ltr'><strong>tantum</strong></span> <span class='ocrx_word' id='word_1_21' title='bbox 421 628 519 696; x_wconf 93' lang='lat' dir='ltr'><strong>modo</strong></span> <span class='ocrx_word' id='word_1_22' title='bbox 551 627 664 719; x_wconf 90' lang='lat' dir='ltr'><strong>imperi</strong></span> <span class='ocrx_word' id='word_1_23' title='bbox 692 629 816 698; x_wconf 86' lang='lat' dir='ltr'><strong>socium</strong></span> <span class='ocrx_word' id='word_1_24' title='bbox 847 632 1045 722; x_wconf 81' lang='lat' dir='ltr'><strong>depoposcit.</strong></span> <span class='ocrx_word' id='word_1_25' title='bbox 1089 633 1258 720; x_wconf 72' lang='lat' dir='ltr'><strong>Quinctius</strong></span> 
     </span>
     <span class='ocr_line' id='line_1_5' title="bbox 158 734 1257 828; baseline -0.001 -18"><span class='ocrx_word' id='word_1_26' title='bbox 158 741 372 828; x_wconf 75' lang='lat' dir='ltr'><strong>Horatiusque</strong></span> <span class='ocrx_word' id='word_1_27' title='bbox 398 741 602 802; x_wconf 72' lang='lat' dir='ltr'><strong>successores</strong></span> <span class='ocrx_word' id='word_1_28' title='bbox 624 734 749 803; x_wconf 86' lang='lat' dir='ltr'><strong>Valerio</strong></span> <span class='ocrx_word' id='word_1_29' title='bbox 777 735 810 802; x_wconf 91' lang='lat' dir='ltr'><strong>in</strong></span> <span class='ocrx_word' id='word_1_30' title='bbox 831 736 958 804; x_wconf 88' lang='lat' dir='ltr'><strong>Vulscis</strong></span> <span class='ocrx_word' id='word_1_31' title='bbox 984 738 1082 805; x_wconf 88' lang='lat' dir='ltr'><strong>missi.</strong></span> <span class='ocrx_word' id='word_1_32' title='bbox 1119 740 1257 828; x_wconf 81' lang='lat' dir='ltr'><strong>proiecti</strong></span> 
     </span>
     <span class='ocr_line' id='line_1_6' title="bbox 112 836 1257 933; baseline -0.003 -16"><span class='ocrx_word' id='word_1_33' title='bbox 112 848 200 917; x_wconf 75' lang='lat' dir='ltr'><strong>tab</strong></span> <span class='ocrx_word' id='word_1_34' title='bbox 221 845 299 913; x_wconf 90' lang='lat' dir='ltr'><strong>urbe</strong></span> <span class='ocrx_word' id='word_1_35' title='bbox 321 840 464 909; x_wconf 87' lang='lat' dir='ltr'><strong>Sutrium</strong></span> <span class='ocrx_word' id='word_1_36' title='bbox 485 838 598 905; x_wconf 85' lang='lat' dir='ltr'><strong>Furius</strong></span> <span class='ocrx_word' id='word_1_37' title='bbox 620 850 653 906; x_wconf 89' lang='lat' dir='ltr'><strong>et</strong></span> <span class='ocrx_word' id='word_1_38' title='bbox 675 836 821 908; x_wconf 89' lang='lat' dir='ltr'><strong>Valerius</strong></span> <span class='ocrx_word' id='word_1_39' title='bbox 842 852 968 931; x_wconf 85' lang='lat' dir='ltr'><strong>partem</strong></span> <span class='ocrx_word' id='word_1_40' title='bbox 990 843 1097 933; x_wconf 88' lang='lat' dir='ltr'><strong>oppidi</strong></span> <span class='ocrx_word' id='word_1_41' title='bbox 1118 844 1183 910; x_wconf 92' lang='lat' dir='ltr'><strong>iam</strong></span> <span class='ocrx_word' id='word_1_42' title='bbox 1206 870 1257 913; x_wconf 85' lang='lat' dir='ltr'><strong>ea·</strong></span> 
     </span>
     <span class='ocr_line' id='line_1_7' title="bbox 116 930 1258 1044; baseline -0.001 -25"><span class='ocrx_word' id='word_1_43' title='bbox 116 930 118 938; x_wconf 20' lang='lat'>⁸</span> <span class='ocrx_word' id='word_1_44' title='bbox 157 963 246 1044; x_wconf 87' lang='lat' dir='ltr'><strong>ptam</strong></span> <span class='ocrx_word' id='word_1_45' title='bbox 267 949 307 1015; x_wconf 91' lang='lat' dir='ltr'><strong>ab</strong></span> <span class='ocrx_word' id='word_1_46' title='bbox 329 943 471 1013; x_wconf 79' lang='lat' dir='ltr'><strong>Etruscis</strong></span> <span class='ocrx_word' id='word_1_47' title='bbox 491 940 655 1027; x_wconf 81' lang='lat' dir='ltr'><strong>invenere,</strong></span> <span class='ocrx_word' id='word_1_48' title='bbox 683 969 725 1012; x_wconf 80' lang='lat' dir='ltr'><strong>ex</strong></span> <span class='ocrx_word' id='word_1_49' title='bbox 745 956 836 1037; x_wconf 90' lang='lat' dir='ltr'><strong>parte</strong></span> <span class='ocrx_word' id='word_1_50' title='bbox 864 946 962 1014; x_wconf 86' lang='lat' dir='ltr'><strong>altera</strong></span> <span class='ocrx_word' id='word_1_51' title='bbox 989 949 1188 1041; x_wconf 74' lang='lat' dir='ltr'><strong>intersaeptis</strong></span> <span class='ocrx_word' id='word_1_52' title='bbox 1209 950 1258 1018; x_wconf 90' lang='lat' dir='ltr'><strong>itl-</strong></span> 
     </span>
     <span class='ocr_line' id='line_1_8' title="bbox 156 1047 1256 1139; baseline -0.001 -15"><span class='ocrx_word' id='word_1_53' title='bbox 156 1056 285 1124; x_wconf 89' lang='lat' dir='ltr'><strong>neribus</strong></span> <span class='ocrx_word' id='word_1_54' title='bbox 308 1074 402 1139; x_wconf 82' lang='lat' dir='ltr'><strong>aegre</strong></span> <span class='ocrx_word' id='word_1_55' title='bbox 425 1047 601 1139; x_wconf 85' lang='lat' dir='ltr'><strong>oppidanos</strong></span> <span class='ocrx_word' id='word_1_56' title='bbox 622 1047 688 1116; x_wconf 87' lang='lat' dir='ltr'><strong>vim</strong></span> <span class='ocrx_word' id='word_1_57' title='bbox 708 1049 850 1117; x_wconf 88' lang='lat' dir='ltr'><strong>hostium</strong></span> <span class='ocrx_word' id='word_1_58' title='bbox 871 1050 911 1116; x_wconf 91' lang='lat' dir='ltr'><strong>ab</strong></span> <span class='ocrx_word' id='word_1_59' title='bbox 934 1074 969 1119; x_wconf 94' lang='lat' dir='ltr'><strong>se</strong></span> <span class='ocrx_word' id='word_1_60' title='bbox 991 1064 1145 1121; x_wconf 82' lang='lat' dir='ltr'><strong>arcentes</strong></span> <span class='ocrx_word' id='word_1_61' title='bbox 1179 1079 1256 1123; x_wconf 90' lang='lat' dir='ltr'><strong>curn</strong></span> 
     </span>
     <span class='ocr_line' id='line_1_9' title="bbox 156 1145 1258 1249; baseline 0 -21"><span class='ocrx_word' id='word_1_62' title='bbox 156 1157 293 1228; x_wconf 86' lang='lat' dir='ltr'><strong>Romani</strong></span> <span class='ocrx_word' id='word_1_63' title='bbox 315 1145 421 1223; x_wconf 81' lang='lat' dir='ltr'><strong>auxilii</strong></span> <span class='ocrx_word' id='word_1_64' title='bbox 444 1154 597 1220; x_wconf 85' lang='lat' dir='ltr'><strong>adventus</strong></span> <span class='ocrx_word' id='word_1_65' title='bbox 625 1164 696 1221; x_wconf 88' lang='lat' dir='ltr'><strong>tum</strong></span> <span class='ocrx_word' id='word_1_66' title='bbox 718 1155 841 1249; x_wconf 81' lang='lat' dir='ltr'><strong>Camilli</strong></span> <span class='ocrx_word' id='word_1_67' title='bbox 868 1178 988 1224; x_wconf 90' lang='lat' dir='ltr'><strong>nomen</strong></span> <span class='ocrx_word' id='word_1_68' title='bbox 1013 1157 1258 1228; x_wconf 88' lang='lat' dir='ltr'><strong>celeberrimum</strong></span> 
     </span>
    </p>

    <p class='ocr_par' dir='ltr' id='par_1_3' title="bbox 27 1258 1297 1670">
     <span class='ocr_line' id='line_1_10' title="bbox 27 1258 1257 1355; baseline 0 -24"><span class='ocrx_word' id='word_1_69' title='bbox 27 1347 31 1355; x_wconf 25' lang='grc' dir='ltr'>ι</span> <span class='ocrx_word' id='word_1_70' title='bbox 158 1264 250 1355; x_wconf 68' lang='lat' dir='ltr'><strong>apud·</strong></span> <span class='ocrx_word' id='word_1_71' title='bbox 264 1260 366 1329; x_wconf 89' lang='lat' dir='ltr'><strong>hostis</strong></span> <span class='ocrx_word' id='word_1_72' title='bbox 387 1258 556 1349; x_wconf 91' lang='lat' dir='ltr'><strong>sociosque</strong></span> <span class='ocrx_word' id='word_1_73' title='bbox 585 1258 671 1326; x_wconf 90' lang='lat' dir='ltr'><strong>etin</strong></span> <span class='ocrx_word' id='word_1_74' title='bbox 698 1259 875 1350; x_wconf 88' lang='lat' dir='ltr'><strong>praesentia</strong></span> <span class='ocrx_word' id='word_1_75' title='bbox 902 1286 972 1329; x_wconf 89' lang='lat' dir='ltr'><strong>rem</strong></span> <span class='ocrx_word' id='word_1_76' title='bbox 999 1260 1179 1331; x_wconf 83' lang='lat' dir='ltr'><strong>inclinatam</strong></span> <span class='ocrx_word' id='word_1_77' title='bbox 1206 1289 1257 1331; x_wconf 92' lang='lat' dir='ltr'><strong>su·</strong></span> 
     </span>
     <span class='ocr_line' id='line_1_11' title="bbox 112 1363 1257 1457; baseline -0.002 -19"><span class='ocrx_word' id='word_1_78' title='bbox 112 1367 268 1453; x_wconf 69' lang='lat' dir='ltr'><strong>tostinuit</strong></span> <span class='ocrx_word' id='word_1_79' title='bbox 290 1377 323 1434; x_wconf 88' lang='lat' dir='ltr'><strong>et</strong></span> <span class='ocrx_word' id='word_1_80' title='bbox 343 1364 480 1455; x_wconf 88' lang='lat' dir='ltr'><strong>spatium</strong></span> <span class='ocrx_word' id='word_1_81' title='bbox 502 1363 542 1429; x_wconf 88' lang='lat' dir='ltr'><strong>ad</strong></span> <span class='ocrx_word' id='word_1_82' title='bbox 570 1388 665 1455; x_wconf 90' lang='lat' dir='ltr'><strong>opem</strong></span> <span class='ocrx_word' id='word_1_83' title='bbox 692 1364 856 1432; x_wconf 81' lang='lat' dir='ltr'><strong>ferendam</strong></span> <span class='ocrx_word' id='word_1_84' title='bbox 884 1367 981 1433; x_wconf 87' lang='lat' dir='ltr'><strong>dedit.</strong></span> <span class='ocrx_word' id='word_1_85' title='bbox 1017 1366 1135 1457; x_wconf 86' lang='lat' dir='ltr'><strong>itaque·</strong></span> <span class='ocrx_word' id='word_1_86' title='bbox 1153 1368 1257 1436; x_wconf 90' lang='lat' dir='ltr'><strong>diviso</strong></span> 
     </span>
     <span class='ocr_line' id='line_1_12' title="bbox 158 1468 1297 1560; baseline 0.003 -18"><span class='ocrx_word' id='word_1_87' title='bbox 158 1471 300 1542; x_wconf 81' lang='lat' dir='ltr'><strong>exercitu</strong></span> <span class='ocrx_word' id='word_1_88' title='bbox 322 1468 474 1537; x_wconf 87' lang='lat' dir='ltr'><strong>Camillus</strong></span> <span class='ocrx_word' id='word_1_89' title='bbox 497 1468 682 1558; x_wconf 81' lang='lat' dir='ltr'><strong>collegam</strong></span> <span class='ocrx_word' id='word_1_90' title='bbox 674 1493 707 1536; x_wconf 84' lang='grc' dir='ltr'><strong>ιη</strong></span> <span class='ocrx_word' id='word_1_91' title='bbox 728 1486 800 1536; x_wconf 88' lang='lat' dir='ltr'><strong>eam</strong></span> <span class='ocrx_word' id='word_1_92' title='bbox 821 1482 946 1560; x_wconf 85' lang='lat' dir='ltr'><strong>partem</strong></span> <span class='ocrx_word' id='word_1_93' title='bbox 960 1469 1183 1538; x_wconf 87' lang='lat' dir='ltr'><strong>circumductis</strong></span> <span class='ocrx_word' id='word_1_94' title='bbox 1204 1497 1257 1541; x_wconf 79' lang='lat' dir='ltr'><strong>co</strong></span> <span class='ocrx_word' id='word_1_95' title='bbox 1292 1537 1297 1545; x_wconf 90' lang='lat'><strong>.</strong></span> 
     </span>
     <span class='ocr_line' id='line_1_13' title="bbox 157 1573 1256 1715; baseline 0.005 -73"><span class='ocrx_word' id='word_1_96' title='bbox 157 1579 226 1670; x_wconf 78' lang='lat' dir='ltr'><strong>piis,</strong></span> <span class='ocrx_word' id='word_1_97' title='bbox 248 1600 346 1715; x_wconf 80' lang='lat' dir='ltr'><strong>quam</strong></span> <span class='ocrx_word' id='word_1_98' title='bbox 366 1573 477 1642; x_wconf 89' lang='lat' dir='ltr'><strong>hostes</strong></span> <span class='ocrx_word' id='word_1_99' title='bbox 498 1573 658 1658; x_wconf 86' lang='lat' dir='ltr'><strong>tenebant,</strong></span> <span class='ocrx_word' id='word_1_100' title='bbox 680 1573 806 1643; x_wconf 90' lang='lat' dir='ltr'><strong>moenia</strong></span> <span class='ocrx_word' id='word_1_101' title='bbox 830 1575 958 1666; x_wconf 78' lang='lat' dir='ltr'><strong>adgredi</strong></span> <span class='ocrx_word' id='word_1_102' title='bbox 972 1574 1069 1658; x_wconf 77' lang='lat' dir='ltr'><strong>iubet,</strong></span> <span class='ocrx_word' id='word_1_103' title='bbox 1089 1600 1155 1644; x_wconf 91' lang='lat' dir='ltr'><strong>non</strong></span> <span class='ocrx_word' id='word_1_104' title='bbox 1168 1589 1256 1710; x_wconf 85' lang='lat' dir='ltr'><strong>tauta</strong></span> 
     </span>
    </p>
   </div>
   <div class='ocr_carea' id='block_1_3' title="bbox 57 1748 673 3383">
    <p class='ocr_par' dir='ltr' id='par_1_4' title="bbox 227 1748 673 1905">
     <span class='ocr_line' id='line_1_14' title="bbox 228 1748 673 1832; baseline -0.009 -22"><span class='ocrx_word' id='word_1_105' title='bbox 228 1773 388 1832; x_wconf 81' lang='lat' dir='ltr'><strong>quamquam</strong></span> <span class='ocrx_word' id='word_1_106' title='bbox 400 1748 446 1807; x_wconf 88' lang='lat' dir='ltr'><strong>ille</strong></span> <span class='ocrx_word' id='word_1_107' title='bbox 459 1750 506 1827; x_wconf 82' lang='lat' dir='ltr'><strong>qui</strong></span> <span class='ocrx_word' id='word_1_108' title='bbox 519 1750 573 1806; x_wconf 87' lang='lat' dir='ltr'><strong>iam</strong></span> <span class='ocrx_word' id='word_1_109' title='bbox 584 1751 673 1806; x_wconf 84' lang='lat' dir='ltr'><strong>sexies</strong></span> 
     </span>
     <span class='ocr_line' id='line_1_15' title="bbox 227 1837 673 1905; baseline -0.007 -7"><span class='ocrx_word' id='word_1_110' title='bbox 227 1841 352 1898; x_wconf 87' lang='lat' dir='ltr'><strong>tribunus</strong></span> <span class='ocrx_word' id='word_1_111' title='bbox 369 1837 425 1897; x_wconf 88' lang='lat' dir='ltr'><strong>mil.</strong></span> <span class='ocrx_word' id='word_1_112' title='bbox 444 1837 538 1905; x_wconf 81' lang='lat' dir='ltr'><strong>suerat,</strong></span> <span class='ocrx_word' id='word_1_113' title='bbox 559 1846 673 1895; x_wconf 83' lang='lat' dir='ltr'><strong>aetatem</strong></span> 
     </span>
    </p>

    <p class='ocr_par' dir='ltr' id='par_1_5' title="bbox 156 1920 673 2005">
     <span class='ocr_line' id='line_1_16' title="bbox 156 1920 673 2005; baseline -0.008 -19"><span class='ocrx_word' id='word_1_114' title='bbox 156 1920 157 1924; x_wconf 11' lang='grc' dir='ltr'><strong>Ἰ</strong></span> <span class='ocrx_word' id='word_1_115' title='bbox 173 1933 178 1942; x_wconf 85' lang='grc'>’</span> <span class='ocrx_word' id='word_1_116' title='bbox 229 1929 399 1985; x_wconf 84' lang='lat' dir='ltr'><strong>excusavisse</strong></span> <span class='ocrx_word' id='word_1_117' title='bbox 410 1935 524 2005; x_wconf 85' lang='lat' dir='ltr'><strong>poterat.</strong></span> <span class='ocrx_word' id='word_1_118' title='bbox 542 1924 587 1983; x_wconf 91' lang='lat' dir='ltr'><strong>ille</strong></span> <span class='ocrx_word' id='word_1_119' title='bbox 601 1927 673 1982; x_wconf 83' lang='lat' dir='ltr'><strong>eninr</strong></span> 
     </span>
    </p>

    <p class='ocr_par' dir='ltr' id='par_1_6' title="bbox 228 2013 673 2092">
     <span class='ocr_line' id='line_1_17' title="bbox 228 2013 673 2092; baseline -0.013 -19"><span class='ocrx_word' id='word_1_120' title='bbox 228 2018 263 2092; x_wconf 84' lang='lat' dir='ltr'><strong>Q.</strong></span> <span class='ocrx_word' id='word_1_121' title='bbox 274 2013 413 2082; x_wconf 86' lang='lat' dir='ltr'><strong>Servilius,</strong></span> <span class='ocrx_word' id='word_1_122' title='bbox 423 2014 499 2069; x_wconf 89' lang='lat' dir='ltr'><strong>cuius</strong></span> <span class='ocrx_word' id='word_1_123' title='bbox 508 2015 535 2080; x_wconf 87' lang='grc'><strong>6,</strong></span> <span class='ocrx_word' id='word_1_124' title='bbox 544 2014 588 2071; x_wconf 71' lang='lat'><strong>2⁸2.</strong></span> <span class='ocrx_word' id='word_1_125' title='bbox 599 2032 673 2068; x_wconf 86' lang='lat' dir='ltr'><strong>men·¹</strong></span> 
     </span>
    </p>

    <p class='ocr_par' dir='ltr' id='par_1_7' title="bbox 176 2100 673 2349">
     <span class='ocr_line' id='line_1_18' title="bbox 176 2100 673 2171; baseline -0.016 -8"><span class='ocrx_word' id='word_1_126' title='bbox 176 2130 185 2143; x_wconf 62' lang='lat'><em>³</em></span> <span class='ocrx_word' id='word_1_127' title='bbox 227 2107 266 2162; x_wconf 87' lang='lat' dir='ltr'><strong>tio</strong></span> <span class='ocrx_word' id='word_1_128' title='bbox 291 2104 338 2171; x_wconf 88' lang='lat' dir='ltr'><strong>fit,</strong></span> <span class='ocrx_word' id='word_1_129' title='bbox 363 2122 419 2159; x_wconf 88' lang='lat' dir='ltr'><strong>nou</strong></span> <span class='ocrx_word' id='word_1_130' title='bbox 443 2100 515 2164; x_wconf 87' lang='lat' dir='ltr'><strong>idem</strong></span> <span class='ocrx_word' id='word_1_131' title='bbox 537 2120 599 2161; x_wconf 83' lang='lat' dir='ltr'><strong>eum</strong></span> <span class='ocrx_word' id='word_1_132' title='bbox 620 2100 673 2157; x_wconf 87' lang='lat' dir='ltr'><strong>boc</strong></span> 
     </span>
     <span class='ocr_line' id='line_1_19' title="bbox 227 2187 673 2248; baseline -0.004 -1"><span class='ocrx_word' id='word_1_133' title='bbox 227 2191 344 2248; x_wconf 81' lang='lat' dir='ltr'><strong>Servilio</strong></span> <span class='ocrx_word' id='word_1_134' title='bbox 368 2199 419 2248; x_wconf 89' lang='lat' dir='ltr'><strong>est.</strong></span> <span class='ocrx_word' id='word_1_135' title='bbox 443 2219 479 2233; x_wconf 92' lang='lat'><em>-</em></span> <span class='ocrx_word' id='word_1_136' title='bbox 504 2188 537 2244; x_wconf 88' lang='lat' dir='ltr'><strong>ln</strong></span> <span class='ocrx_word' id='word_1_137' title='bbox 559 2187 637 2245; x_wconf 82' lang='lat' dir='ltr'><strong>Lcid.</strong></span> <span class='ocrx_word' id='word_1_138' title='bbox 655 2206 673 2245; x_wconf 89' lang='lat' dir='ltr'><strong>r.</strong></span> 
     </span>
     <span class='ocr_line' id='line_1_20' title="bbox 228 2275 662 2349; baseline -0.005 -13"><span class='ocrx_word' id='word_1_139' title='bbox 228 2278 386 2336; x_wconf 83' lang='lat' dir='ltr'><strong>exciderunt</strong></span> <span class='ocrx_word' id='word_1_140' title='bbox 403 2277 509 2349; x_wconf 80' lang='lat' dir='ltr'><strong>quibus</strong></span> <span class='ocrx_word' id='word_1_141' title='bbox 523 2275 662 2349; x_wconf 79' lang='lat' dir='ltr'><strong>quintius.</strong></span> 
     </span>
    </p>

    <p class='ocr_par' dir='ltr' id='par_1_8' title="bbox 175 2370 673 2526">
     <span class='ocr_line' id='line_1_21' title="bbox 175 2370 673 2444; baseline -0.018 -18"><span class='ocrx_word' id='word_1_142' title='bbox 175 2370 202 2429; x_wconf 85' lang='lat' dir='ltr'><strong>l.</strong></span> <span class='ocrx_word' id='word_1_143' title='bbox 228 2382 411 2444; x_wconf 76' lang='lat' dir='ltr'><strong>quamquam</strong></span> <span class='ocrx_word' id='word_1_144' title='bbox 423 2371 577 2436; x_wconf 77' lang='lat' dir='ltr'><strong>expertum</strong></span> <span class='ocrx_word' id='word_1_145' title='bbox 589 2382 673 2418; x_wconf 76' lang='lat' dir='ltr'><strong>exer·</strong></span> 
     </span>
     <span class='ocr_line' id='line_1_22' title="bbox 228 2451 673 2526; baseline -0.011 -16"><span class='ocrx_word' id='word_1_146' title='bbox 228 2456 316 2510; x_wconf 67' lang='lat' dir='ltr'><strong>edum</strong></span> <span class='ocrx_word' id='word_1_147' title='bbox 328 2451 544 2525; x_wconf 78' lang='lat' dir='ltr'><strong>adsuetumque</strong></span> <span class='ocrx_word' id='word_1_148' title='bbox 553 2451 673 2526; x_wconf 79' lang='lat' dir='ltr'><strong>imperio</strong></span> 
     </span>
    </p>

    <p class='ocr_par' dir='ltr' id='par_1_9' title="bbox 200 2536 672 2618">
     <span class='ocr_line' id='line_1_23' title="bbox 200 2536 672 2618; baseline -0.008 -22"><span class='ocrx_word' id='word_1_149' title='bbox 200 2606 204 2613; x_wconf 43' lang='grc'>,</span> <span class='ocrx_word' id='word_1_150' title='bbox 229 2541 324 2618; x_wconf 85' lang='lat' dir='ltr'><strong>quiin</strong></span> <span class='ocrx_word' id='word_1_151' title='bbox 337 2536 474 2606; x_wconf 80' lang='lat' dir='ltr'><strong>(tlm.1.:</strong></span> <span class='ocrx_word' id='word_1_152' title='bbox 493 2538 567 2612; x_wconf 88' lang='lat' dir='ltr'><strong>quin.</strong></span> <span class='ocrx_word' id='word_1_153' title='bbox 584 2555 619 2594; x_wconf 91' lang='lat' dir='ltr'><strong>m.</strong></span> <span class='ocrx_word' id='word_1_154' title='bbox 633 2538 672 2595; x_wconf 63' lang='lat'><strong>2:</strong></span> 
     </span>
    </p>

    <p class='ocr_par' dir='ltr' id='par_1_10' title="bbox 57 2616 673 2947">
     <span class='ocr_line' id='line_1_24' title="bbox 57 2616 673 2703; baseline -0.005 -20"><span class='ocrx_word' id='word_1_155' title='bbox 57 2684 61 2698; x_wconf 66' lang='grc'>,</span> <span class='ocrx_word' id='word_1_156' title='bbox 115 2640 117 2644; x_wconf 88' lang='grc'><strong>’</strong></span> <span class='ocrx_word' id='word_1_157' title='bbox 199 2616 248 2703; x_wconf 57' lang='grc' dir='ltr'><strong>ἰς</strong></span> <span class='ocrx_word' id='word_1_158' title='bbox 265 2629 308 2695; x_wconf 89' lang='lat' dir='ltr'><strong>in)</strong></span> <span class='ocrx_word' id='word_1_159' title='bbox 333 2625 444 2680; x_wconf 82' lang='lat' dir='ltr'><strong>uulscis</strong></span> <span class='ocrx_word' id='word_1_160' title='bbox 470 2632 535 2680; x_wconf 81' lang='lat' dir='ltr'><strong>erut</strong></span> <span class='ocrx_word' id='word_1_161' title='bbox 555 2626 673 2681; x_wconf 72' lang='lat' dir='ltr'><strong>mullet:</strong></span> 
     </span>
     <span class='ocr_line' id='line_1_25' title="bbox 227 2708 672 2786; baseline -0.011 -15"><span class='ocrx_word' id='word_1_162' title='bbox 227 2713 288 2771; x_wconf 80' lang='lat' dir='ltr'><strong>Ptl:</strong></span> <span class='ocrx_word' id='word_1_163' title='bbox 313 2708 459 2785; x_wconf 82' lang='lat' dir='ltr'><strong>„obglaich</strong></span> <span class='ocrx_word' id='word_1_164' title='bbox 485 2731 515 2766; x_wconf 89' lang='lat' dir='ltr'><strong>er</strong></span> <span class='ocrx_word' id='word_1_165' title='bbox 532 2710 606 2767; x_wconf 87' lang='lat' dir='ltr'><strong>wohl</strong></span> <span class='ocrx_word' id='word_1_166' title='bbox 628 2729 672 2786; x_wconf 79' lang='lat' dir='ltr'><strong>ge·</strong></span> 
     </span>
     <span class='ocr_line' id='line_1_26' title="bbox 213 2795 672 2859; baseline -0.011 0"><span class='ocrx_word' id='word_1_167' title='bbox 213 2795 355 2859; x_wconf 71' lang='lat' dir='ltr'><strong>‘vrinscht</strong></span> <span class='ocrx_word' id='word_1_168' title='bbox 372 2797 477 2857; x_wconf 56' lang='lat' dir='ltr'><strong>hatrat</strong></span> <span class='ocrx_word' id='word_1_169' title='bbox 490 2799 559 2855; x_wconf 87' lang='lat' dir='ltr'><strong>-P</strong></span> <span class='ocrx_word' id='word_1_170' title='bbox 577 2818 612 2859; x_wconf 88' lang='lat' dir='ltr'><strong>m.</strong></span> <span class='ocrx_word' id='word_1_171' title='bbox 632 2802 672 2857; x_wconf 83' lang='lat'><strong>1.:</strong></span> 
     </span>
     <span class='ocr_line' id='line_1_27' title="bbox 226 2887 475 2947; baseline -0.02 -1"><span class='ocrx_word' id='word_1_172' title='bbox 226 2888 295 2947; x_wconf 85' lang='lat' dir='ltr'><strong>nihil</strong></span> <span class='ocrx_word' id='word_1_173' title='bbox 315 2887 475 2947; x_wconf 79' lang='lat' dir='ltr'><strong>recussanit.</strong></span> 
     </span>
    </p>

    <p class='ocr_par' dir='ltr' id='par_1_11' title="bbox 173 2974 672 3225">
     <span class='ocr_line' id='line_1_28' title="bbox 173 2974 670 3052; baseline -0.008 -16"><span class='ocrx_word' id='word_1_174' title='bbox 173 2981 201 3039; x_wconf 83' lang='grc'><strong>3.</strong></span> <span class='ocrx_word' id='word_1_175' title='bbox 225 2979 343 3052; x_wconf 83' lang='lat' dir='ltr'><strong>imperi:</strong></span> <span class='ocrx_word' id='word_1_176' title='bbox 361 2975 434 3034; x_wconf 89' lang='lat' dir='ltr'><strong>llru.</strong></span> <span class='ocrx_word' id='word_1_177' title='bbox 449 2977 473 3030; x_wconf 91' lang='lat'><strong>1.</strong></span> <span class='ocrx_word' id='word_1_178' title='bbox 490 3006 525 3017; x_wconf 91' lang='lat'><em>-</em></span> <span class='ocrx_word' id='word_1_179' title='bbox 544 2974 566 3032; x_wconf 91' lang='grc' dir='ltr'><strong>Ρ</strong></span> <span class='ocrx_word' id='word_1_180' title='bbox 583 2978 670 3035; x_wconf 86' lang='lat' dir='ltr'><strong>m.1.:</strong></span> 
     </span>
     <span class='ocr_line' id='line_1_29' title="bbox 227 3060 672 3138; baseline 0 -19"><span class='ocrx_word' id='word_1_181' title='bbox 227 3060 413 3119; x_wconf 82' lang='lat' dir='ltr'><strong>tantummodo</strong></span> <span class='ocrx_word' id='word_1_182' title='bbox 444 3063 592 3138; x_wconf 87' lang='lat' dir='ltr'><strong>inproperii</strong></span> <span class='ocrx_word' id='word_1_183' title='bbox 627 3083 672 3119; x_wconf 88' lang='lat' dir='ltr'><strong>so·</strong></span> 
     </span>
     <span class='ocr_line' id='line_1_30' title="bbox 227 3148 544 3225; baseline -0.009 -20"><span class='ocrx_word' id='word_1_184' title='bbox 227 3151 307 3206; x_wconf 86' lang='lat' dir='ltr'><strong>cium.</strong></span> <span class='ocrx_word' id='word_1_185' title='bbox 324 3168 360 3205; x_wconf 91' lang='lat' dir='ltr'><strong>m.</strong></span> <span class='ocrx_word' id='word_1_186' title='bbox 380 3149 419 3205; x_wconf 65' lang='lat'><strong>2:</strong></span> <span class='ocrx_word' id='word_1_187' title='bbox 438 3148 544 3225; x_wconf 89' lang='lat' dir='ltr'><strong>inperii.</strong></span> 
     </span>
    </p>

    <p class='ocr_par' dir='ltr' id='par_1_12' title="bbox 173 3234 671 3383">
     <span class='ocr_line' id='line_1_31' title="bbox 173 3234 671 3312; baseline -0.004 -17"><span class='ocrx_word' id='word_1_188' title='bbox 173 3270 208 3282; x_wconf 91' lang='lat'><em>-</em></span> <span class='ocrx_word' id='word_1_189' title='bbox 229 3235 368 3312; x_wconf 79' lang='lat' dir='ltr'><strong>Quintius</strong></span> <span class='ocrx_word' id='word_1_190' title='bbox 386 3234 590 3311; x_wconf 81' lang='lat' dir='ltr'><strong>Horatiusque</strong></span> <span class='ocrx_word' id='word_1_191' title='bbox 607 3257 671 3293; x_wconf 81' lang='lat' dir='ltr'><strong>suc·</strong></span> 
     </span>
     <span class='ocr_line' id='line_1_32' title="bbox 225 3321 671 3383; baseline -0.007 0"><span class='ocrx_word' id='word_1_192' title='bbox 225 3344 360 3383; x_wconf 82' lang='lat' dir='ltr'><strong>cessores</strong></span> <span class='ocrx_word' id='word_1_193' title='bbox 370 3321 405 3381; x_wconf 87' lang='lat' dir='ltr'><em>V</em></span> <span class='ocrx_word' id='word_1_194' title='bbox 400 3323 494 3379; x_wconf 79' lang='lat' dir='ltr'><strong>alerio</strong></span> <span class='ocrx_word' id='word_1_195' title='bbox 506 3324 536 3378; x_wconf 86' lang='lat' dir='ltr'><strong>in</strong></span> <span class='ocrx_word' id='word_1_196' title='bbox 549 3323 585 3381; x_wconf 85' lang='lat' dir='ltr'><em>V</em></span> <span class='ocrx_word' id='word_1_197' title='bbox 580 3324 671 3382; x_wconf 81' lang='lat' dir='ltr'><strong>ulscis</strong></span> 
     </span>
    </p>
   </div>
   <div class='ocr_carea' id='block_1_4' title="bbox 760 1749 1257 1986">
    <p class='ocr_par' dir='ltr' id='par_1_13' title="bbox 779 1749 1257 1986">
     <span class='ocr_line' id='line_1_33' title="bbox 813 1749 1257 1821; baseline 0.009 -14"><span class='ocrx_word' id='word_1_198' title='bbox 813 1750 894 1808; x_wconf 88' lang='lat' dir='ltr'><strong>urbes</strong></span> <span class='ocrx_word' id='word_1_199' title='bbox 911 1751 1018 1821; x_wconf 77' lang='lat' dir='ltr'><strong>utrium.</strong></span> <span class='ocrx_word' id='word_1_200' title='bbox 1031 1749 1116 1811; x_wconf 42' lang='lat' dir='ltr'><strong>QRecc</strong></span> <span class='ocrx_word' id='word_1_201' title='bbox 1128 1751 1209 1813; x_wconf 84' lang='lat' dir='ltr'><strong>codd.</strong></span> <span class='ocrx_word' id='word_1_202' title='bbox 1221 1754 1257 1811; x_wconf 85' lang='lat' dir='ltr'><strong>sd</strong></span> 
     </span>
     <span class='ocr_line' id='line_1_34' title="bbox 814 1837 1054 1897; baseline -0.009 -1"><span class='ocrx_word' id='word_1_203' title='bbox 814 1838 906 1896; x_wconf 85' lang='lat' dir='ltr'><strong>urbem</strong></span> <span class='ocrx_word' id='word_1_204' title='bbox 924 1837 1054 1897; x_wconf 81' lang='lat' dir='ltr'><strong>Sutrium.</strong></span> 
     </span>
     <span class='ocr_line' id='line_1_35' title="bbox 760 1926 1257 1986; baseline 0.015 -6.278"><span class='ocrx_word' id='word_1_205' title='bbox 760 1927 787 1985; x_wconf 82' lang='lat'><strong>7.</strong></span> <span class='ocrx_word' id='word_1_206' title='bbox 814 1945 880 1981; x_wconf 82' lang='lat' dir='ltr'><strong>eum</strong></span> <span class='ocrx_word' id='word_1_207' title='bbox 889 1926 1020 1983; x_wconf 81' lang='lat' dir='ltr'><strong>Romam</strong></span> <span class='ocrx_word' id='word_1_208' title='bbox 1030 1927 1257 1986; x_wconf 74' lang='lat' dir='ltr'><strong>auxrluodmrs-</strong></span> 
     </span>
    </p>
   </div>
   <div class='ocr_carea' id='block_1_5' title="bbox 741 2010 1257 2080">
    <p class='ocr_par' dir='ltr' id='par_1_14' title="bbox 741 2010 1257 2080">
     <span class='ocr_line' id='line_1_36' title="bbox 741 2010 1257 2080; baseline 0.012 -13"><span class='ocrx_word' id='word_1_209' title='bbox 741 2072 752 2080; x_wconf 22' lang='lat' dir='ltr'><strong>p</strong></span> <span class='ocrx_word' id='word_1_210' title='bbox 812 2010 976 2072; x_wconf 76' lang='lat' dir='ltr'><strong>tusellm.</strong></span> <span class='ocrx_word' id='word_1_211' title='bbox 996 2012 1257 2077; x_wconf 79' lang='lat' dir='ltr'><strong>1.t&gt;.-t1m.3.=</strong></span> 
     </span>
    </p>
   </div>
   <div class='ocr_carea' id='block_1_6' title="bbox 743 2099 1293 3230">
    <p class='ocr_par' dir='ltr' id='par_1_15' title="bbox 813 2099 1259 2511">
     <span class='ocr_line' id='line_1_37' title="bbox 813 2099 1259 2160; baseline 0.018 -7"><span class='ocrx_word' id='word_1_212' title='bbox 813 2108 871 2154; x_wconf 83' lang='lat' dir='ltr'><strong>tum</strong></span> <span class='ocrx_word' id='word_1_213' title='bbox 880 2099 995 2157; x_wconf 84' lang='lat' dir='ltr'><strong>Romani</strong></span> <span class='ocrx_word' id='word_1_214' title='bbox 1009 2110 1060 2160; x_wconf 86' lang='lat' dir='ltr'><strong>eet.</strong></span> <span class='ocrx_word' id='word_1_215' title='bbox 1069 2131 1104 2145; x_wconf 97' lang='lat'><em>-</em></span> <span class='ocrx_word' id='word_1_216' title='bbox 1116 2101 1178 2159; x_wconf 74' lang='grc' dir='ltr'><strong>ΡΜι</strong></span> <span class='ocrx_word' id='word_1_217' title='bbox 1195 2113 1259 2160; x_wconf 78' lang='lat' dir='ltr'><strong>tum</strong></span> 
     </span>
     <span class='ocr_line' id='line_1_38' title="bbox 815 2186 1258 2249; baseline 0.02 -8"><span class='ocrx_word' id='word_1_218' title='bbox 815 2186 934 2243; x_wconf 83' lang='lat' dir='ltr'><strong>Camilli</strong></span> <span class='ocrx_word' id='word_1_219' title='bbox 967 2198 1073 2244; x_wconf 76' lang='lat' dir='ltr'><strong>nomm</strong></span> <span class='ocrx_word' id='word_1_220' title='bbox 1104 2191 1258 2249; x_wconf 82' lang='lat' dir='ltr'><strong>celeberri-</strong></span> 
     </span>
     <span class='ocr_line' id='line_1_39' title="bbox 813 2273 1258 2356; baseline 0.018 -27"><span class='ocrx_word' id='word_1_221' title='bbox 813 2293 901 2333; x_wconf 91' lang='lat' dir='ltr'><strong>mum.</strong></span> <span class='ocrx_word' id='word_1_222' title='bbox 920 2274 950 2330; x_wconf 93' lang='lat' dir='ltr'><strong>ln</strong></span> <span class='ocrx_word' id='word_1_223' title='bbox 963 2273 1040 2334; x_wconf 80' lang='lat' dir='ltr'><strong>Laid.</strong></span> <span class='ocrx_word' id='word_1_224' title='bbox 1052 2295 1069 2335; x_wconf 87' lang='lat' dir='ltr'><strong>r.</strong></span> <span class='ocrx_word' id='word_1_225' title='bbox 1082 2286 1108 2333; x_wconf 87' lang='lat' dir='ltr'><strong>et</strong></span> <span class='ocrx_word' id='word_1_226' title='bbox 1119 2298 1190 2338; x_wconf 83' lang='lat' dir='ltr'><strong>rece.</strong></span> <span class='ocrx_word' id='word_1_227' title='bbox 1199 2282 1258 2356; x_wconf 86' lang='lat' dir='ltr'><strong>qui-</strong></span> 
     </span>
     <span class='ocr_line' id='line_1_40' title="bbox 813 2360 1259 2425; baseline 0.018 -8"><span class='ocrx_word' id='word_1_228' title='bbox 813 2360 927 2418; x_wconf 87' lang='lat' dir='ltr'><strong>busdam</strong></span> <span class='ocrx_word' id='word_1_229' title='bbox 954 2362 1033 2423; x_wconf 87' lang='lat' dir='ltr'><strong>codd.</strong></span> <span class='ocrx_word' id='word_1_230' title='bbox 1056 2364 1159 2423; x_wconf 82' lang='lat' dir='ltr'><strong>excidit</strong></span> <span class='ocrx_word' id='word_1_231' title='bbox 1184 2368 1259 2425; x_wconf 82' lang='lat' dir='ltr'><strong>cele·</strong></span> 
     </span>
     <span class='ocr_line' id='line_1_41' title="bbox 814 2449 983 2511; baseline -0.006 -4"><span class='ocrx_word' id='word_1_232' title='bbox 814 2449 983 2511; x_wconf 73' lang='lat' dir='ltr'><strong>deerimum.</strong></span> 
     </span>
    </p>

    <p class='ocr_par' dir='ltr' id='par_1_16' title="bbox 760 2535 1257 2700">
     <span class='ocr_line' id='line_1_42' title="bbox 760 2535 1257 2613; baseline 0.008 -20"><span class='ocrx_word' id='word_1_233' title='bbox 760 2538 787 2593; x_wconf 86' lang='grc'><strong>9.</strong></span> <span class='ocrx_word' id='word_1_234' title='bbox 813 2538 898 2612; x_wconf 81' lang='lat' dir='ltr'><strong>apud</strong></span> <span class='ocrx_word' id='word_1_235' title='bbox 918 2535 1085 2595; x_wconf 74' lang='lat' dir='ltr'><strong>hostisttlll</strong></span> <span class='ocrx_word' id='word_1_236' title='bbox 1108 2558 1143 2598; x_wconf 91' lang='lat' dir='ltr'><strong>rn.</strong></span> <span class='ocrx_word' id='word_1_237' title='bbox 1170 2541 1196 2599; x_wconf 77' lang='lat' dir='ltr'><strong>l.</strong></span> <span class='ocrx_word' id='word_1_238' title='bbox 1219 2539 1257 2613; x_wconf 86' lang='lat' dir='ltr'><strong>P]</strong></span> 
     </span>
     <span class='ocr_line' id='line_1_43' title="bbox 812 2623 1178 2700; baseline 0.011 -21"><span class='ocrx_word' id='word_1_239' title='bbox 812 2623 884 2700; x_wconf 89' lang='lat' dir='ltr'><strong>apud</strong></span> <span class='ocrx_word' id='word_1_240' title='bbox 902 2624 994 2681; x_wconf 88' lang='lat' dir='ltr'><strong>hostes</strong></span> <span class='ocrx_word' id='word_1_241' title='bbox 1014 2624 1056 2694; x_wconf 84' lang='lat' dir='ltr'><strong>(ll</strong></span> <span class='ocrx_word' id='word_1_242' title='bbox 1074 2646 1109 2685; x_wconf 87' lang='lat' dir='ltr'><strong>m.</strong></span> <span class='ocrx_word' id='word_1_243' title='bbox 1127 2629 1178 2695; x_wconf 67' lang='lat'><strong>2).</strong></span> 
     </span>
    </p>

    <p class='ocr_par' dir='ltr' id='par_1_17' title="bbox 759 2711 1256 2786">
     <span class='ocr_line' id='line_1_44' title="bbox 759 2711 1256 2786; baseline 0.012 -20"><span class='ocrx_word' id='word_1_244' title='bbox 759 2738 795 2755; x_wconf 91' lang='lat'><strong>-·</strong></span> <span class='ocrx_word' id='word_1_245' title='bbox 813 2719 843 2767; x_wconf 79' lang='lat' dir='ltr'><strong>et</strong></span> <span class='ocrx_word' id='word_1_246' title='bbox 869 2712 900 2767; x_wconf 85' lang='lat' dir='ltr'><strong>in</strong></span> <span class='ocrx_word' id='word_1_247' title='bbox 918 2714 1105 2786; x_wconf 81' lang='lat' dir='ltr'><strong>praeseutia:</strong></span> <span class='ocrx_word' id='word_1_248' title='bbox 1133 2711 1192 2772; x_wconf 90' lang='grc' dir='ltr'><strong>ΡΜ.</strong></span> <span class='ocrx_word' id='word_1_249' title='bbox 1221 2747 1256 2758; x_wconf 93' lang='grc'>-</span> 
     </span>
    </p>

    <p class='ocr_par' dir='ltr' id='par_1_18' title="bbox 752 2796 1287 2968">
     <span class='ocr_line' id='line_1_45' title="bbox 752 2796 1287 2863; baseline 0.013 -11"><span class='ocrx_word' id='word_1_250' title='bbox 752 2842 756 2851; x_wconf 89' lang='grc'><em>,</em></span> <span class='ocrx_word' id='word_1_251' title='bbox 783 2821 786 2827; x_wconf 96' lang='grc'><strong><em>·</em></strong></span> <span class='ocrx_word' id='word_1_252' title='bbox 812 2796 893 2858; x_wconf 84' lang='lat' dir='ltr'><strong>Reae.</strong></span> <span class='ocrx_word' id='word_1_253' title='bbox 918 2799 998 2857; x_wconf 91' lang='lat' dir='ltr'><strong>codd.</strong></span> <span class='ocrx_word' id='word_1_254' title='bbox 1017 2802 1143 2857; x_wconf 84' lang='lat' dir='ltr'><strong>omittunt</strong></span> <span class='ocrx_word' id='word_1_255' title='bbox 1160 2800 1201 2863; x_wconf 55' lang='grc' dir='ltr'><strong>ά.</strong></span> <span class='ocrx_word' id='word_1_256' title='bbox 1220 2835 1255 2845; x_wconf 90' lang='lat'><strong>·-</strong></span> <span class='ocrx_word' id='word_1_257' title='bbox 1283 2852 1287 2859; x_wconf 96' lang='lat'><strong>.</strong></span> 
     </span>
     <span class='ocr_line' id='line_1_46' title="bbox 810 2882 1270 2968; baseline 0.011 -25"><span class='ocrx_word' id='word_1_258' title='bbox 810 2883 838 2943; x_wconf 91' lang='grc' dir='ltr'><strong>Μ</strong></span> <span class='ocrx_word' id='word_1_259' title='bbox 855 2889 942 2945; x_wconf 82' lang='lat' dir='ltr'><strong>m.1.:</strong></span> <span class='ocrx_word' id='word_1_260' title='bbox 960 2886 995 2942; x_wconf 89' lang='lat' dir='ltr'><strong>ad</strong></span> <span class='ocrx_word' id='word_1_261' title='bbox 1007 2908 1089 2964; x_wconf 87' lang='lat' dir='ltr'><strong>oporn</strong></span> <span class='ocrx_word' id='word_1_262' title='bbox 1108 2882 1270 2968; x_wconf 50' lang='lat' dir='ltr'><strong>ferendam„</strong></span> 
     </span>
    </p>

    <p class='ocr_par' dir='ltr' id='par_1_19' title="bbox 743 2974 1258 3123">
     <span class='ocr_line' id='line_1_47' title="bbox 743 2974 1258 3050; baseline 0.014 -19"><span class='ocrx_word' id='word_1_263' title='bbox 743 2975 786 3031; x_wconf 85' lang='lat'><strong>10.</strong></span> <span class='ocrx_word' id='word_1_264' title='bbox 814 2975 914 3050; x_wconf 83' lang='lat' dir='ltr'><strong>itaque</strong></span> <span class='ocrx_word' id='word_1_265' title='bbox 927 2974 1025 3032; x_wconf 82' lang='lat' dir='ltr'><strong>diuiso</strong></span> <span class='ocrx_word' id='word_1_266' title='bbox 1042 2978 1189 3034; x_wconf 76' lang='lat' dir='ltr'><strong>exercitu.-</strong></span> <span class='ocrx_word' id='word_1_267' title='bbox 1200 2976 1258 3038; x_wconf 86' lang='grc' dir='ltr'><strong>ΡΜ.</strong></span> 
     </span>
     <span class='ocr_line' id='line_1_48' title="bbox 812 3058 1132 3123; baseline 0.019 -8"><span class='ocrx_word' id='word_1_268' title='bbox 812 3092 847 3103; x_wconf 89' lang='grc'>-</span> <span class='ocrx_word' id='word_1_269' title='bbox 865 3058 947 3119; x_wconf 86' lang='lat' dir='ltr'><strong>Recc.</strong></span> <span class='ocrx_word' id='word_1_270' title='bbox 965 3061 1060 3122; x_wconf 81' lang='lat' dir='ltr'><strong>codd:</strong></span> <span class='ocrx_word' id='word_1_271' title='bbox 1082 3065 1132 3123; x_wconf 81' lang='lat' dir='ltr'><strong>tta.</strong></span> 
     </span>
    </p>

    <p class='ocr_par' dir='ltr' id='par_1_20' title="bbox 743 3147 1293 3230">
     <span class='ocr_line' id='line_1_49' title="bbox 743 3147 1293 3230; baseline 0.013 -28"><span class='ocrx_word' id='word_1_272' title='bbox 743 3147 785 3202; x_wconf 89' lang='grc'><strong>11.</strong></span> <span class='ocrx_word' id='word_1_273' title='bbox 812 3147 843 3202; x_wconf 80' lang='lat' dir='ltr'><strong>in</strong></span> <span class='ocrx_word' id='word_1_274' title='bbox 861 3167 927 3203; x_wconf 82' lang='lat' dir='ltr'><strong>eam</strong></span> <span class='ocrx_word' id='word_1_275' title='bbox 941 3159 1073 3224; x_wconf 67' lang='lat' dir='ltr'><strong>partem.-</strong></span> <span class='ocrx_word' id='word_1_276' title='bbox 1091 3149 1141 3207; x_wconf 89' lang='grc' dir='ltr'><strong>ΡΜ</strong></span> <span class='ocrx_word' id='word_1_277' title='bbox 1152 3149 1257 3212; x_wconf 75' lang='lat' dir='ltr'><strong>Haris.</strong></span> <span class='ocrx_word' id='word_1_278' title='bbox 1287 3221 1293 3230; x_wconf 26' lang='grc' dir='ltr'>ἱ</span> 
     </span>
    </p>
   </div>
   <div class='ocr_carea' id='block_1_7' title="bbox 810 3231 1259 3388">
    <p class='ocr_par' dir='ltr' id='par_1_21' title="bbox 810 3231 1259 3388">
     <span class='ocr_line' id='line_1_50' title="bbox 810 3231 1259 3315; baseline 0.018 -24"><span class='ocrx_word' id='word_1_279' title='bbox 810 3231 888 3293; x_wconf 86' lang='lat' dir='ltr'><strong>Leid.</strong></span> <span class='ocrx_word' id='word_1_280' title='bbox 898 3237 931 3308; x_wconf 80' lang='lat' dir='ltr'><strong>n]</strong></span> <span class='ocrx_word' id='word_1_281' title='bbox 950 3256 1009 3295; x_wconf 86' lang='lat' dir='ltr'><strong>sam</strong></span> <span class='ocrx_word' id='word_1_282' title='bbox 1019 3239 1047 3294; x_wconf 89' lang='lat' dir='ltr'><strong>in</strong></span> <span class='ocrx_word' id='word_1_283' title='bbox 1059 3247 1163 3315; x_wconf 87' lang='lat' dir='ltr'><strong>partem</strong></span> <span class='ocrx_word' id='word_1_284' title='bbox 1173 3243 1259 3311; x_wconf 73' lang='lat' dir='ltr'><strong>(rece.</strong></span> 
     </span>
     <span class='ocr_line' id='line_1_51' title="bbox 811 3321 911 3388; baseline 0.05 -11"><span class='ocrx_word' id='word_1_285' title='bbox 811 3321 911 3388; x_wconf 86' lang='lat' dir='ltr'><strong>codd).</strong></span> 
     </span>
    </p>
   </div>
   <div class='ocr_carea' id='block_1_8' title="bbox 225 3409 1257 3495">
    <p class='ocr_par' dir='ltr' id='par_1_22' title="bbox 225 3409 1257 3495">
     <span class='ocr_line' id='line_1_52' title="bbox 225 3409 1257 3495; baseline 0.003 -26"><span class='ocrx_word' id='word_1_286' title='bbox 225 3409 670 3484; x_wconf 73' lang='lat' dir='ltr'><strong>mirsiePlIJQointius-invol-</strong></span> <span class='ocrx_word' id='word_1_287' title='bbox 741 3410 789 3495; x_wconf 72' lang='lat'><strong>12.</strong></span> <span class='ocrx_word' id='word_1_288' title='bbox 810 3429 871 3466; x_wconf 83' lang='lat' dir='ltr'><strong>non</strong></span> <span class='ocrx_word' id='word_1_289' title='bbox 882 3419 967 3467; x_wconf 80' lang='lat' dir='ltr'><strong>tanta</strong></span> <span class='ocrx_word' id='word_1_290' title='bbox 978 3432 1045 3486; x_wconf 77' lang='lat' dir='ltr'><strong>spe:</strong></span> <span class='ocrx_word' id='word_1_291' title='bbox 1063 3413 1093 3472; x_wconf 90' lang='grc' dir='ltr'><strong>Ρ.</strong></span> <span class='ocrx_word' id='word_1_292' title='bbox 1106 3444 1142 3458; x_wconf 93' lang='grc'><strong>-</strong></span> <span class='ocrx_word' id='word_1_293' title='bbox 1153 3412 1195 3472; x_wconf 88' lang='lat' dir='ltr'><strong>ll:</strong></span> <span class='ocrx_word' id='word_1_294' title='bbox 1213 3416 1257 3471; x_wconf 90' lang='lat' dir='ltr'><strong>iu-</strong></span> 
     </span>
    </p>
   </div>
   <div class='ocr_carea' id='block_1_9' title="bbox 115 3498 669 3581">
    <p class='ocr_par' dir='ltr' id='par_1_23' title="bbox 115 3498 669 3581">
     <span class='ocr_line' id='line_1_53' title="bbox 115 3498 669 3581; baseline 0.004 -26"><span class='ocrx_word' id='word_1_295' title='bbox 115 3550 118 3555; x_wconf 78' lang='grc'><strong><em>,</em></strong></span> <span class='ocrx_word' id='word_1_296' title='bbox 224 3498 669 3581; x_wconf 45' lang='lat' dir='ltr'><strong>scosmissioeVulerioinVul-</strong></span> 
     </span>
    </p>
   </div>
   <div class='ocr_carea' id='block_1_10' title="bbox 223 3585 699 3660">
    <p class='ocr_par' dir='ltr' id='par_1_24' title="bbox 223 3585 699 3660">
     <span class='ocr_line' id='line_1_54' title="bbox 223 3585 699 3660; baseline -0.004 -16"><span class='ocrx_word' id='word_1_297' title='bbox 223 3588 284 3644; x_wconf 80' lang='lat' dir='ltr'><strong>aeis</strong></span> <span class='ocrx_word' id='word_1_298' title='bbox 318 3585 502 3660; x_wconf 82' lang='lat' dir='ltr'><strong>coniungenda</strong></span> <span class='ocrx_word' id='word_1_299' title='bbox 536 3586 670 3648; x_wconf 80' lang='lat' dir='ltr'><strong>videntur.</strong></span> <span class='ocrx_word' id='word_1_300' title='bbox 696 3626 699 3633; x_wconf 84' lang='lat'>·</span> 
     </span>
    </p>
   </div>
   <div class='ocr_carea' id='block_1_11' title="bbox 48 3668 669 4100">
    <p class='ocr_par' dir='ltr' id='par_1_25' title="bbox 48 3668 669 4100">
     <span class='ocr_line' id='line_1_55' title="bbox 224 3668 669 3741; baseline 0 -11"><span class='ocrx_word' id='word_1_301' title='bbox 224 3671 281 3730; x_wconf 87' lang='lat' dir='ltr'><strong>Sed</strong></span> <span class='ocrx_word' id='word_1_302' title='bbox 297 3672 332 3732; x_wconf 85' lang='lat' dir='ltr'><strong>cs.</strong></span> <span class='ocrx_word' id='word_1_303' title='bbox 350 3668 430 3730; x_wconf 82' lang='lat' dir='ltr'><strong>etiam</strong></span> <span class='ocrx_word' id='word_1_304' title='bbox 447 3675 491 3741; x_wconf 73' lang='lat'><strong>24,</strong></span> <span class='ocrx_word' id='word_1_305' title='bbox 510 3675 567 3732; x_wconf 50' lang='lat' dir='ltr'><strong>20st</strong></span> <span class='ocrx_word' id='word_1_306' title='bbox 585 3672 669 3730; x_wconf 85' lang='lat' dir='ltr'><strong>Grac·</strong></span> 
     </span>
     <span class='ocr_line' id='line_1_56' title="bbox 197 3755 667 3837; baseline 0 -20"><span class='ocrx_word' id='word_1_307' title='bbox 197 3755 201 3768; x_wconf 89' lang='grc'>’</span> <span class='ocrx_word' id='word_1_308' title='bbox 224 3758 667 3837; x_wconf 74' lang='lat' dir='ltr'><strong>clusiularcanisaliquotcohor·</strong></span> 
     </span>
     <span class='ocr_line' id='line_1_57' title="bbox 48 3846 667 3927; baseline 0.005 -26"><span class='ocrx_word' id='word_1_309' title='bbox 48 3888 56 3901; x_wconf 58' lang='lat'><strong>-.</strong></span> <span class='ocrx_word' id='word_1_310' title='bbox 137 3916 140 3921; x_wconf 17' lang='grc' dir='ltr'>ι</span> <span class='ocrx_word' id='word_1_311' title='bbox 222 3855 308 3905; x_wconf 85' lang='lat' dir='ltr'><strong>tes-</strong></span> <span class='ocrx_word' id='word_1_312' title='bbox 274 3849 348 3906; x_wconf 89' lang='lat' dir='ltr'><strong>-in</strong></span> <span class='ocrx_word' id='word_1_313' title='bbox 368 3869 430 3922; x_wconf 80' lang='lat' dir='ltr'><strong>agro</strong></span> <span class='ocrx_word' id='word_1_314' title='bbox 454 3846 573 3905; x_wconf 88' lang='lat' dir='ltr'><strong>hostium</strong></span> <span class='ocrx_word' id='word_1_315' title='bbox 589 3869 667 3927; x_wconf 89' lang='lat' dir='ltr'><strong>prae·</strong></span> 
     </span>
     <span class='ocr_line' id='line_1_58' title="bbox 221 3933 656 4005; baseline -0.005 -12"><span class='ocrx_word' id='word_1_316' title='bbox 221 3935 313 3994; x_wconf 88' lang='lat' dir='ltr'><strong>datum</strong></span> <span class='ocrx_word' id='word_1_317' title='bbox 330 3937 405 3992; x_wconf 87' lang='lat' dir='ltr'><strong>misit</strong></span> <span class='ocrx_word' id='word_1_318' title='bbox 417 3934 493 4004; x_wconf 77' lang='lat' dir='ltr'><strong>(Pur.</strong></span> <span class='ocrx_word' id='word_1_319' title='bbox 509 3933 604 4005; x_wconf 82' lang='lat' dir='ltr'><strong>colb.)</strong></span> <span class='ocrx_word' id='word_1_320' title='bbox 623 3934 656 3994; x_wconf 90' lang='lat' dir='ltr'><strong>al.</strong></span> 
     </span>
     <span class='ocr_line' id='line_1_59' title="bbox 169 4021 666 4100; baseline -0.004 -21"><span class='ocrx_word' id='word_1_321' title='bbox 169 4024 197 4084; x_wconf 75' lang='lat' dir='ltr'><strong>t.</strong></span> <span class='ocrx_word' id='word_1_322' title='bbox 220 4024 351 4100; x_wconf 74' lang='lat' dir='ltr'><strong>profecti</strong></span> <span class='ocrx_word' id='word_1_323' title='bbox 367 4023 406 4079; x_wconf 83' lang='lat' dir='ltr'><strong>ab</strong></span> <span class='ocrx_word' id='word_1_324' title='bbox 427 4021 499 4078; x_wconf 82' lang='lat' dir='ltr'><strong>urbe</strong></span> <span class='ocrx_word' id='word_1_325' title='bbox 516 4021 666 4082; x_wconf 78' lang='lat' dir='ltr'><strong>Sutrium.-</strong></span> 
     </span>
    </p>
   </div>
   <div class='ocr_carea' id='block_1_12' title="bbox 170 4108 665 4187">
    <p class='ocr_par' dir='ltr' id='par_1_26' title="bbox 170 4108 665 4187">
     <span class='ocr_line' id='line_1_60' title="bbox 170 4108 665 4187; baseline -0.011 -16.463"><span class='ocrx_word' id='word_1_326' title='bbox 170 4109 330 4174; x_wconf 80' lang='grc' dir='ltr'><strong>ΡΜ.’-</strong></span> <span class='ocrx_word' id='word_1_327' title='bbox 350 4108 479 4170; x_wconf 73' lang='lat' dir='ltr'><strong>Laida:</strong></span> <span class='ocrx_word' id='word_1_328' title='bbox 495 4109 613 4187; x_wconf 80' lang='lat' dir='ltr'><strong>profecti</strong></span> <span class='ocrx_word' id='word_1_329' title='bbox 630 4108 665 4166; x_wconf 87' lang='lat' dir='ltr'><strong>ad</strong></span> 
     </span>
    </p>
   </div>
   <div class='ocr_carea' id='block_1_13' title="bbox 806 3498 1282 4082">
    <p class='ocr_par' dir='ltr' id='par_1_27' title="bbox 806 3498 1262 4082">
     <span class='ocr_line' id='line_1_61' title="bbox 811 3498 1257 3575; baseline 0.009 -21"><span class='ocrx_word' id='word_1_330' title='bbox 811 3498 1257 3575; x_wconf 76' lang='lat' dir='ltr'><strong>betmontuuaspesculisruuds</strong></span> 
     </span>
     <span class='ocr_line' id='line_1_62' title="bbox 811 3586 1262 3666; baseline 0.016 -26"><span class='ocrx_word' id='word_1_331' title='bbox 811 3586 910 3642; x_wconf 84' lang='lat' dir='ltr'><strong>coniiei</strong></span> <span class='ocrx_word' id='word_1_332' title='bbox 927 3596 1028 3659; x_wconf 87' lang='lat' dir='ltr'><strong>posset,</strong></span> <span class='ocrx_word' id='word_1_333' title='bbox 1046 3609 1106 3645; x_wconf 82' lang='lat' dir='ltr'><strong>uon</strong></span> <span class='ocrx_word' id='word_1_334' title='bbox 1122 3599 1184 3646; x_wconf 82' lang='lat' dir='ltr'><strong>tam</strong></span> <span class='ocrx_word' id='word_1_335' title='bbox 1202 3611 1262 3666; x_wconf 76' lang='lat' dir='ltr'><strong>spe·</strong></span> 
     </span>
     <span class='ocr_line' id='line_1_63' title="bbox 809 3670 1258 3752; baseline 0.011 -23"><span class='ocrx_word' id='word_1_336' title='bbox 809 3693 824 3729; x_wconf 85' lang='lat' dir='ltr'><strong>a</strong></span> <span class='ocrx_word' id='word_1_337' title='bbox 837 3670 915 3728; x_wconf 87' lang='lat' dir='ltr'><strong>Livio</strong></span> <span class='ocrx_word' id='word_1_338' title='bbox 928 3676 1058 3752; x_wconf 86' lang='lat' dir='ltr'><strong>seriptum</strong></span> <span class='ocrx_word' id='word_1_339' title='bbox 1076 3696 1144 3735; x_wconf 88' lang='lat' dir='ltr'><strong>essa.</strong></span> <span class='ocrx_word' id='word_1_340' title='bbox 1162 3697 1258 3734; x_wconf 86' lang='lat' dir='ltr'><strong>verum</strong></span> 
     </span>
     <span class='ocr_line' id='line_1_64' title="bbox 808 3759 1256 3837; baseline 0.007 -20"><span class='ocrx_word' id='word_1_341' title='bbox 808 3759 862 3817; x_wconf 80' lang='lat' dir='ltr'><strong>lroo</strong></span> <span class='ocrx_word' id='word_1_342' title='bbox 874 3761 1036 3837; x_wconf 80' lang='lat' dir='ltr'><strong>significaret</strong></span> <span class='ocrx_word' id='word_1_343' title='bbox 1047 3762 1191 3820; x_wconf 85' lang='lat' dir='ltr'><strong>Camillum</strong></span> <span class='ocrx_word' id='word_1_344' title='bbox 1202 3766 1256 3821; x_wconf 88' lang='lat' dir='ltr'><strong>iam</strong></span> 
     </span>
     <span class='ocr_line' id='line_1_65' title="bbox 808 3848 1255 3927; baseline 0.009 -23"><span class='ocrx_word' id='word_1_345' title='bbox 808 3848 974 3927; x_wconf 84' lang='lat' dir='ltr'><strong>desperasse,</strong></span> <span class='ocrx_word' id='word_1_346' title='bbox 984 3850 1077 3907; x_wconf 89' lang='lat' dir='ltr'><strong>urbem</strong></span> <span class='ocrx_word' id='word_1_347' title='bbox 1090 3851 1169 3911; x_wconf 83' lang='lat' dir='ltr'><strong>scalis</strong></span> <span class='ocrx_word' id='word_1_348' title='bbox 1179 3872 1212 3908; x_wconf 86' lang='lat' dir='ltr'><strong>ex</strong></span> <span class='ocrx_word' id='word_1_349' title='bbox 1223 3871 1255 3908; x_wconf 84' lang='lat' dir='ltr'><strong>es</strong></span> 
     </span>
     <span class='ocr_line' id='line_1_66' title="bbox 806 3939 1255 4016; baseline 0.009 -24"><span class='ocrx_word' id='word_1_350' title='bbox 806 3945 883 4011; x_wconf 83' lang='lat' dir='ltr'><strong>parta</strong></span> <span class='ocrx_word' id='word_1_351' title='bbox 896 3939 955 4013; x_wconf 85' lang='lat' dir='ltr'><strong>capi</strong></span> <span class='ocrx_word' id='word_1_352' title='bbox 968 3957 1058 4013; x_wconf 87' lang='lat' dir='ltr'><strong>posse,</strong></span> <span class='ocrx_word' id='word_1_353' title='bbox 1071 3939 1145 4016; x_wconf 89' lang='lat' dir='ltr'><strong>qnod</strong></span> <span class='ocrx_word' id='word_1_354' title='bbox 1157 3939 1255 3996; x_wconf 84' lang='lat' dir='ltr'><strong>Livius</strong></span> 
     </span>
     <span class='ocr_line' id='line_1_67' title="bbox 807 4018 1282 4082; baseline 0.007 -3"><span class='ocrx_word' id='word_1_355' title='bbox 807 4022 898 4080; x_wconf 85' lang='lat' dir='ltr'><strong>dicere</strong></span> <span class='ocrx_word' id='word_1_356' title='bbox 914 4044 969 4080; x_wconf 87' lang='lat' dir='ltr'><strong>non</strong></span> <span class='ocrx_word' id='word_1_357' title='bbox 989 4018 1054 4081; x_wconf 81' lang='lat' dir='ltr'><strong>vult.</strong></span> <span class='ocrx_word' id='word_1_358' title='bbox 1084 4047 1145 4082; x_wconf 84' lang='lat' dir='ltr'><strong>nou</strong></span> <span class='ocrx_word' id='word_1_359' title='bbox 1164 4034 1282 4082; x_wconf 80' lang='lat' dir='ltr'><strong>tanta</strong></span> 
     </span>
    </p>
   </div>
   <div class='ocr_carea' id='block_1_14' title="bbox 806 4110 1251 4189">
    <p class='ocr_par' dir='ltr' id='par_1_28' title="bbox 806 4110 1251 4189">
     <span class='ocr_line' id='line_1_68' title="bbox 806 4110 1251 4189; baseline 0.004 -19"><span class='ocrx_word' id='word_1_360' title='bbox 806 4112 946 4187; x_wconf 75' lang='lat' dir='ltr'><strong>spergitur</strong></span> <span class='ocrx_word' id='word_1_361' title='bbox 953 4110 1096 4189; x_wconf 77' lang='lat' dir='ltr'><strong>argnrlioat.</strong></span> <span class='ocrx_word' id='word_1_362' title='bbox 1105 4110 1251 4171; x_wconf 77' lang='lat' dir='ltr'><strong>Camillum</strong></span> 
     </span>
    </p>
   </div>
   <div class='ocr_carea' id='block_1_15' title="bbox 0 0 1314 4590">
    <p class='ocr_par' dir='ltr' id='par_1_29' title="bbox 0 0 1314 4590">
     <span class='ocr_line' id='line_1_69' title="bbox 0 0 1314 4590; baseline 0 0"><span class='ocrx_word' id='word_1_363' title='bbox 0 0 1314 4590; x_wconf 95' lang='lat' dir='ltr'><strong> </strong></span> 
     </span>
    </p>
   </div>
  </div>
 </body>
</html>
