2618 4590
508 218 619 277 LIBER
634 216 693 281 vu.
1084 205 1151 273 219

137 381 257 453 XXVI.
301 382 365 450 Ubi
396 405 471 449 cum
489 379 684 473 stationibus
711 380 811 470 quieti
843 394 970 472 tempus
1003 392 1151 464 tererent,

51 489 162 557 Gallus
185 488 344 580 processit
364 484 580 575 magnitudine
603 493 699 573 atque
721 485 815 552 amris
836 485 975 576 insignis,
995 486 1152 577 quatiens

50 617 114 682 que
138 604 265 660 scutum
288 591 379 659 hasta
401 614 477 658 crun
497 588 660 655 silentium
681 589 823 673 fecisset,
855 602 1010 681 provocat
1028 615 1087 680 per
1106 591 1150 657 in-

48 708 224 787 terpretem
255 719 356 763 unum
388 719 429 762 ex
456 693 609 761 Romanis
643 693 697 784 qui
730 717 843 761 secum
876 695 961 762 [erro
994 697 1151 762 decernat

49 799 97 868 M.
121 813 188 868 erat
209 800 355 881 Valerius
376 797 521 873 tribunus
542 798 681 865 militum
703 798 899 882 adulescens,
925 799 981 889 qui
1001 799 1089 866 haud
1109 799 1188 865 ino
1237 815 1243 823 '

50 905 227 996 digniorem
249 929 288 972 eo
312 904 427 972 decore
449 926 485 970 se
507 926 606 993 quam
627 902 668 971 T.
690 901 847 970 Manlium
874 915 960 972 ratus
988 904 1075 995 prius
1097 903 1156 970 sci-

52 1010 184 1076 scitatus
213 1009 352 1076 consulis
374 1008 574 1076 voluntatem
599 1007 634 1075 in
660 1007 803 1075 medium
825 1018 965 1075 ansatus
989 1006 1155 1098 processit
1175 1084 1180 1093 Ι

48 1112 155 1178 minus
176 1113 297 1203 insigne
320 1111 482 1181 certamen
508 1112 686 1179 humanum
713 1112 844 1180 numine
872 1112 1059 1204 interposito
1082 1111 1157 1178 deo·

47 1242 123 1285 rum
143 1218 278 1286 iactum:
311 1242 451 1310 namque
475 1218 653 1286 conserenti
674 1218 739 1284 iarn
760 1242 893 1285 manum
913 1218 1061 1286 Romano
1088 1239 1155 1284 cor·
1259 1206 1265 1215 ⁵

48 1346 110 1391 vus
132 1334 263 1414 repente
285 1323 318 1390 in
333 1323 424 1415 galea
441 1322 585 1414 consedit
598 1323 631 1390 in
647 1323 777 1391 hostem
795 1346 917 1391 versus.
948 1321 1036 1412 quod
1050 1320 1154 1412 primo
1169 1328 1204 1383 10

70 1521 96 1581 1.
122 1523 173 1579 nbi
189 1541 256 1579 cum
277 1523 454 1579 stationibus
478 1521 570 1598 quieti

120 1618 236 1684 tempus
253 1617 397 1666 tererent.-
416 1608 447 1668 P.
465 1641 501 1651 -
527 1607 568 1667 tt:

123 1696 285 1752 stationibus
303 1698 388 1773 quieti
405 1706 512 1774 tempus
529 1703 569 1751 te·

124 1792 224 1839 terent.
238 1814 271 1826 -
288 1781 367 1840 Multi
385 1802 454 1842 rece.
474 1782 569 1842 codd:

124 1869 286 1927 stationibus
305 1870 412 1947 quietis.

67 1958 97 2014 3.
121 1967 269 2030 prouocat
296 1977 353 2033 per·
384 1958 571 2032 interpretem

126 2065 217 2100 unum
238 2064 279 2101 ea:
298 2045 460 2100 Romanis.-
478 2042 509 2103 Ρ.
534 2072 571 2086 -·

123 2131 164 2188 ll:
183 2149 233 2209 per
250 2133 452 2206 interpraetom.

70 2223 98 2277 5.
125 2220 166 2277 M.
188 2226 255 2274 erat
275 2216 420 2277 Valerius
442 2226 479 2276 tr.
509 2218 571 2274 mil.

124 2306 319 2362 adulescens.-
331 2302 400 2376 Pll]
418 2301 454 2361 Μ.
467 2312 524 2360 erat
535 2332 571 2347 -

124 2391 291 2465 adolescens.
302 2421 336 2432 -
350 2387 428 2448 Leid.
438 2409 456 2449 1.
469 2389 517 2449 al:
535 2388 571 2449 Μ.

124 2489 182 2535 erat
194 2478 315 2536 Valerius
333 2477 457 2535 tribunus
474 2476 573 2556 plebis.

71 2597 108 2610 -
128 2569 181 2643 qni
201 2567 285 2623 haud
310 2567 510 2644 indigniorem
537 2584 571 2621 eo

128 2654 234 2710 decore
256 2673 291 2710 se
317 2673 407 2729 qnam
427 2653 460 2711 T.
477 2652 573 2709 Mani-

126 2741 200 2797 linm
218 2748 319 2794 roms.-
336 2737 368 2796 P.
395 2769 430 2784 -
457 2737 498 2794 ll:
527 2741 575 2814 qui

128 2823 202 2880 haud
219 2824 323 2898 indigni
337 2844 394 2879 rem
406 2825 508 2881 eodem
526 2825 576 2880 de·

128 2931 192 2969 core
218 2933 249 2968 se
278 2932 358 2989 quam
387 2920 409 2969 t.
437 2911 575 2969 manilium

127 3009 230 3076 raptus.

72 3093 100 3146 8.
130 3090 227 3145 minus
235 3088 350 3167 insigne
362 3097 510 3147 certamen
523 3086 577 3141 Iru-

129 3195 249 3231 mnnum
266 3177 385 3233 numine
403 3175 576 3249 interposito

131 3262 254 3318 deorum
274 3262 411 3334 facturn:
441 3259 490 3318 ΡΜ
518 3259 576 3317 rell.

67 3364 71 3375 '
131 3348 202 3405 Lud.
219 3347 363 3405 Walclrius
385 3359 504 3406 anctum
526 3369 576 3429 pro

124 3435 246 3508 facturn
268 3438 350 3493 scribi
372 3435 474 3505 voluit,
503 3435 577 3513 quod

131 3542 225 3580 verum
245 3542 303 3578 esse
313 3525 359 3580 vix
376 3526 501 3601 cuiquam
519 3545 579 3599 per·

115 3609 242 3677 *suaderi
266 3611 374 3686 poterit.
404 3631 483 3666 nemo
507 3612 578 3667 euim

133 3717 190 3753 nou
206 3697 282 3754 videt
294 3695 402 3753 Livium
420 3697 488 3754 uihil
505 3697 578 3755 aliud

133 3784 224 3841 dicere
236 3782 305 3842 velle
318 3804 397 3860 quam
411 3784 478 3841 hoc:
490 3786 579 3841 minus

133 3874 265 3947 insignem
286 3870 340 3928 hoc
362 3873 506 3931 certamine
526 3874 579 3930 vir·

135 3969 219 4016 tutem
237 3959 382 4018 humanam
400 3960 483 4017 fuisse
500 3980 579 4037 quam

134 4044 269 4131 llanliauo
306 4049 451 4107 certamine
483 4046 580 4129 luerat,

710 1542 772 1580 cum
786 1520 929 1579 Camillum
947 1520 992 1578 dei
1008 1521 1063 1599 ipsi
1081 1519 1157 1577 adiu·

709 1629 776 1666 vare
797 1608 932 1667 voluerint
952 1609 1088 1686 praesenti
1108 1626 1157 1663 aaa

711 1716 772 1773 ope.
801 1715 881 1772 quem
904 1693 1066 1750 admodum
1087 1693 1114 1751 lr.
1138 1692 1156 1750 l.

712 1803 821 1840 numen
839 1783 963 1841 deorum
975 1782 1105 1859 scriptum
1118 1782 1158 1836 vi·

713 1868 817 1940 demus,
841 1872 882 1926 sic
899 1867 959 1925 aliis
976 1868 1045 1924 loeis
1062 1886 1160 1947 perse

712 1977 822 2014 numen
845 1958 1046 2032 scriptumest.
1076 1956 1116 2011 sie
1134 1955 1160 2021 2,

713 2047 774 2105 (ΜΛ
801 2043 845 2103 rel
867 2045 977 2100 numine
1000 2041 1088 2119 aliquo
1115 2039 1160 2096 de-

716 2129 791 2188 fensa
822 2140 921 2188 castra:
958 2149 1036 2200 „ron
1068 2126 1162 2203 irgend

714 2220 790 2273 eiuer
826 2216 950 2274 Gottheit
989 2214 1161 2274 bnottrza‘t

713 2308 826 2374 o,51.:
853 2314 908 2361 tam
929 2303 1041 2362 evidens
1063 2322 1162 2359 numen

713 2392 764 2448 Irae
787 2401 948 2469 tempestate
969 2391 1050 2448 rebus
1076 2388 1162 2446 adfuit

713 2479 853 2548 limnauis.
871 2481 912 2537 sic
929 2482 1011 2536 etiam
1024 2483 1050 2547 1,
1062 2480 1105 2536 55.
1124 2476 1162 2531 le·

715 2569 802 2643 gimus
812 2570 949 2636 „movisse
961 2585 1060 2623 numen
1073 2564 1107 2621 ad
1121 2566 1162 2621 iu·
1225 2620 1230 2633 ,

716 2644 859 2714 dicandam
886 2657 954 2711 tanti
976 2655 1083 2729 imperii
1105 2672 1163 2708 mo·

716 2740 770 2797 leur
784 2741 900 2798 traditur
913 2740 1011 2797 deos“:
1021 2737 1162 2809 „daswel-

717 2828 798 2884 teude
827 2825 967 2883 Schicksal
998 2825 1051 2882 soll
1080 2825 1165 2881 selbst
1270 2824 1278 2837 ‘

719 2912 816 2970 Gtitter
839 2913 921 2982 (deos
942 2911 1099 2970 Termiuum
1120 2910 1164 2968 lu·

718 3005 921 3077 veritatemque)
948 2998 1097 3057 veranlasst
1117 2998 1164 3056 hs·

717 3086 770 3142 ben
800 3085 845 3143 die
873 3087 976 3145 Grtsse
1012 3087 1061 3145 der
1095 3095 1164 3145 rtm.
1222 3115 1223 3119 ¹

718 3172 876 3231 llerrsolsaft
919 3173 1164 3233 rorherznverliin-

719 3260 807 3317 den“:
826 3283 907 3340 quam
918 3265 1165 3339 interpretationem
1241 3272 1245 3277 '

719 3348 888 3417 addidimus,
912 3350 985 3426 quod
1008 3347 1107 3405 multos
1125 3350 1165 3403 iu-

718 3444 849 3512 terpretes
859 3457 938 3493 verus
949 3436 1029 3490 huius
1040 3434 1094 3491 loci
1106 3455 1165 3490 sen·

719 3543 766 3579 sus
784 3523 884 3599 fugisse
901 3524 1051 3581 videbatur.

651 3611 694 3668 10.
722 3611 805 3686 quod
814 3613 910 3684 primo
924 3619 956 3665 ut
968 3612 999 3665 in
1007 3612 1166 3690 angurium

720 3698 804 3754 caelo
823 3701 947 3754 missurn
971 3700 1069 3756 laetus
1086 3719 1166 3754 occe·

718 3786 764 3860 pit
774 3786 924 3842 tribunus:
942 3785 964 3842 P
982 3785 1043 3845 cod.
1054 3785 1166 3858 Kionin]

721 3871 795 3948 quod
812 3874 899 3949 primo
917 3883 947 3931 ut
959 3876 1099 3948 augurium
1116 3882 1167 3932 cet.

722 3957 769 4028 (Μ
787 3980 821 4017 m.
839 3962 890 4032 3.).
913 3992 947 4002 -
974 3959 1002 4017 Μ
1020 3962 1112 4019 m.1.:
1137 3970 1168 4016 ut
1231 4036 1237 4043 ἱ

722 4049 867 4123 nugariam.
884 4080 918 4092 -
940 4045 1100 4118 „Naehdem
1118 4046 1167 4104 der
