2618 4590
525 248 632 311 LIBER
650 242 694 310 vl.
1095 239 1159 307 107

61 409 135 476 dem
158 412 241 493 viro,
269 421 377 477 tumen
398 409 536 500 plebeio,
562 433 665 500 eaque
690 409 759 501 ipsa
781 411 923 479 adfinitas
944 413 1031 481 haud
1051 426 1158 504 spreta

61 514 196 602 gratiam
209 515 310 582 Fabio
334 517 374 581 ad
395 515 526 605 vulgum
547 514 737 604 quaesierat.
775 512 857 582 loric
877 517 920 582 ita
940 517 1048 586 incidit
1068 530 1105 587 ut
1125 519 1159 585 in

60 618 152 685 Servi
174 619 297 709 Sulpici
317 619 432 692 tribuni
454 618 591 684 militum
613 618 711 686 domo
734 641 859 687 sorores
879 619 996 687 Fabiae
1017 647 1093 689 cum
1110 623 1157 689 in·

59 733 109 789 ter
132 748 167 791 se
190 735 227 791 nt
248 725 285 792 lit
298 723 496 797 sermonibus
511 735 639 812 tempus
655 734 803 806 tererent,
824 723 918 791 lictor
930 723 1060 815 Sulpici,
1083 751 1158 794 cum

58 826 150 894 isdc
173 829 243 897 foro
265 853 301 897 sc
322 829 456 896 domum
468 828 671 918 reciperetl
669 851 759 894 orem
780 838 817 895 ut
835 851 907 901 mos
923 841 972 898 est
985 830 1073 920 virga
1090 856 1158 921 per·
1175 843 1192 899 5

60 941 193 1000 cnteret.
229 956 304 999 cum
325 933 366 999 ad
389 933 435 999 id
442 933 540 1000 moris
562 933 630 1005 eius
646 931 771 999 buuetn
788 932 972 1021 expavisset
984 933 1089 1001 minor
1102 933 1161 1001 Fa·

58 1033 126 1119 bia,
153 1037 228 1109 risui
247 1037 354 1112 sorori
373 1038 433 1105 luit
453 1036 609 1110 miranti'
600 1059 745 1127 rgnorure
765 1037 799 1103 id
822 1060 978 1105 sororem.
1017 1049 1162 1106 ceterum

59 1137 85 1203 is
106 1139 189 1206 risus
209 1140 356 1225 stimulos
377 1143 482 1232 parvis
504 1141 616 1210 mobili
636 1142 732 1209 rebus
754 1141 861 1209 animo
883 1142 1031 1211 muliebri
1053 1142 1161 1210 subdi-

59 1242 116 1325 dit,
150 1232 326 1334 frequentia
355 1272 485 1338 quoque
514 1247 777 1339 prosequentium
803 1246 1048 1337 rogantiumque
1082 1270 1161 1313 num

19 1352 23 1359 “
60 1346 134 1436 quid
155 1349 264 1419 vellet,
298 1351 399 1425 ¹credo
426 1352 623 1425 fortunatum
649 1351 887 1419 matrimonium
915 1351 945 1419 ei
972 1349 1092 1423 sororis
1113 1348 1159 1417 vi·
1173 1363 1218 1421 10.

60 1472 128 1519 sum
150 1453 263 1545 suique
290 1455 394 1545 ipsam
420 1455 506 1523 malo
536 1455 677 1540 arbitrio,
707 1480 772 1547 quo
802 1481 820 1523 a
842 1456 995 1550 proximis
1023 1454 1160 1547 quisquc

14 1592 21 1603 ·
61 1554 187 1625 minime
210 1559 320 1627 anteiri
341 1559 426 1645 vult,
447 1560 651 1651 paenituisse.
690 1562 858 1633 confusam
881 1584 954 1631 eam
975 1583 1018 1627 ex
1039 1557 1161 1627 recenti

714 1778 846 1836 nlentiurn
875 1776 921 1837 illa
951 1776 1033 1837 verba
1069 1775 1161 1857 luisse.

714 1866 811 1937 „Aba
829 1865 917 1923 dieses
929 1863 1039 1925 Lachen
1056 1861 1162 1923 macuto

715 1953 763 2010 aul
777 1954 822 2013 die
835 1952 991 2009 Schwester
1008 1950 1105 2007 lreinen
1118 1968 1161 2023 ge·

715 2044 809 2116 ringen
830 2037 968 2095 Eindruclr
990 2070 1025 2081 -
1049 2057 1081 2093 so
1106 2037 1162 2090 wie

713 2127 788 2182 darm
806 2126 955 2202 uberhaupt
968 2125 1017 2182 das
1028 2122 1100 2180 Hera
1114 2121 1163 2195 des

694 2281 697 2288 Ι
714 2212 827 2271 Weibeu
835 2215 915 2271 meist
924 2211 1010 2269 durch
1020 2210 1163 2268 unsehein·

714 2301 877 2376 bareDinge
895 2299 1003 2374 geleitet
1020 2296 1094 2356 wird
1113 2313 1163 2354 ·-:

75 1777 102 1837 3.
126 1775 348 1854 SeruiSulpici
362 1787 401 1839 tr.
416 1780 496 1841 πῆλε
512 1778 572 1854 ΡΜ]

125 1862 186 1925 Ser.
215 1864 331 1943 Sulpicii
360 1876 412 1927 cet.
441 1896 477 1911 -·
509 1866 573 1937 Pul:

125 1954 572 2027 tempuatererent.Reccoodd.2

10 2052 13 2093 ῖ
123 2047 243 2103 tererent
253 2049 368 2116 ternpus.
386 2040 464 2103 Leld.
476 2062 507 2102 r‚:
520 2052 573 2098 ter.

119 2134 217 2182 terent
234 2137 348 2204 tempus.
454 2148 459 2161 ¹

78 2229 215 2289 tliaor
238 2230 367 2307 Sulpici,
396 2251 463 2290 cum
484 2232 511 2289 ia
534 2233 572 2290 de

10 2374 13 2397 Ι
80 2343 88 2367 ι
118 2317 196 2390 soro
214 2338 249 2377 oo
271 2318 391 2383 domum
414 2321 571 2394 reciperet:

10 2426 12 2443 ¹
124 2403 185 2485 ΡΜ]
210 2405 291 2463 lictor
313 2404 429 2484 Sulpicii
457 2416 508 2465 cet.
536 2438 570 2453 -
633 2438 636 2443 ·

125 2490 207 2552 ttn.
227 2496 266 2552 l.z
293 2513 354 2549 oum
376 2493 422 2550 ide
446 2493 514 2552 loro.
536 2527 571 2537 -

124 2577 203 2640 Laid.
221 2600 240 2638 ι.
252 2654 254 2660 ,
266 2579 340 2639 llarl.
358 2601 392 2640 ω
415 2580 495 2638 lictor
518 2580 574 2637 sul·

125 2669 231 2745 picium
241 2668 264 2724 is
273 2668 308 2724 do
317 2668 377 2733 loro
387 2679 437 2729 oet.
455 2668 528 2726 Harl.
539 2688 571 2745 ¹·.³

124 2764 284 2829 receperat.
302 2788 333 2799 -
363 2754 447 2811 Paulo
464 2765 528 2832 post
545 2753 573 2811 Μ

127 2861 163 2904 m.
187 2846 225 2899 1.=
251 2844 335 2905 moris
358 2846 416 2897 eius
442 2845 466 2898 is
483 2844 488 2912 1
504 2851 573 2901 ueta.

109 2948 166 2988 ur.
182 2930 225 2987 3.2
242 2936 269 2985 ῑε
285 2932 290 3000 Ι
307 2939 377 2988 ueta.

75 3033 100 3091 a.
119 3030 299 3106 frequentia
314 3052 432 3109 quoque
451 3032 503 3103 (Pr
521 3037 573 3110 (ῃ)

123 3122 366 3195 prosequentium
393 3122 575 3198 rogantium·

128 3224 187 3281 quc
204 3225 275 3262 uum
294 3207 369 3283 quid
391 3209 495 3264 uellet:
518 3205 575 3265 ΡΜ.

127 3288 258 3356 Kloclriua
276 3293 336 3352 Cic.
356 3315 398 3372 ep.
422 3295 456 3350 ad
473 3295 530 3353 Att.
549 3297 576 3361 6,

129 3381 157 3445 d,
175 3382 201 3439 fi.
219 3381 337 3439 conferri
355 3384 447 3438 iussit:
466 3384 515 3450 „ls
533 3401 576 3444 me

129 3484 180 3523 nee
197 3467 413 3542 proficiscentem
430 3469 576 3552 Apameam

130 3564 291 3638 prosecutus
329 3565 391 3624 est,
426 3577 477 3612 uec
511 3574 578 3618 cum

129 3651 224 3717 postea
242 3644 272 3701 in
290 3651 376 3698 castra
387 3645 517 3703 venierat
536 3650 579 3698 ot·

131 3720 190 3805 pue
207 3729 271 3787 inde
294 3730 472 3796 discederet,
498 3749 580 3789 num÷

132 3816 209 3891 quid
226 3817 348 3885 uellem,
366 3817 506 3888 rogavit“:
535 3817 581 3892 qui

131 3900 209 3959 locus
222 3903 320 3964 docere
330 3904 445 3970 videtur,
459 3922 514 3958 non
527 3902 582 3959 dis·

133 3990 289 4048 cedentium
313 3992 395 4048 modo
419 3991 476 4046 eius
503 4009 582 4065 geno·

135 4080 176 4136 riu
201 4078 340 4137 hominurn
363 4078 413 4137 sed
435 4080 515 4135 etiarn
538 4098 582 4135 ve·

713 2389 790 2452 nicht
818 2388 940 2465 weniger
969 2387 1018 2443 der
1047 2383 1164 2442 Anbliclt

715 2476 803 2544 deror,
822 2475 866 2533 dre
878 2476 932 2533 den
944 2472 1083 2577 Sulprctus
1095 2471 1163 2527 naclr

713 2563 804 2627 Hause
826 2534 987 2639 begleiteten
1010 2559 1068 2617 und
1091 2559 1163 2615 daun

714 2652 830 2725 lragten,
857 2653 892 2707 ob
920 2670 951 2707 er
963 2651 1050 2713 noch
1077 2657 1163 2705 etwas

714 2743 866 2803 wlinsche“
868 2782 876 2796 .

680 2887 688 2902 .
715 2846 821 2918 auique
856 2842 953 2914 ipsam
987 2835 1049 2906 (Pr
1080 2835 1163 2910 ipsa)

716 2930 795 2984 molo
820 2926 944 2987 arbitrio
968 2942 1026 2999 quo
1050 2941 1071 2976 a
1094 2940 1164 2995 pro·

716 3016 809 3077 mimia
827 3015 954 3091 quiaque
974 3010 1094 3067 minime
1111 3028 1163 3063 an·

715 3105 785 3160 tciri
809 3102 875 3160 uult
893 3099 1080 3176 paenituisse
1108 3095 1164 3166 (tlt

717 3193 897 3269 penituissol:
915 3187 973 3245 ΡΜ.
1002 3184 1034 3241 ln
1053 3182 1126 3240 Harl.
1144 3203 1165 3242 r,

717 3276 794 3336 Leid.
807 3297 825 3340 r.
841 3275 919 3333 Voss.
932 3293 960 3330 rr.
979 3275 1166 3348 scriptumest

719 3384 796 3441 „quo
814 3362 971 3439 proximis“
990 3368 1043 3417 cet.
1070 3424 1077 3439 x

649 3470 692 3527 12.
718 3464 878 3536 confusum
900 3481 966 3519 eam
992 3482 1032 3519 ex
1058 3463 1169 3519 racemi

719 3571 822 3610 morou
857 3552 950 3607 animi
983 3570 1050 3607 cum
1082 3557 1168 3624 pater

716 3640 805 3715 forte
816 3640 956 3696 uidisset:
965 3637 1022 3697 ΡΜ.
1033 3638 1065 3695 ln
1078 3636 1168 3694 Oxou.

723 3727 755 3786 L.
779 3729 803 3784 1.
825 3728 964 3785 inventum
988 3736 1030 3783 est
1053 3722 1168 3794 „oonlu-

724 3834 782 3871 sam
801 3817 844 3871 itu
861 3835 894 3872 ex
912 3817 1036 3874 recenti‘-‘
1053 3821 1104 3869 cet.
1124 3809 1167 3869 Cl.

723 3899 1169 3970 6‚6.:Camillusoonlnsnsnnimo

724 3993 822 4066 gratias
840 3994 901 4066 egit.
920 4021 953 4032 -
974 3985 1045 4056 „Als
1063 3987 1104 4041 aie
1122 3985 1170 4042 der

725 4077 808 4137 Vater
825 4079 889 4137 lrurz
904 4076 972 4135 nach
985 4074 1074 4132 dieser
1083 4073 1170 4132 ihrem
