2618 4590
115 186 121 195 ’
171 225 212 292 rs
614 231 809 316 ¹rariteuu.

151 401 212 470 ¹tia
235 388 377 470 eranceri
405 409 473 465 tum
502 405 568 464 tota
595 395 689 462 simul
723 419 892 492 exsurgere
921 397 1069 485 aedificiis
1097 412 1131 467 et
1156 423 1191 468 re
1214 426 1270 493 pu-

169 507 254 574 blica
273 496 420 596 inpensas
442 500 608 569 adiuvante
631 511 664 568 et
685 501 839 570 aedilibus
854 503 944 571 velut
965 503 1131 594 publicum
1146 506 1280 596 exigen·

169 611 254 680 tibus
277 633 357 701 opus
380 605 507 696 stipsis
529 603 659 696 privatis
682 607 941 677 -admonebat
968 609 1052 677 enirn
1080 610 1273 681 desiderium

56 744 62 761 r
171 740 249 784 risus
270 710 553 780 —festinantibus
576 708 617 775 ad
645 709 794 779 ellectum
824 712 943 802 operis:
976 715 1121 806 intraque
1152 739 1272 784 arururn

140 833 253 888 unove
279 819 354 885 urbs
381 815 478 884 stetit.
522 813 620 880 Exitu
647 813 720 881 anni
747 814 875 884 coniitia
903 816 1102 887 tribunorum
1135 820 1274 889 militum

168 923 326 994 eonstdari
353 930 512 1013 potestate
540 916 661 986 habita:
695 919 791 987 creati
813 919 852 986 Τ.
877 920 1044 1006 Quinctius
1067 923 1273 993 Cincinnatus

167 1031 208 1117 Q.
236 1027 391 1115 Servilius
417 1023 552 1091 Fidenas
582 1023 727 1114 quintum
755 1021 792 1091 L.
820 1023 918 1091 Iulius
945 1025 1032 1094 Iulus
1060 1026 1097 1095 L.
1124 1027 1286 1125 Aquilius.

166 1135 292 1202 Corvus
313 1130 358 1197 L.·
373 1127 539 1215 Lucretius
561 1127 763 1219 'lbicipitinus
785 1128 856 1197 Ser.
878 1127 1038 1222 Sulpicius
1055 1132 1160 1200 Rufus
1182 1157 1271 1203 exer-

149 1227 267 1305 ⁸citum
289 1236 424 1302 alterum
444 1234 478 1309 in
491 1229 622 1324 Aequos
644 1257 709 1301 non
732 1233 772 1300 ad
794 1232 916 1299 bellum
937 1270 983 1284 —
1004 1235 1107 1303 victos
1130 1261 1288 1329 namque¹

115 1354 155 1410 ·10
170 1367 206 1411 se
229 1340 408 1413 latabantur
421 1375 465 1388 -·-
478 1337 536 1406 sed
558 1337 598 1405 ab
621 1339 694 1407 orbo
717 1338 766 1407 ad'
779 1336 1008 1430 pervastandos
1026 1340 1115 1425 sures,
1136 1342 1271 1434 nequid
1288 1346 1296 1400 ἴ

236 1541 336 1599 dilibus
345 1538 565 1618 uelutpublicnm
574 1539 680 1616 exigen-

233 1629 307 1687 tibus
334 1633 435 1706 opus“.
465 1630 587 1709 exigere
608 1627 636 1686 h.
660 1627 681 1688 Ι.

199 1726 290 1775 ,non
319 1717 511 1785 examinare,
545 1715 573 1772 id
606 1713 681 1792 quod

233 1803 371 1861 Drakenb.
390 1803 533 1860 arbitratus
551 1812 606 1869 est,
629 1802 680 1859 sed

233 1891 385 1964 impellere
399 1900 430 1948 ut
442 1911 492 1948 res
498 1892 595 1967 primo
609 1910 679 1968 puo-

211 2012 213 2017 -
234 1996 292 2051 que
309 1986 439 2051 tempore
450 1978 626 2053 perficiatur·
642 1979 680 2035 si·

226 2062 358 2134 guiduam
370 2062 426 2121 leci
436 2064 504 2120 ratio
515 2064 621 2122 videtur
631 2063 679 2122 do·

231 2170 301 2209 cere.
337 2150 438 2207 aediles
463 2152 546 2226 igitur
574 2150 679 2226 singula

231 2255 353 2313 quaeque
382 2239 558 2314 inspexerunt
587 2237 679 2295 aedili·

231 2323 408 2402 cantibusque
425 2326 589 2392 institerunt,
606 2324 681 2384 velut

230 2409 369 2486 publicum
388 2412 524 2488 quoddam
542 2430 610 2488 opus
623 2414 679 2470 exi·

231 2496 348 2573 gendum
366 2508 445 2558 esset.
463 2499 517 2556 huc
529 2501 601 2557 enim
618 2519 680 2577 per·

229 2586 313 2654 tinet,
336 2586 410 2662 quod
432 2589 463 2654 ὅ,
482 2587 526 2646 55.
548 2588 680 2662 scriptum

231 2681 284 2729 est:
304 2672 415 2748 „tegula
434 2672 542 2750 publice
559 2673 680 2751 praebita

162 2800 165 2805 .
228 2767 281 2826 est,
295 2761 355 2816 saxi
371 2762 551 2838 materiaeque
568 2760 680 2818 eaeden-

223 2843 282 2901 dae
307 2846 378 2904 unde
400 2849 515 2925 quisque
532 2847 613 2906 vellet
635 2850 680 2905 ius

222 2931 345 3002 lactum,
363 2935 527 3011 praedibus
550 2936 679 3012 ooeeptis

229 3039 264 3075 eo
280 3039 358 3077 anno
376 3022 520 3095 aedificio
529 3023 678 3096 perfeetu-

230 3111 314 3164 roe“.

175 3191 203 3252 d.
229 3193 367 3270 introque
378 3213 505 3252 aunum:
522 3193 545 3252 P
556 3214 591 3255 m.
603 3198 629 3255 2.
641 3193 677 3256 M.

228 3312 265 3337 .-—
274 3279 297 3346 P
305 3301 342 3339 m.
353 3282 392 3339 1.:
406 3282 557 3357 intraquam
567 3302 676 3341 anirum.

176 3367 205 3428 ὅ.
226 3369 315 3433 ‚exuo
326 3369 401 3425 anni
412 3367 451 3437 (P
460 3390 496 3428 m.
506 3372 534 3428 1.
548 3371 615 3439 oni)
629 3390 676 3425 eo·

230 3456 314 3510 mitio
338 3456 525 3512 tribunorum
550 3458 677 3514 militum

229 3542 382 3598 consulari
395 3552 543 3617 potestate
559 3543 676 3600 tetta.-

157 3684 163 3696 ,
189 3644 191 3649 “
227 3625 279 3684 ΡΜ
297 3625 355 3688 rell.
372 3661 407 3671 -
426 3629 447 3687 l.
458 3629 504 3689 Fr.
515 3628 602 3690 Grau.
620 3651 675 3688 ma·

215 3712 299 3781 ‚lehn
310 3717 486 3784 ‚‚eamitiis—
494 3717 627 3775 hebius‘t
640 3748 675 3758 -

175 3818 177 3824 ·
209 3801 288 3858 -P-llI:
311 3807 394 3874 creati
411 3803 443 3863 T.
461 3805 590 3878 Quintius
608 3802 674 3859 Cin·

158 3926 162 3937 ·
177 3924 182 3951 ·,
222 3890 350 3957 ‚eleustus
362 3891 398 3965 Q.
411 3890 543 3950 Seruilius
556 3887 674 3949 Fidenas

225 3979 357 4081 quintum
438 4038 441 4044 ,

157 4063 198 4122 ,7.
225 4065 259 4122 L'.
281 4064 501 4135 Ietaeletae,
531 4084 612 4145 quem
637 4062 671 4122 ad

822 1539 934 1599 modum
940 1536 1067 1616 Sigonius
1079 1540 1163 1600 scribi
1175 1540 1270 1610 voluit,

821 1637 935 1706 propter
955 1627 985 1684 id
1007 1628 1082 1706 quod
1107 1629 1137 1687 iu
1153 1625 1231 1687 heiu.
1250 1647 1269 1688 1.

821 1725 872 1784 est,
891 1735 941 1793 pro
954 1713 1021 1772 salsa
1034 1715 1128 1773 baberi
1141 1735 1197 1772 non
1209 1725 1269 1794 pot·

822 1813 872 1862 est.
894 1804 1016 1860 ibienim
1034 1804 1154 1870 „iuldus
1171 1803 1269 1863 iulus“

820 1890 970 1948 litterarum
991 1889 1134 1948 metathesi
1154 1910 1205 1969 pro
1228 1889 1269 1962 „b

822 1976 904 2035 iulius
930 1975 1026 2034 iulus⁴⁶
1048 1978 1178 2054 scriptum
1196 1979 1269 2037 vide-

825 2066 877 2123 tur.
896 2062 930 2123 el.
941 2061 972 2122 T.
982 2059 1044 2120 Livi
1056 2064 1075 2124 l.
1084 2084 1146 2124 xxx.
1158 2082 1270 2142 punt

821 2169 875 2209 rur.
899 2153 924 2208 1.
959 2148 1036 2208 lntl
1059 2151 1129 2209 nibil
1151 2163 1193 2211 est
1216 2155 1270 2212 nisi

823 2235 863 2306 ,,1.
879 2235 1000 2306 iulium,
1023 2237 1096 2296 idern
1119 2240 1149 2296 iu
1166 2238 1190 2297 P
1206 2243 1269 2310 „iu-

821 2323 881 2380 lius
898 2323 948 2394 l“‚
974 2325 1004 2382 in
1027 2325 1101 2385 Harl.
1119 2347 1137 2387 r.
1160 2327 1269 2397 „iullus

821 2409 937 2469 ullium
955 2411 1006 2483 (ef.
1024 2415 1050 2483 4,
1068 2415 1136 2484 56.).
1163 2415 1269 2473 Diodo-

822 2516 869 2566 rus
882 2498 925 2568 15,
936 2501 995 2558 tu:
1012 2498 1269 2570 Ardews'lodbsoe.

768 2629 795 2688 7.
820 2629 855 2689 L.
873 2629 1016 2706 Aquilius
1034 2632 1152 2691 Coruus
1163 2634 1199 2694 L.
1210 2634 1269 2692 Lu·

821 2719 931 2775 cretius
964 2720 1170 2793 Tricipitinus:
1200 2720 1267 2795 PM]

820 2803 853 2864 L.
865 2803 1001 2881 Aquillius
1019 2815 1070 2867 cet.
1089 2805 1133 2868 Cf.
1150 2810 1178 2880 i,
1195 2810 1223 2868 4.
1240 2816 1268 2866 et

820 2891 904 2952 Diod.
922 2891 941 2954 l.
959 2892 978 2953 l.
1200 2893 1208 2907 ‘

766 3025 793 3083 8.
820 3022 948 3082 Seruius
982 3023 1135 3101 Sulpicius
1162 3022 1269 3097 Rufus

819 3109 993 3168 scribendum
1010 3121 1075 3183 erat,
1095 3113 1219 3189 quamvis
1236 3115 1267 3170 in

819 3194 870 3252 Pul
893 3197 1041 3265 „seruilius
1061 3198 1217 3276 sulpicius“
1240 3209 1268 3256 et

819 3281 895 3359 apud
904 3283 988 3344 Diod.
1007 3288 1051 3354 15,
1070 3283 1268 3364 13.,,Σερουΐ·

818 3379 879 3436 λιος
892 3371 1086 3439 Σουλαῖκιος“
1104 3385 1186 3444 esset,
1203 3395 1268 3434 cum

817 3460 961 3516 seruilius
972 3479 1028 3516 nnn
1040 3480 1204 3534 praenomen
1215 3462 1267 3520 sed

816 3555 923 3620 gentem
957 3547 1128 3623 significaret.
1180 3548 1266 3608 simili

816 3631 915 3689 mendo
933 3636 1017 3703 5‚29.
1029 3637 1058 3693 in
1068 3635 1120 3694 Pu
1137 3639 1267 3714 „sergius
1294 3650 1299 3659 '

756 3773 759 3778 .
816 3716 973 3797 sulpicius“
996 3726 1127 3800 seriptum
1147 3734 1197 3783 est.
1229 3725 1264 3784 ef.

815 3826 923 3884 qunque
941 3812 966 3878 2,
981 3811 1023 3869 19.
1052 3810 1123 3867 Aliis
1140 3831 1205 3870 vero
1223 3812 1265 3869 lo·

815 3896 855 3952 eis
873 3905 903 3952 ut
915 3899 942 3965 3,
953 3900 979 3955 7.
1000 3900 1042 3956 10.
1060 3900 1088 3967 5,
1104 3901 1149 3958 32.
1162 3901 1265 3960 iustum

813 4001 911 4043 nomen
924 3984 1052 4051 „seruies
1064 3985 1195 4062 stdpicius
1203 3994 1221 4022 “
1234 3991 1264 4048 iu

812 4065 864 4128 eu
879 4071 1021 4146 reperitur.
