<?xml version="1.0" encoding="UTF-8"?>
<!DOCTYPE html PUBLIC "-//W3C//DTD XHTML 1.0 Transitional//EN"
    "http://www.w3.org/TR/xhtml1/DTD/xhtml1-transitional.dtd">
<html xmlns="http://www.w3.org/1999/xhtml" xml:lang="en" lang="en">
 <head>
  <title>
</title>
<meta http-equiv="Content-Type" content="text/html;charset=utf-8" />
  <meta name='ocr-system' content='tesseract 3.04.00' />
  <meta name='ocr-capabilities' content='ocr_page ocr_carea ocr_par ocr_line ocrx_word'/>
</head>
<body>
  <div class='ocr_page' id='page_1' title='image "./titilivirerumro01alscgoog_0110.png"; bbox 0 0 2618 4590; ppageno 0'>
   <div class='ocr_carea' id='block_1_1' title="bbox 534 288 1171 401">
    <p class='ocr_par' dir='ltr' id='par_1_1' title="bbox 534 288 1171 401">
     <span class='ocr_line' id='line_1_1' title="bbox 534 288 1171 401; baseline 0.003 -38"><span class='ocrx_word' id='word_1_1' title='bbox 534 302 706 365; x_wconf 81' lang='lat' dir='ltr'><strong>uuuru</strong></span> <span class='ocrx_word' id='word_1_2' title='bbox 1126 288 1171 401; x_wconf 57' lang='lat'><strong>93</strong></span> 
     </span>
    </p>
   </div>
   <div class='ocr_carea' id='block_1_2' title="bbox 63 462 1250 1396">
    <p class='ocr_par' dir='ltr' id='par_1_2' title="bbox 63 462 1250 1396">
     <span class='ocr_line' id='line_1_2' title="bbox 68 462 1169 560; baseline 0.001 -26"><span class='ocrx_word' id='word_1_3' title='bbox 68 479 132 552; x_wconf 84' lang='lat' dir='ltr'><strong>tra,</strong></span> <span class='ocrx_word' id='word_1_4' title='bbox 160 468 356 560; x_wconf 86' lang='lat' dir='ltr'><strong>ubicumque</strong></span> <span class='ocrx_word' id='word_1_5' title='bbox 378 477 465 535; x_wconf 85' lang='lat' dir='ltr'><strong>esset</strong></span> <span class='ocrx_word' id='word_1_6' title='bbox 488 462 617 534; x_wconf 80' lang='lat' dir='ltr'><strong>Latinus</strong></span> <span class='ocrx_word' id='word_1_7' title='bbox 644 464 762 549; x_wconf 79' lang='lat' dir='ltr'><strong>hostis,</strong></span> <span class='ocrx_word' id='word_1_8' title='bbox 794 465 869 534; x_wconf 85' lang='lat' dir='ltr'><strong>satis</strong></span> <span class='ocrx_word' id='word_1_9' title='bbox 897 467 977 535; x_wconf 87' lang='lat' dir='ltr'><strong>seire</strong></span> <span class='ocrx_word' id='word_1_10' title='bbox 999 490 1074 557; x_wconf 77' lang='lat' dir='ltr'><strong>epm</strong></span> <span class='ocrx_word' id='word_1_11' title='bbox 1096 488 1169 535; x_wconf 80' lang='lat' dir='ltr'><strong>esse</strong></span> 
     </span>
     <span class='ocr_line' id='line_1_3' title="bbox 68 570 1168 663; baseline 0 -23"><span class='ocrx_word' id='word_1_12' title='bbox 68 596 167 662; x_wconf 86' lang='lat' dir='ltr'><strong>quem</strong></span> <span class='ocrx_word' id='word_1_13' title='bbox 189 573 230 639; x_wconf 87' lang='lat' dir='ltr'><strong>ad</strong></span> <span class='ocrx_word' id='word_1_14' title='bbox 251 571 412 662; x_wconf 81' lang='lat' dir='ltr'>Regillum</span> <span class='ocrx_word' id='word_1_15' title='bbox 431 571 538 639; x_wconf 89' lang='lat' dir='ltr'><strong>lacum</strong></span> <span class='ocrx_word' id='word_1_16' title='bbox 560 570 722 639; x_wconf 87' lang='lat' dir='ltr'><strong>devictum</strong></span> <span class='ocrx_word' id='word_1_17' title='bbox 750 581 880 638; x_wconf 85' lang='lat' dir='ltr'><strong>centum</strong></span> <span class='ocrx_word' id='word_1_18' title='bbox 906 594 1168 663; x_wconf 68' lang='lat' dir='ltr'><strong>annommpacc</strong></span> 
     </span>
     <span class='ocr_line' id='line_1_4' title="bbox 68 674 1168 765; baseline 0.002 -22"><span class='ocrx_word' id='word_1_19' title='bbox 68 677 210 745; x_wconf 87' lang='lat' dir='ltr'><strong>obnoxia</strong></span> <span class='ocrx_word' id='word_1_20' title='bbox 232 676 400 744; x_wconf 83' lang='lat' dir='ltr'><strong>tenuerint.</strong></span> <span class='ocrx_word' id='word_1_21' title='bbox 436 675 545 743; x_wconf 88' lang='lat' dir='ltr'><strong>locum</strong></span> <span class='ocrx_word' id='word_1_22' title='bbox 560 675 723 765; x_wconf 80' lang='lat' dir='ltr'><strong>insignem</strong></span> <span class='ocrx_word' id='word_1_23' title='bbox 737 675 891 742; x_wconf 90' lang='lat' dir='ltr'><strong>memoria</strong></span> <span class='ocrx_word' id='word_1_24' title='bbox 913 674 1011 742; x_wconf 86' lang='lat' dir='ltr'><strong>cladis</strong></span> <span class='ocrx_word' id='word_1_25' title='bbox 1031 676 1168 745; x_wconf 86' lang='lat' dir='ltr'><strong>imitatu·</strong></span> 
     </span>
     <span class='ocr_line' id='line_1_5' title="bbox 66 778 1169 872; baseline 0.001 -25"><span class='ocrx_word' id='word_1_26' title='bbox 66 805 142 847; x_wconf 90' lang='lat' dir='ltr'><strong>rum</strong></span> <span class='ocrx_word' id='word_1_27' title='bbox 164 804 199 848; x_wconf 89' lang='lat' dir='ltr'><strong>sc</strong></span> <span class='ocrx_word' id='word_1_28' title='bbox 220 781 326 872; x_wconf 87' lang='lat' dir='ltr'><strong>potius</strong></span> <span class='ocrx_word' id='word_1_29' title='bbox 347 781 388 848; x_wconf 87' lang='lat' dir='ltr'><strong>ad</strong></span> <span class='ocrx_word' id='word_1_30' title='bbox 409 780 578 847; x_wconf 83' lang='lat' dir='ltr'><strong>delendam</strong></span> <span class='ocrx_word' id='word_1_31' title='bbox 598 780 788 847; x_wconf 81' lang='lat' dir='ltr'>memoriam</span> <span class='ocrx_word' id='word_1_32' title='bbox 807 778 986 862; x_wconf 87' lang='lat' dir='ltr'><strong>dedecoris,</strong></span> <span class='ocrx_word' id='word_1_33' title='bbox 1015 803 1111 869; x_wconf 75' lang='lat' dir='ltr'><strong>quam</strong></span> <span class='ocrx_word' id='word_1_34' title='bbox 1131 792 1169 848; x_wconf 89' lang='lat' dir='ltr'><strong>ut</strong></span> 
     </span>
     <span class='ocr_line' id='line_1_6' title="bbox 66 883 1250 975; baseline 0.001 -24"><span class='ocrx_word' id='word_1_35' title='bbox 66 886 217 952; x_wconf 88' lang='lat' dir='ltr'><strong>timorem</strong></span> <span class='ocrx_word' id='word_1_36' title='bbox 238 885 393 952; x_wconf 81' lang='lat' dir='ltr'><strong>facietne</strong></span> <span class='ocrx_word' id='word_1_37' title='bbox 415 908 480 975; x_wconf 87' lang='lat' dir='ltr'><strong>qua</strong></span> <span class='ocrx_word' id='word_1_38' title='bbox 500 896 584 952; x_wconf 87' lang='lat' dir='ltr'><strong>terra</strong></span> <span class='ocrx_word' id='word_1_39' title='bbox 606 884 647 952; x_wconf 88' lang='lat' dir='ltr'><strong>sit</strong></span> <span class='ocrx_word' id='word_1_40' title='bbox 667 883 790 951; x_wconf 84' lang='lat' dir='ltr'><strong>nefasta</strong></span> <span class='ocrx_word' id='word_1_41' title='bbox 805 883 955 951; x_wconf 87' lang='lat' dir='ltr'><strong>victoriae</strong></span> <span class='ocrx_word' id='word_1_42' title='bbox 971 906 1060 950; x_wconf 85' lang='lat' dir='ltr'><strong>suae.</strong></span> <span class='ocrx_word' id='word_1_43' title='bbox 1094 884 1204 974; x_wconf 69' lang='lat' dir='ltr'><strong>quius</strong></span> <span class='ocrx_word' id='word_1_44' title='bbox 1243 960 1250 975; x_wconf 33' lang='grc'>1</span> 
     </span>
     <span class='ocr_line' id='line_1_7' title="bbox 67 987 1171 1078; baseline -0.001 -23"><span class='ocrx_word' id='word_1_45' title='bbox 67 987 129 1076; x_wconf 90' lang='lat' dir='ltr'><strong>ipsi</strong></span> <span class='ocrx_word' id='word_1_46' title='bbox 151 989 209 1055; x_wconf 91' lang='lat' dir='ltr'><strong>sibi</strong></span> <span class='ocrx_word' id='word_1_47' title='bbox 231 988 313 1055; x_wconf 87' lang='lat' dir='ltr'><strong>Galli</strong></span> <span class='ocrx_word' id='word_1_48' title='bbox 338 988 367 1055; x_wconf 93' lang='lat' dir='ltr'><strong>si</strong></span> <span class='ocrx_word' id='word_1_49' title='bbox 389 989 561 1057; x_wconf 81' lang='lat' dir='ltr'><strong>offerantur</strong></span> <span class='ocrx_word' id='word_1_50' title='bbox 587 988 643 1055; x_wconf 88' lang='lat' dir='ltr'><strong>illo</strong></span> <span class='ocrx_word' id='word_1_51' title='bbox 672 988 762 1070; x_wconf 89' lang='lat' dir='ltr'><strong>loco,</strong></span> <span class='ocrx_word' id='word_1_52' title='bbox 789 988 890 1055; x_wconf 85' lang='lat' dir='ltr'><strong>scita</strong></span> <span class='ocrx_word' id='word_1_53' title='bbox 912 999 1111 1078; x_wconf 80' lang='lat' dir='ltr'><strong>pugnaturos</strong></span> <span class='ocrx_word' id='word_1_54' title='bbox 1134 998 1171 1054; x_wconf 89' lang='lat' dir='ltr'><strong>ut</strong></span> 
     </span>
     <span class='ocr_line' id='line_1_8' title="bbox 64 1090 1181 1187; baseline -0.001 -29"><span class='ocrx_word' id='word_1_55' title='bbox 64 1090 189 1158; x_wconf 84' lang='lat' dir='ltr'><strong>Romae</strong></span> <span class='ocrx_word' id='word_1_56' title='bbox 209 1092 420 1187; x_wconf 83' lang='lat' dir='ltr'><strong>pugnaverint</strong></span> <span class='ocrx_word' id='word_1_57' title='bbox 439 1093 473 1160; x_wconf 93' lang='lat' dir='ltr'><strong>in</strong></span> <span class='ocrx_word' id='word_1_58' title='bbox 494 1093 668 1183; x_wconf 85' lang='lat' dir='ltr'><strong>repetenda</strong></span> <span class='ocrx_word' id='word_1_59' title='bbox 695 1093 809 1183; x_wconf 87' lang='lat' dir='ltr'><strong>patria,</strong></span> <span class='ocrx_word' id='word_1_60' title='bbox 838 1103 875 1159; x_wconf 89' lang='lat' dir='ltr'><strong>ut</strong></span> <span class='ocrx_word' id='word_1_61' title='bbox 894 1103 1026 1182; x_wconf 92' lang='lat' dir='ltr'><strong>postero</strong></span> <span class='ocrx_word' id='word_1_62' title='bbox 1055 1091 1106 1158; x_wconf 88' lang='lat' dir='ltr'><strong>die</strong></span> <span class='ocrx_word' id='word_1_63' title='bbox 1129 1091 1181 1167; x_wconf 32' lang='lat' dir='ltr'><strong>ad.</strong></span> 
     </span>
     <span class='ocr_line' id='line_1_9' title="bbox 65 1195 1169 1296; baseline 0.002 -35"><span class='ocrx_word' id='word_1_64' title='bbox 65 1195 194 1280; x_wconf 80' lang='lat' dir='ltr'><strong>Gabios,</strong></span> <span class='ocrx_word' id='word_1_65' title='bbox 214 1207 292 1266; x_wconf 87' lang='lat' dir='ltr'><strong>tunc</strong></span> <span class='ocrx_word' id='word_1_66' title='bbox 314 1222 389 1265; x_wconf 90' lang='lat' dir='ltr'><strong>cum</strong></span> <span class='ocrx_word' id='word_1_67' title='bbox 411 1198 574 1266; x_wconf 86' lang='lat' dir='ltr'><strong>effecerint</strong></span> <span class='ocrx_word' id='word_1_68' title='bbox 593 1222 636 1266; x_wconf 85' lang='lat' dir='ltr'><strong>ne</strong></span> <span class='ocrx_word' id='word_1_69' title='bbox 658 1200 729 1288; x_wconf 88' lang='lat' dir='ltr'><strong>quis</strong></span> <span class='ocrx_word' id='word_1_70' title='bbox 750 1197 862 1281; x_wconf 87' lang='lat' dir='ltr'><strong>hostis,</strong></span> <span class='ocrx_word' id='word_1_71' title='bbox 884 1197 940 1288; x_wconf 90' lang='lat' dir='ltr'><strong>qui</strong></span> <span class='ocrx_word' id='word_1_72' title='bbox 955 1195 1085 1265; x_wconf 87' lang='lat' dir='ltr'><strong>moenia</strong></span> <span class='ocrx_word' id='word_1_73' title='bbox 1106 1195 1169 1296; x_wconf 74' lang='lat' dir='ltr'><strong>Rp·</strong></span> 
     </span>
     <span class='ocr_line' id='line_1_10' title="bbox 63 1301 1169 1396; baseline 0.003 -32"><span class='ocrx_word' id='word_1_74' title='bbox 63 1322 159 1367; x_wconf 80' lang='lat' dir='ltr'><strong>mana</strong></span> <span class='ocrx_word' id='word_1_75' title='bbox 178 1301 335 1387; x_wconf 77' lang='lat' dir='ltr'><strong>intrasset,</strong></span> <span class='ocrx_word' id='word_1_76' title='bbox 356 1302 504 1370; x_wconf 87' lang='lat' dir='ltr'><strong>nuntium</strong></span> <span class='ocrx_word' id='word_1_77' title='bbox 524 1303 686 1370; x_wconf 85' lang='lat' dir='ltr'><strong>secundae</strong></span> <span class='ocrx_word' id='word_1_78' title='bbox 708 1305 924 1396; x_wconf 87' lang='lat' dir='ltr'><strong>adversaeque</strong></span> <span class='ocrx_word' id='word_1_79' title='bbox 944 1301 1091 1370; x_wconf 80' lang='lat' dir='ltr'><strong>fortunae</strong></span> <span class='ocrx_word' id='word_1_80' title='bbox 1113 1301 1169 1367; x_wconf 85' lang='lat' dir='ltr'><strong>do·</strong></span> 
     </span>
    </p>
   </div>
   <div class='ocr_carea' id='block_1_3' title="bbox 63 1407 340 1496">
    <p class='ocr_par' dir='ltr' id='par_1_3' title="bbox 63 1407 340 1496">
     <span class='ocr_line' id='line_1_11' title="bbox 63 1407 340 1496; baseline 0.022 -27"><span class='ocrx_word' id='word_1_81' title='bbox 63 1426 155 1470; x_wconf 92' lang='lat' dir='ltr'><strong>mum</strong></span> <span class='ocrx_word' id='word_1_82' title='bbox 176 1407 340 1496; x_wconf 84' lang='lat' dir='ltr'><strong>perferret.</strong></span> 
     </span>
    </p>
   </div>
   <div class='ocr_carea' id='block_1_4' title="bbox 61 1508 1170 1814">
    <p class='ocr_par' dir='ltr' id='par_1_4' title="bbox 61 1508 1170 1814">
     <span class='ocr_line' id='line_1_12' title="bbox 152 1508 1169 1605; baseline 0.002 -29"><span class='ocrx_word' id='word_1_83' title='bbox 152 1508 272 1578; x_wconf 86' lang='lat' dir='ltr'><strong>XXIX.</strong></span> <span class='ocrx_word' id='word_1_84' title='bbox 314 1511 373 1579; x_wconf 91' lang='lat' dir='ltr'><strong>His</strong></span> <span class='ocrx_word' id='word_1_85' title='bbox 406 1512 566 1605; x_wconf 79' lang='lat' dir='ltr'><strong>utrimque</strong></span> <span class='ocrx_word' id='word_1_86' title='bbox 601 1513 714 1582; x_wconf 84' lang='lat' dir='ltr'><strong>animis</strong></span> <span class='ocrx_word' id='word_1_87' title='bbox 748 1514 789 1580; x_wconf 83' lang='lat' dir='ltr'><strong>cd</strong></span> <span class='ocrx_word' id='word_1_88' title='bbox 816 1512 921 1582; x_wconf 87' lang='lat' dir='ltr'><strong>Aliam</strong></span> <span class='ocrx_word' id='word_1_89' title='bbox 950 1523 1082 1581; x_wconf 86' lang='lat' dir='ltr'><strong>ventum</strong></span> <span class='ocrx_word' id='word_1_90' title='bbox 1110 1520 1169 1580; x_wconf 82' lang='lat' dir='ltr'><strong>est</strong></span> 
     </span>
     <span class='ocr_line' id='line_1_13' title="bbox 63 1612 1169 1708; baseline 0.003 -30"><span class='ocrx_word' id='word_1_91' title='bbox 63 1612 199 1682; x_wconf 82' lang='lat' dir='ltr'><strong>dictator</strong></span> <span class='ocrx_word' id='word_1_92' title='bbox 220 1614 400 1700; x_wconf 82' lang='lat' dir='ltr'><strong>Romanus,</strong></span> <span class='ocrx_word' id='word_1_93' title='bbox 431 1630 606 1708; x_wconf 86' lang='lat' dir='ltr'><strong>postquam</strong></span> <span class='ocrx_word' id='word_1_94' title='bbox 627 1619 662 1684; x_wconf 92' lang='lat' dir='ltr'><strong>in</strong></span> <span class='ocrx_word' id='word_1_95' title='bbox 683 1628 859 1707; x_wconf 86' lang='lat' dir='ltr'><strong>conspectu</strong></span> <span class='ocrx_word' id='word_1_96' title='bbox 880 1618 990 1684; x_wconf 91' lang='lat' dir='ltr'><strong>hostes</strong></span> <span class='ocrx_word' id='word_1_97' title='bbox 1014 1627 1105 1684; x_wconf 88' lang='lat' dir='ltr'><strong>erant</strong></span> <span class='ocrx_word' id='word_1_98' title='bbox 1124 1615 1169 1681; x_wconf 90' lang='lat' dir='ltr'><strong>iu·</strong></span> 
     </span>
     <span class='ocr_line' id='line_1_14' title="bbox 61 1718 1170 1814; baseline 0.002 -31"><span class='ocrx_word' id='word_1_99' title='bbox 61 1719 177 1784; x_wconf 82' lang='lat' dir='ltr'><strong>structi</strong></span> <span class='ocrx_word' id='word_1_100' title='bbox 198 1718 388 1810; x_wconf 83' lang='lat' dir='ltr'><strong>intentique,</strong></span> <span class='ocrx_word' id='word_1_101' title='bbox 416 1723 571 1804; x_wconf 87' lang='lat' dir='ltr'><strong>„videsne</strong></span> <span class='ocrx_word' id='word_1_102' title='bbox 593 1727 655 1790; x_wconf 84' lang='lat' dir='ltr'><strong>tu“</strong></span> <span class='ocrx_word' id='word_1_103' title='bbox 679 1722 784 1814; x_wconf 89' lang='lat' dir='ltr'><strong>inquit</strong></span> <span class='ocrx_word' id='word_1_104' title='bbox 803 1722 869 1806; x_wconf 82' lang='lat' dir='ltr'><strong>„A.</strong></span> <span class='ocrx_word' id='word_1_105' title='bbox 892 1721 1079 1811; x_wconf 87' lang='lat' dir='ltr'><strong>Semproni,</strong></span> <span class='ocrx_word' id='word_1_106' title='bbox 1105 1719 1170 1785; x_wconf 85' lang='lat' dir='ltr'><strong>loci</strong></span> 
     </span>
    </p>
   </div>
   <div class='ocr_carea' id='block_1_5' title="bbox 31 1945 585 3848">
    <p class='ocr_par' dir='ltr' id='par_1_5' title="bbox 134 1945 583 2114">
     <span class='ocr_line' id='line_1_15' title="bbox 135 1945 583 2024; baseline 0.013 -24"><span class='ocrx_word' id='word_1_107' title='bbox 135 1955 272 2024; x_wconf 85' lang='lat' dir='ltr'><strong>acceptam</strong></span> <span class='ocrx_word' id='word_1_108' title='bbox 278 1951 303 2006; x_wconf 86' lang='lat'><strong>“.</strong></span> <span class='ocrx_word' id='word_1_109' title='bbox 313 1979 348 1991; x_wconf 87' lang='lat'>-</span> <span class='ocrx_word' id='word_1_110' title='bbox 358 1945 439 2006; x_wconf 78' lang='lat' dir='ltr'><strong>Pace</strong></span> <span class='ocrx_word' id='word_1_111' title='bbox 451 1949 583 2006; x_wconf 77' lang='lat' dir='ltr'><strong>obnoxio</strong></span> 
     </span>
     <span class='ocr_line' id='line_1_16' title="bbox 134 2031 583 2114; baseline 0.013 -26"><span class='ocrx_word' id='word_1_112' title='bbox 134 2031 208 2103; x_wconf 83' lang='lat' dir='ltr'><strong>(PM)</strong></span> <span class='ocrx_word' id='word_1_113' title='bbox 221 2033 317 2091; x_wconf 74' lang='lat' dir='ltr'><strong>sertim</strong></span> <span class='ocrx_word' id='word_1_114' title='bbox 330 2035 485 2092; x_wconf 85' lang='lat' dir='ltr'><strong>dictumest</strong></span> <span class='ocrx_word' id='word_1_115' title='bbox 502 2056 583 2114; x_wconf 84' lang='lat' dir='ltr'><strong>quam</strong></span> 
     </span>
    </p>

    <p class='ocr_par' dir='ltr' id='par_1_6' title="bbox 93 2122 582 2194">
     <span class='ocr_line' id='line_1_17' title="bbox 93 2122 582 2194; baseline 0.012 -21"><span class='ocrx_word' id='word_1_116' title='bbox 93 2142 103 2154; x_wconf 93' lang='lat'>·</span> <span class='ocrx_word' id='word_1_117' title='bbox 131 2139 207 2194; x_wconf 80' lang='lat' dir='ltr'><strong>pace</strong></span> <span class='ocrx_word' id='word_1_118' title='bbox 242 2122 388 2178; x_wconf 76' lang='lat' dir='ltr'><strong>obnoxios</strong></span> <span class='ocrx_word' id='word_1_119' title='bbox 426 2126 582 2191; x_wconf 79' lang='lat' dir='ltr'><strong>tenuerint,</strong></span> 
     </span>
    </p>

    <p class='ocr_par' dir='ltr' id='par_1_7' title="bbox 31 2208 581 2625">
     <span class='ocr_line' id='line_1_18' title="bbox 31 2208 581 2284; baseline 0.013 -25"><span class='ocrx_word' id='word_1_120' title='bbox 31 2208 33 2211; x_wconf 77' lang='grc'>’</span> <span class='ocrx_word' id='word_1_121' title='bbox 134 2225 196 2261; x_wconf 90' lang='lat' dir='ltr'><strong>cum</strong></span> <span class='ocrx_word' id='word_1_122' title='bbox 214 2226 244 2262; x_wconf 88' lang='lat' dir='ltr'><strong>ea</strong></span> <span class='ocrx_word' id='word_1_123' title='bbox 263 2228 296 2263; x_wconf 87' lang='lat' dir='ltr'><strong>cx</strong></span> <span class='ocrx_word' id='word_1_124' title='bbox 312 2208 364 2264; x_wconf 90' lang='lat' dir='ltr'><strong>boc</strong></span> <span class='ocrx_word' id='word_1_125' title='bbox 380 2229 434 2284; x_wconf 86' lang='lat' dir='ltr'><strong>pax</strong></span> <span class='ocrx_word' id='word_1_126' title='bbox 456 2212 522 2266; x_wconf 85' lang='lat' dir='ltr'><strong>inita</strong></span> <span class='ocrx_word' id='word_1_127' title='bbox 541 2212 581 2266; x_wconf 84' lang='lat' dir='ltr'><strong>ri·</strong></span> 
     </span>
     <span class='ocr_line' id='line_1_19' title="bbox 135 2291 580 2370; baseline 0.007 -21"><span class='ocrx_word' id='word_1_128' title='bbox 135 2291 243 2361; x_wconf 74' lang='lat' dir='ltr'><strong>deutur,</strong></span> <span class='ocrx_word' id='word_1_129' title='bbox 266 2315 317 2370; x_wconf 86' lang='lat' dir='ltr'><strong>qua</strong></span> <span class='ocrx_word' id='word_1_130' title='bbox 336 2314 366 2351; x_wconf 88' lang='lat' dir='ltr'><strong>se</strong></span> <span class='ocrx_word' id='word_1_131' title='bbox 383 2294 473 2353; x_wconf 87' lang='lat' dir='ltr'><strong>Latini</strong></span> <span class='ocrx_word' id='word_1_132' title='bbox 491 2296 580 2353; x_wconf 84' lang='lat' dir='ltr'><strong>subic-</strong></span> 
     </span>
     <span class='ocr_line' id='line_1_20' title="bbox 134 2372 581 2461; baseline 0.011 -26"><span class='ocrx_word' id='word_1_133' title='bbox 134 2390 193 2436; x_wconf 84' lang='lat' dir='ltr'><strong>ctos</strong></span> <span class='ocrx_word' id='word_1_134' title='bbox 211 2391 290 2458; x_wconf 85' lang='lat' dir='ltr'><strong>atquc</strong></span> <span class='ocrx_word' id='word_1_135' title='bbox 313 2383 444 2440; x_wconf 85' lang='lat' dir='ltr'><strong>obnoxios</strong></span> <span class='ocrx_word' id='word_1_136' title='bbox 465 2372 581 2461; x_wconf 85' lang='lat' dir='ltr'><strong>imperio</strong></span> 
     </span>
     <span class='ocr_line' id='line_1_21' title="bbox 132 2466 580 2532; baseline 0.013 -9"><span class='ocrx_word' id='word_1_137' title='bbox 132 2466 580 2532; x_wconf 76' lang='lat' dir='ltr'><strong>Romanorumbabercdebuerint.</strong></span> 
     </span>
     <span class='ocr_line' id='line_1_22' title="bbox 134 2553 501 2625; baseline 0.027 -14"><span class='ocrx_word' id='word_1_138' title='bbox 134 2553 179 2614; x_wconf 79' lang='lat' dir='ltr'><strong>Cf.</strong></span> <span class='ocrx_word' id='word_1_139' title='bbox 196 2557 223 2625; x_wconf 88' lang='lat'><strong>6,</strong></span> <span class='ocrx_word' id='word_1_140' title='bbox 241 2559 267 2614; x_wconf 75' lang='lat'><strong>2.</strong></span> <span class='ocrx_word' id='word_1_141' title='bbox 497 2616 501 2621; x_wconf 92' lang='lat'>.</span> 
     </span>
    </p>

    <p class='ocr_par' dir='ltr' id='par_1_8' title="bbox 76 2642 582 2703">
     <span class='ocr_line' id='line_1_23' title="bbox 76 2642 582 2703; baseline 0.008 -6"><span class='ocrx_word' id='word_1_142' title='bbox 76 2642 107 2700; x_wconf 74' lang='grc'><strong>1.</strong></span> <span class='ocrx_word' id='word_1_143' title='bbox 134 2642 178 2697; x_wconf 83' lang='lat' dir='ltr'><strong>ad</strong></span> <span class='ocrx_word' id='word_1_144' title='bbox 211 2643 371 2700; x_wconf 82' lang='lat' dir='ltr'><strong>delendam</strong></span> <span class='ocrx_word' id='word_1_145' title='bbox 409 2646 582 2703; x_wconf 79' lang='lat' dir='ltr'><strong>memorium</strong></span> 
     </span>
    </p>

    <p class='ocr_par' dir='ltr' id='par_1_9' title="bbox 103 2729 581 2962">
     <span class='ocr_line' id='line_1_24' title="bbox 103 2729 581 2811; baseline 0.008 -26"><span class='ocrx_word' id='word_1_146' title='bbox 103 2798 112 2811; x_wconf 78' lang='lat'>.</span> <span class='ocrx_word' id='word_1_147' title='bbox 134 2729 307 2786; x_wconf 79' lang='lat' dir='ltr'><strong>dedecoris:</strong></span> <span class='ocrx_word' id='word_1_148' title='bbox 324 2730 359 2788; x_wconf 84' lang='lat' dir='ltr'><strong>tl.</strong></span> <span class='ocrx_word' id='word_1_149' title='bbox 376 2762 410 2772; x_wconf 93' lang='lat'><em>-</em></span> <span class='ocrx_word' id='word_1_150' title='bbox 430 2732 463 2789; x_wconf 83' lang='lat' dir='ltr'><strong>P:</strong></span> <span class='ocrx_word' id='word_1_151' title='bbox 482 2732 516 2788; x_wconf 85' lang='lat' dir='ltr'><strong>ad</strong></span> <span class='ocrx_word' id='word_1_152' title='bbox 535 2730 581 2789; x_wconf 79' lang='lat' dir='ltr'><strong>de·</strong></span> 
     </span>
     <span class='ocr_line' id='line_1_25' title="bbox 134 2812 581 2875; baseline 0.004 -4"><span class='ocrx_word' id='word_1_153' title='bbox 134 2812 244 2873; x_wconf 83' lang='lat' dir='ltr'><strong>leudam</strong></span> <span class='ocrx_word' id='word_1_154' title='bbox 256 2819 412 2873; x_wconf 84' lang='lat' dir='ltr'><strong>memoriam</strong></span> <span class='ocrx_word' id='word_1_155' title='bbox 424 2818 522 2875; x_wconf 79' lang='lat' dir='ltr'><strong>cladis</strong></span> <span class='ocrx_word' id='word_1_156' title='bbox 535 2819 581 2874; x_wconf 81' lang='lat' dir='ltr'><strong>dc·</strong></span> 
     </span>
     <span class='ocr_line' id='line_1_26' title="bbox 134 2902 250 2962; baseline 0.026 -3"><span class='ocrx_word' id='word_1_157' title='bbox 134 2902 250 2962; x_wconf 83' lang='lat' dir='ltr'><strong>decoris.</strong></span> 
     </span>
    </p>

    <p class='ocr_par' dir='ltr' id='par_1_10' title="bbox 77 2984 585 3848">
     <span class='ocr_line' id='line_1_27' title="bbox 77 2984 582 3067; baseline 0.002 -21"><span class='ocrx_word' id='word_1_158' title='bbox 77 2990 108 3051; x_wconf 78' lang='lat'><strong>5.</strong></span> <span class='ocrx_word' id='word_1_159' title='bbox 134 2984 172 3046; x_wconf 70' lang='lat' dir='ltr'><strong>&#39;ne</strong></span> <span class='ocrx_word' id='word_1_160' title='bbox 185 3010 245 3067; x_wconf 82' lang='lat' dir='ltr'><strong>qua</strong></span> <span class='ocrx_word' id='word_1_161' title='bbox 256 3000 339 3048; x_wconf 83' lang='lat' dir='ltr'><strong>terra</strong></span> <span class='ocrx_word' id='word_1_162' title='bbox 353 2994 393 3049; x_wconf 80' lang='lat' dir='ltr'><strong>cit</strong></span> <span class='ocrx_word' id='word_1_163' title='bbox 404 2991 527 3063; x_wconf 77' lang='lat' dir='ltr'><strong>nefasta</strong></span> <span class='ocrx_word' id='word_1_164' title='bbox 540 2992 582 3047; x_wconf 83' lang='lat' dir='ltr'><strong>ui·</strong></span> 
     </span>
     <span class='ocr_line' id='line_1_28' title="bbox 132 3078 582 3147; baseline 0.004 -14"><span class='ocrx_word' id='word_1_165' title='bbox 132 3080 245 3134; x_wconf 82' lang='lat' dir='ltr'><strong>ctoriae</strong></span> <span class='ocrx_word' id='word_1_166' title='bbox 262 3099 352 3135; x_wconf 74' lang='lat' dir='ltr'><strong>suae:</strong></span> <span class='ocrx_word' id='word_1_167' title='bbox 371 3078 433 3136; x_wconf 84' lang='lat' dir='ltr'><strong>PM:</strong></span> <span class='ocrx_word' id='word_1_168' title='bbox 451 3079 537 3147; x_wconf 76' lang='lat' dir='ltr'><strong>„dam</strong></span> <span class='ocrx_word' id='word_1_169' title='bbox 551 3098 582 3135; x_wconf 85' lang='lat' dir='ltr'><strong>es</strong></span> 
     </span>
     <span class='ocr_line' id='line_1_29' title="bbox 134 3164 581 3240; baseline -0.002 -20"><span class='ocrx_word' id='word_1_170' title='bbox 134 3164 230 3238; x_wconf 82' lang='lat' dir='ltr'><strong>irgend</strong></span> <span class='ocrx_word' id='word_1_171' title='bbox 255 3168 299 3222; x_wconf 83' lang='lat' dir='ltr'><strong>eiu</strong></span> <span class='ocrx_word' id='word_1_172' title='bbox 320 3165 397 3222; x_wconf 80' lang='lat' dir='ltr'><strong>Laud</strong></span> <span class='ocrx_word' id='word_1_173' title='bbox 424 3167 504 3240; x_wconf 75' lang='lat' dir='ltr'><strong>gtibe,</strong></span> <span class='ocrx_word' id='word_1_174' title='bbox 535 3185 581 3220; x_wconf 82' lang='lat' dir='ltr'><strong>wo</strong></span> 
     </span>
     <span class='ocr_line' id='line_1_30' title="bbox 134 3249 583 3329; baseline 0.002 -22"><span class='ocrx_word' id='word_1_175' title='bbox 134 3249 209 3307; x_wconf 91' lang='lat' dir='ltr'><strong>ihrer</strong></span> <span class='ocrx_word' id='word_1_176' title='bbox 218 3250 372 3329; x_wconf 78' lang='lat' dir='ltr'><strong>Tapserlreit</strong></span> <span class='ocrx_word' id='word_1_177' title='bbox 381 3254 498 3328; x_wconf 81' lang='lat' dir='ltr'><strong>derSieg</strong></span> <span class='ocrx_word' id='word_1_178' title='bbox 506 3252 583 3309; x_wconf 64' lang='lat' dir='ltr'><strong>nieht</strong></span> 
     </span>
     <span class='ocr_line' id='line_1_31' title="bbox 134 3337 583 3414; baseline 0.02 -24"><span class='ocrx_word' id='word_1_179' title='bbox 134 3337 297 3394; x_wconf 86' lang='lat' dir='ltr'><strong>bescbieden</strong></span> <span class='ocrx_word' id='word_1_180' title='bbox 309 3342 367 3395; x_wconf 87' lang='lat' dir='ltr'><strong>sein</strong></span> <span class='ocrx_word' id='word_1_181' title='bbox 376 3340 475 3400; x_wconf 83' lang='lat' dir='ltr'><strong>solle“.</strong></span> <span class='ocrx_word' id='word_1_182' title='bbox 493 3341 583 3414; x_wconf 82' lang='lat' dir='ltr'><strong>Quem</strong></span> 
     </span>
     <span class='ocr_line' id='line_1_32' title="bbox 135 3420 583 3484; baseline 0.011 -5"><span class='ocrx_word' id='word_1_183' title='bbox 135 3420 172 3479; x_wconf 83' lang='lat' dir='ltr'><strong>ad</strong></span> <span class='ocrx_word' id='word_1_184' title='bbox 199 3424 308 3481; x_wconf 87' lang='lat' dir='ltr'><strong>modum</strong></span> <span class='ocrx_word' id='word_1_185' title='bbox 335 3426 392 3482; x_wconf 83' lang='lat' dir='ltr'><strong>dies</strong></span> <span class='ocrx_word' id='word_1_186' title='bbox 415 3426 533 3483; x_wconf 78' lang='lat' dir='ltr'><strong>nefastus</strong></span> <span class='ocrx_word' id='word_1_187' title='bbox 557 3430 583 3484; x_wconf 82' lang='lat' dir='ltr'><strong>is</strong></span> 
     </span>
     <span class='ocr_line' id='line_1_33' title="bbox 134 3512 583 3587; baseline 0.009 -21"><span class='ocrx_word' id='word_1_188' title='bbox 134 3518 206 3576; x_wconf 83' lang='lat' dir='ltr'><strong>erat,</strong></span> <span class='ocrx_word' id='word_1_189' title='bbox 234 3531 288 3587; x_wconf 79' lang='lat' dir='ltr'><strong>quo</strong></span> <span class='ocrx_word' id='word_1_190' title='bbox 310 3512 377 3568; x_wconf 87' lang='lat' dir='ltr'><strong>nibil</strong></span> <span class='ocrx_word' id='word_1_191' title='bbox 395 3517 437 3587; x_wconf 81' lang='lat' dir='ltr'><strong>agi</strong></span> <span class='ocrx_word' id='word_1_192' title='bbox 459 3513 525 3571; x_wconf 84' lang='lat' dir='ltr'><strong>utile</strong></span> <span class='ocrx_word' id='word_1_193' title='bbox 542 3516 583 3570; x_wconf 85' lang='lat' dir='ltr'><strong>ri·</strong></span> 
     </span>
     <span class='ocr_line' id='line_1_34' title="bbox 134 3597 583 3668; baseline 0.002 -14"><span class='ocrx_word' id='word_1_194' title='bbox 134 3597 250 3654; x_wconf 78' lang='lat' dir='ltr'><strong>debatur</strong></span> <span class='ocrx_word' id='word_1_195' title='bbox 276 3600 417 3668; x_wconf 84' lang='lat'>(1‚19.)‚</span> <span class='ocrx_word' id='word_1_196' title='bbox 447 3602 487 3656; x_wconf 87' lang='lat' dir='ltr'><strong>sic</strong></span> <span class='ocrx_word' id='word_1_197' title='bbox 511 3609 583 3657; x_wconf 82' lang='lat' dir='ltr'><strong>terra</strong></span> 
     </span>
     <span class='ocr_line' id='line_1_35' title="bbox 135 3683 584 3761; baseline 0.009 -21"><span class='ocrx_word' id='word_1_198' title='bbox 135 3688 218 3741; x_wconf 85' lang='lat' dir='ltr'><strong>etiam</strong></span> <span class='ocrx_word' id='word_1_199' title='bbox 231 3683 333 3739; x_wconf 78' lang='lat' dir='ltr'><strong>nefasta</strong></span> <span class='ocrx_word' id='word_1_200' title='bbox 352 3684 406 3740; x_wconf 89' lang='lat' dir='ltr'><strong>diei</strong></span> <span class='ocrx_word' id='word_1_201' title='bbox 424 3695 538 3761; x_wconf 77' lang='lat' dir='ltr'><strong>poterat,</strong></span> <span class='ocrx_word' id='word_1_202' title='bbox 558 3687 584 3744; x_wconf 83' lang='lat' dir='ltr'><strong>ei</strong></span> 
     </span>
     <span class='ocr_line' id='line_1_36' title="bbox 136 3772 585 3848; baseline 0.002 -20"><span class='ocrx_word' id='word_1_203' title='bbox 136 3792 169 3829; x_wconf 76' lang='lat' dir='ltr'><strong>ea</strong></span> <span class='ocrx_word' id='word_1_204' title='bbox 186 3772 312 3848; x_wconf 79' lang='lat' dir='ltr'><strong>gravibus</strong></span> <span class='ocrx_word' id='word_1_205' title='bbox 334 3772 495 3847; x_wconf 80' lang='lat' dir='ltr'><strong>quibusdam</strong></span> <span class='ocrx_word' id='word_1_206' title='bbox 513 3772 585 3829; x_wconf 79' lang='lat' dir='ltr'><strong>diffi-</strong></span> 
     </span>
    </p>
   </div>
   <div class='ocr_carea' id='block_1_6' title="bbox 136 3857 604 3916">
    <p class='ocr_par' dir='ltr' id='par_1_11' title="bbox 136 3857 604 3916">
     <span class='ocr_line' id='line_1_37' title="bbox 136 3857 604 3916; baseline 0 -2"><span class='ocrx_word' id='word_1_207' title='bbox 136 3857 281 3915; x_wconf 84' lang='lat' dir='ltr'><strong>cultatibus</strong></span> <span class='ocrx_word' id='word_1_208' title='bbox 310 3859 423 3915; x_wconf 84' lang='lat' dir='ltr'><strong>obiectis</strong></span> <span class='ocrx_word' id='word_1_209' title='bbox 450 3861 604 3916; x_wconf 54' lang='lat' dir='ltr'><strong>¹victorino¹</strong></span> 
     </span>
    </p>
   </div>
   <div class='ocr_carea' id='block_1_7' title="bbox 135 3942 586 4178">
    <p class='ocr_par' dir='ltr' id='par_1_12' title="bbox 135 3942 586 4178">
     <span class='ocr_line' id='line_1_38' title="bbox 136 3942 586 4004; baseline 0.004 -3"><span class='ocrx_word' id='word_1_210' title='bbox 136 3942 249 4002; x_wconf 72' lang='lat' dir='ltr'><strong>adseren</strong></span> <span class='ocrx_word' id='word_1_211' title='bbox 267 3945 326 4003; x_wconf 79' lang='lat' dir='ltr'><strong>sore</strong></span> <span class='ocrx_word' id='word_1_212' title='bbox 342 3944 535 4004; x_wconf 70' lang='lat' dir='ltr'><strong>videbatur-</strong></span> <span class='ocrx_word' id='word_1_213' title='bbox 553 3946 586 4003; x_wconf 87' lang='lat' dir='ltr'><strong>Iu</strong></span> 
     </span>
     <span class='ocr_line' id='line_1_39' title="bbox 135 4030 583 4093; baseline 0.004 -3"><span class='ocrx_word' id='word_1_214' title='bbox 135 4030 210 4093; x_wconf 72' lang='lat' dir='ltr'><strong>Harl.</strong></span> <span class='ocrx_word' id='word_1_215' title='bbox 222 4051 240 4092; x_wconf 85' lang='lat' dir='ltr'><strong>r.</strong></span> <span class='ocrx_word' id='word_1_216' title='bbox 257 4032 359 4090; x_wconf 79' lang='lat' dir='ltr'><strong>excidit</strong></span> <span class='ocrx_word' id='word_1_217' title='bbox 376 4052 459 4093; x_wconf 79' lang='lat' dir='ltr'><strong>suae.</strong></span> <span class='ocrx_word' id='word_1_218' title='bbox 477 4030 554 4093; x_wconf 81' lang='lat' dir='ltr'><strong>Leid.</strong></span> <span class='ocrx_word' id='word_1_219' title='bbox 566 4053 583 4093; x_wconf 88' lang='lat' dir='ltr'><strong>r.</strong></span> 
     </span>
     <span class='ocr_line' id='line_1_40' title="bbox 138 4117 400 4178; baseline 0.011 -3"><span class='ocrx_word' id='word_1_220' title='bbox 138 4117 186 4178; x_wconf 63' lang='lat' dir='ltr'><strong>alc</strong></span> <span class='ocrx_word' id='word_1_221' title='bbox 203 4120 321 4177; x_wconf 78' lang='lat' dir='ltr'><strong>uictoria</strong></span> <span class='ocrx_word' id='word_1_222' title='bbox 338 4139 400 4178; x_wconf 77' lang='lat' dir='ltr'><strong>rua.</strong></span> 
     </span>
    </p>
   </div>
   <div class='ocr_carea' id='block_1_8' title="bbox 671 1945 1171 2026">
    <p class='ocr_par' dir='ltr' id='par_1_13' title="bbox 671 1945 1171 2026">
     <span class='ocr_line' id='line_1_41' title="bbox 671 1945 1171 2026; baseline -0.006 -21"><span class='ocrx_word' id='word_1_223' title='bbox 671 1950 698 2008; x_wconf 82' lang='lat' dir='ltr'><strong>b.</strong></span> <span class='ocrx_word' id='word_1_224' title='bbox 727 1952 798 2026; x_wconf 80' lang='lat' dir='ltr'><strong>quin</strong></span> <span class='ocrx_word' id='word_1_225' title='bbox 817 1952 876 2025; x_wconf 83' lang='lat' dir='ltr'><strong>ipsi</strong></span> <span class='ocrx_word' id='word_1_226' title='bbox 892 1952 951 2009; x_wconf 80' lang='lat' dir='ltr'><strong>sibi</strong></span> <span class='ocrx_word' id='word_1_227' title='bbox 958 1949 1041 2006; x_wconf 75' lang='lat' dir='ltr'><em>Galli</em></span> <span class='ocrx_word' id='word_1_228' title='bbox 1057 1948 1087 2004; x_wconf 85' lang='lat' dir='ltr'><strong>si</strong></span> <span class='ocrx_word' id='word_1_229' title='bbox 1098 1945 1171 2018; x_wconf 81' lang='lat' dir='ltr'><strong>offe·</strong></span> 
     </span>
    </p>
   </div>
   <div class='ocr_carea' id='block_1_9' title="bbox 725 2036 1170 2108">
    <p class='ocr_par' dir='ltr' id='par_1_14' title="bbox 725 2036 1170 2108">
     <span class='ocr_line' id='line_1_42' title="bbox 725 2036 1170 2108; baseline -0.013 -15"><span class='ocrx_word' id='word_1_230' title='bbox 725 2046 831 2093; x_wconf 84' lang='lat' dir='ltr'><strong>rantur</strong></span> <span class='ocrx_word' id='word_1_231' title='bbox 849 2039 901 2093; x_wconf 83' lang='lat' dir='ltr'><strong>illo</strong></span> <span class='ocrx_word' id='word_1_232' title='bbox 921 2039 995 2104; x_wconf 81' lang='lat' dir='ltr'><strong>loco,</strong></span> <span class='ocrx_word' id='word_1_233' title='bbox 1013 2055 1047 2092; x_wconf 79' lang='lat' dir='ltr'><strong>se</strong></span> <span class='ocrx_word' id='word_1_234' title='bbox 1064 2036 1108 2089; x_wconf 82' lang='lat' dir='ltr'><strong>ita</strong></span> <span class='ocrx_word' id='word_1_235' title='bbox 1116 2053 1170 2108; x_wconf 84' lang='lat' dir='ltr'><strong>pu·</strong></span> 
     </span>
    </p>
   </div>
   <div class='ocr_carea' id='block_1_10' title="bbox 721 2117 1259 2201">
    <p class='ocr_par' dir='ltr' id='par_1_15' title="bbox 721 2117 1259 2201">
     <span class='ocr_line' id='line_1_43' title="bbox 721 2117 1259 2201; baseline -0.009 -22"><span class='ocrx_word' id='word_1_236' title='bbox 721 2133 885 2201; x_wconf 82' lang='lat' dir='ltr'><strong>gnaturos:</strong></span> <span class='ocrx_word' id='word_1_237' title='bbox 907 2122 935 2179; x_wconf 78' lang='lat' dir='ltr'><strong>tl</strong></span> <span class='ocrx_word' id='word_1_238' title='bbox 951 2121 1029 2178; x_wconf 84' lang='lat' dir='ltr'><strong>Leid.</strong></span> <span class='ocrx_word' id='word_1_239' title='bbox 1046 2140 1065 2180; x_wconf 85' lang='lat'><strong>1.</strong></span> <span class='ocrx_word' id='word_1_240' title='bbox 1084 2117 1118 2177; x_wconf 84' lang='lat' dir='ltr'><strong>al.</strong></span> <span class='ocrx_word' id='word_1_241' title='bbox 1136 2147 1172 2162; x_wconf 90' lang='lat'>-</span> <span class='ocrx_word' id='word_1_242' title='bbox 1251 2140 1259 2153; x_wconf 82' lang='lat'><strong><em>¹</em></strong></span> 
     </span>
    </p>
   </div>
   <div class='ocr_carea' id='block_1_11' title="bbox 654 2207 1203 4117">
    <p class='ocr_par' dir='ltr' id='par_1_16' title="bbox 721 2207 1171 3226">
     <span class='ocr_line' id='line_1_44' title="bbox 722 2207 1170 2288; baseline -0.009 -22"><span class='ocrx_word' id='word_1_243' title='bbox 722 2209 759 2266; x_wconf 89' lang='lat' dir='ltr'><strong>P:</strong></span> <span class='ocrx_word' id='word_1_244' title='bbox 778 2214 844 2288; x_wconf 87' lang='lat' dir='ltr'><strong>quin</strong></span> <span class='ocrx_word' id='word_1_245' title='bbox 862 2213 917 2288; x_wconf 84' lang='lat' dir='ltr'><strong>ipsi</strong></span> <span class='ocrx_word' id='word_1_246' title='bbox 933 2209 998 2285; x_wconf 81' lang='lat' dir='ltr'><strong>galli</strong></span> <span class='ocrx_word' id='word_1_247' title='bbox 1014 2210 1039 2265; x_wconf 86' lang='lat' dir='ltr'><strong>si</strong></span> <span class='ocrx_word' id='word_1_248' title='bbox 1056 2207 1170 2264; x_wconf 81' lang='lat' dir='ltr'><strong>offeran-</strong></span> 
     </span>
     <span class='ocr_line' id='line_1_45' title="bbox 721 2297 1170 2375; baseline -0.002 -22"><span class='ocrx_word' id='word_1_249' title='bbox 721 2305 766 2354; x_wconf 88' lang='lat' dir='ltr'><strong>tur</strong></span> <span class='ocrx_word' id='word_1_250' title='bbox 782 2298 830 2354; x_wconf 86' lang='lat' dir='ltr'><strong>illo</strong></span> <span class='ocrx_word' id='word_1_251' title='bbox 847 2297 924 2366; x_wconf 88' lang='lat' dir='ltr'><strong>loco,</strong></span> <span class='ocrx_word' id='word_1_252' title='bbox 941 2299 980 2353; x_wconf 84' lang='lat' dir='ltr'><strong>ita</strong></span> <span class='ocrx_word' id='word_1_253' title='bbox 996 2303 1170 2375; x_wconf 72' lang='lat' dir='ltr'><strong>pugnaturos.</strong></span> 
     </span>
     <span class='ocr_line' id='line_1_46' title="bbox 722 2382 1170 2461; baseline -0.007 -18"><span class='ocrx_word' id='word_1_254' title='bbox 722 2405 760 2444; x_wconf 89' lang='lat' dir='ltr'><strong>m.</strong></span> <span class='ocrx_word' id='word_1_255' title='bbox 779 2387 817 2441; x_wconf 67' lang='lat'><strong>2:</strong></span> <span class='ocrx_word' id='word_1_256' title='bbox 836 2406 869 2442; x_wconf 79' lang='lat' dir='ltr'><strong>sc</strong></span> <span class='ocrx_word' id='word_1_257' title='bbox 887 2387 937 2443; x_wconf 78' lang='lat' dir='ltr'><strong>ita.</strong></span> <span class='ocrx_word' id='word_1_258' title='bbox 959 2382 1034 2444; x_wconf 84' lang='lat' dir='ltr'><strong>Harl.</strong></span> <span class='ocrx_word' id='word_1_259' title='bbox 1051 2404 1085 2441; x_wconf 79' lang='lat' dir='ltr'><strong>n:</strong></span> <span class='ocrx_word' id='word_1_260' title='bbox 1103 2384 1170 2461; x_wconf 80' lang='lat' dir='ltr'><strong>quin</strong></span> 
     </span>
     <span class='ocr_line' id='line_1_47' title="bbox 723 2469 1169 2548; baseline 0 -22"><span class='ocrx_word' id='word_1_261' title='bbox 723 2473 778 2548; x_wconf 90' lang='lat' dir='ltr'><strong>ipsi</strong></span> <span class='ocrx_word' id='word_1_262' title='bbox 794 2473 848 2528; x_wconf 85' lang='lat' dir='ltr'><strong>sibi</strong></span> <span class='ocrx_word' id='word_1_263' title='bbox 865 2471 929 2547; x_wconf 79' lang='lat' dir='ltr'><strong>galli</strong></span> <span class='ocrx_word' id='word_1_264' title='bbox 945 2473 971 2528; x_wconf 82' lang='lat' dir='ltr'><strong>ei</strong></span> <span class='ocrx_word' id='word_1_265' title='bbox 989 2472 1104 2528; x_wconf 85' lang='lat' dir='ltr'><strong>offerant</strong></span> <span class='ocrx_word' id='word_1_266' title='bbox 1120 2469 1169 2527; x_wconf 88' lang='lat' dir='ltr'><strong>illo</strong></span> 
     </span>
     <span class='ocr_line' id='line_1_48' title="bbox 722 2555 1171 2636; baseline -0.004 -23"><span class='ocrx_word' id='word_1_267' title='bbox 722 2555 784 2614; x_wconf 89' lang='lat' dir='ltr'><strong>loco</strong></span> <span class='ocrx_word' id='word_1_268' title='bbox 797 2579 827 2615; x_wconf 83' lang='lat' dir='ltr'><strong>se</strong></span> <span class='ocrx_word' id='word_1_269' title='bbox 837 2570 888 2618; x_wconf 82' lang='lat' dir='ltr'><strong>cet.</strong></span> <span class='ocrx_word' id='word_1_270' title='bbox 901 2557 934 2620; x_wconf 85' lang='lat' dir='ltr'><strong>C.</strong></span> <span class='ocrx_word' id='word_1_271' title='bbox 946 2559 1074 2636; x_wconf 81' lang='lat' dir='ltr'><strong>Sigonius</strong></span> <span class='ocrx_word' id='word_1_272' title='bbox 1085 2557 1171 2614; x_wconf 82' lang='lat' dir='ltr'><strong>scribi</strong></span> 
     </span>
     <span class='ocr_line' id='line_1_49' title="bbox 722 2642 1170 2723; baseline -0.007 -22"><span class='ocrx_word' id='word_1_273' title='bbox 722 2643 822 2701; x_wconf 83' lang='lat' dir='ltr'><strong>voluit:</strong></span> <span class='ocrx_word' id='word_1_274' title='bbox 840 2687 857 2713; x_wconf 88' lang='lat'><strong>‚,</strong></span> <span class='ocrx_word' id='word_1_275' title='bbox 863 2647 930 2721; x_wconf 87' lang='lat' dir='ltr'><strong>quin</strong></span> <span class='ocrx_word' id='word_1_276' title='bbox 941 2648 994 2723; x_wconf 89' lang='lat' dir='ltr'><strong>ipsi</strong></span> <span class='ocrx_word' id='word_1_277' title='bbox 1007 2648 1036 2702; x_wconf 83' lang='lat' dir='ltr'><strong>si</strong></span> <span class='ocrx_word' id='word_1_278' title='bbox 1047 2645 1088 2702; x_wconf 82' lang='lat' dir='ltr'><strong>ibi</strong></span> <span class='ocrx_word' id='word_1_279' title='bbox 1098 2642 1170 2700; x_wconf 83' lang='lat' dir='ltr'><strong>Galli</strong></span> 
     </span>
     <span class='ocr_line' id='line_1_50' title="bbox 722 2732 1170 2809; baseline 0 -23"><span class='ocrx_word' id='word_1_280' title='bbox 722 2750 753 2786; x_wconf 77' lang='lat' dir='ltr'><strong>ac</strong></span> <span class='ocrx_word' id='word_1_281' title='bbox 771 2732 902 2799; x_wconf 80' lang='lat' dir='ltr'><strong>offerant,</strong></span> <span class='ocrx_word' id='word_1_282' title='bbox 926 2752 956 2788; x_wconf 84' lang='lat' dir='ltr'><strong>sc</strong></span> <span class='ocrx_word' id='word_1_283' title='bbox 979 2735 1016 2788; x_wconf 85' lang='lat' dir='ltr'><strong>ita</strong></span> <span class='ocrx_word' id='word_1_284' title='bbox 1039 2741 1170 2809; x_wconf 80' lang='lat' dir='ltr'><strong>pugnatu-</strong></span> 
     </span>
     <span class='ocr_line' id='line_1_51' title="bbox 722 2819 1171 2892; baseline 0 -21"><span class='ocrx_word' id='word_1_285' title='bbox 722 2823 801 2874; x_wconf 88' lang='lat' dir='ltr'><strong>ros“.</strong></span> <span class='ocrx_word' id='word_1_286' title='bbox 824 2849 858 2860; x_wconf 88' lang='lat'>—</span> <span class='ocrx_word' id='word_1_287' title='bbox 887 2819 915 2874; x_wconf 87' lang='grc'><strong>111</strong></span> <span class='ocrx_word' id='word_1_288' title='bbox 933 2820 1171 2892; x_wconf 82' lang='lat' dir='ltr'><strong>m.1.:iupere·</strong></span> 
     </span>
     <span class='ocr_line' id='line_1_52' title="bbox 723 2903 1171 2980; baseline 0.002 -23"><span class='ocrx_word' id='word_1_289' title='bbox 723 2903 805 2959; x_wconf 84' lang='lat' dir='ltr'><strong>tenda</strong></span> <span class='ocrx_word' id='word_1_290' title='bbox 822 2906 917 2980; x_wconf 83' lang='lat' dir='ltr'><strong>patria.</strong></span> <span class='ocrx_word' id='word_1_291' title='bbox 946 2903 973 2959; x_wconf 82' lang='lat' dir='ltr'><strong>tl</strong></span> <span class='ocrx_word' id='word_1_292' title='bbox 991 2923 1026 2961; x_wconf 93' lang='lat' dir='ltr'><strong>m.</strong></span> <span class='ocrx_word' id='word_1_293' title='bbox 1044 2906 1071 2977; x_wconf 70' lang='lat'><strong>2.</strong></span> <span class='ocrx_word' id='word_1_294' title='bbox 1088 2903 1123 2957; x_wconf 82' lang='lat' dir='ltr'><strong>P:</strong></span> <span class='ocrx_word' id='word_1_295' title='bbox 1141 2904 1171 2958; x_wconf 91' lang='lat' dir='ltr'><strong>in</strong></span> 
     </span>
     <span class='ocr_line' id='line_1_53' title="bbox 723 2989 1171 3068; baseline -0.002 -23"><span class='ocrx_word' id='word_1_296' title='bbox 723 2989 876 3067; x_wconf 86' lang='lat' dir='ltr'><strong>repetenda.</strong></span> <span class='ocrx_word' id='word_1_297' title='bbox 890 3023 924 3033; x_wconf 91' lang='lat'><em>-</em></span> <span class='ocrx_word' id='word_1_298' title='bbox 937 2990 975 3048; x_wconf 81' lang='lat' dir='ltr'><strong>M:</strong></span> <span class='ocrx_word' id='word_1_299' title='bbox 989 2990 1171 3068; x_wconf 78' lang='lat' dir='ltr'><strong>adueraequas</strong></span> 
     </span>
     <span class='ocr_line' id='line_1_54' title="bbox 724 3071 1171 3158; baseline 0.002 -25"><span class='ocrx_word' id='word_1_300' title='bbox 724 3075 856 3140; x_wconf 78' lang='lat' dir='ltr'><strong>fortunae.</strong></span> <span class='ocrx_word' id='word_1_301' title='bbox 877 3111 912 3122; x_wconf 95' lang='lat'>-</span> <span class='ocrx_word' id='word_1_302' title='bbox 933 3077 1009 3139; x_wconf 84' lang='lat' dir='ltr'><strong>Harl.</strong></span> <span class='ocrx_word' id='word_1_303' title='bbox 1026 3096 1059 3138; x_wconf 87' lang='lat'><strong>1.:</strong></span> <span class='ocrx_word' id='word_1_304' title='bbox 1082 3071 1171 3158; x_wconf 78' lang='lat' dir='ltr'><strong>peric·</strong></span> 
     </span>
     <span class='ocr_line' id='line_1_55' title="bbox 723 3175 776 3226; baseline 0.019 -6"><span class='ocrx_word' id='word_1_305' title='bbox 723 3175 776 3226; x_wconf 87' lang='lat' dir='ltr'><strong>ret.</strong></span> 
     </span>
    </p>

    <p class='ocr_par' dir='ltr' id='par_1_17' title="bbox 654 3248 1203 4117">
     <span class='ocr_line' id='line_1_56' title="bbox 654 3248 1174 3329; baseline 0 -23"><span class='ocrx_word' id='word_1_306' title='bbox 654 3252 697 3312; x_wconf 89' lang='lat'><strong>11.</strong></span> <span class='ocrx_word' id='word_1_307' title='bbox 724 3251 774 3308; x_wconf 78' lang='lat' dir='ltr'><strong>his</strong></span> <span class='ocrx_word' id='word_1_308' title='bbox 805 3256 952 3329; x_wconf 79' lang='lat' dir='ltr'><strong>utrimque</strong></span> <span class='ocrx_word' id='word_1_309' title='bbox 990 3253 1100 3310; x_wconf 82' lang='lat' dir='ltr'><strong>animis</strong></span> <span class='ocrx_word' id='word_1_310' title='bbox 1129 3248 1174 3306; x_wconf 79' lang='lat' dir='ltr'><strong>ad</strong></span> 
     </span>
     <span class='ocr_line' id='line_1_57' title="bbox 723 3334 1171 3396; baseline -0.013 0"><span class='ocrx_word' id='word_1_311' title='bbox 723 3339 825 3396; x_wconf 83' lang='lat' dir='ltr'><strong>Aliam</strong></span> <span class='ocrx_word' id='word_1_312' title='bbox 843 3349 963 3396; x_wconf 80' lang='lat' dir='ltr'><strong>uentum</strong></span> <span class='ocrx_word' id='word_1_313' title='bbox 984 3348 1045 3395; x_wconf 80' lang='lat' dir='ltr'><strong>est:</strong></span> <span class='ocrx_word' id='word_1_314' title='bbox 1067 3334 1117 3392; x_wconf 77' lang='lat' dir='ltr'><strong>Pul</strong></span> <span class='ocrx_word' id='word_1_315' title='bbox 1137 3334 1171 3391; x_wconf 82' lang='lat' dir='ltr'><strong>al.</strong></span> 
     </span>
     <span class='ocr_line' id='line_1_58' title="bbox 726 3421 1203 3501; baseline -0.019 -18"><span class='ocrx_word' id='word_1_316' title='bbox 726 3424 849 3485; x_wconf 75' lang='lat' dir='ltr'><strong>—Recc⁸</strong></span> <span class='ocrx_word' id='word_1_317' title='bbox 860 3425 951 3483; x_wconf 69' lang='lat' dir='ltr'><strong>codri:</strong></span> <span class='ocrx_word' id='word_1_318' title='bbox 969 3434 1112 3501; x_wconf 83' lang='lat' dir='ltr'><strong>postquam</strong></span> <span class='ocrx_word' id='word_1_319' title='bbox 1124 3421 1172 3478; x_wconf 91' lang='lat' dir='ltr'><strong>bo·</strong></span> <span class='ocrx_word' id='word_1_320' title='bbox 1198 3462 1203 3473; x_wconf 74' lang='grc'><strong>.</strong></span> 
     </span>
     <span class='ocr_line' id='line_1_59' title="bbox 725 3516 1172 3590; baseline 0.002 -21"><span class='ocrx_word' id='word_1_321' title='bbox 725 3524 781 3570; x_wconf 84' lang='lat' dir='ltr'><strong>stes</strong></span> <span class='ocrx_word' id='word_1_322' title='bbox 804 3516 833 3569; x_wconf 91' lang='lat' dir='ltr'><strong>iu</strong></span> <span class='ocrx_word' id='word_1_323' title='bbox 856 3521 1003 3590; x_wconf 86' lang='lat' dir='ltr'><strong>conspectu</strong></span> <span class='ocrx_word' id='word_1_324' title='bbox 1026 3521 1110 3570; x_wconf 80' lang='lat' dir='ltr'><strong>eraut.</strong></span> <span class='ocrx_word' id='word_1_325' title='bbox 1136 3538 1172 3553; x_wconf 90' lang='grc'><strong>··-</strong></span> 
     </span>
     <span class='ocr_line' id='line_1_60' title="bbox 724 3599 1171 3676; baseline -0.004 -20"><span class='ocrx_word' id='word_1_326' title='bbox 724 3599 749 3656; x_wconf 90' lang='lat' dir='ltr'>P</span> <span class='ocrx_word' id='word_1_327' title='bbox 766 3620 800 3658; x_wconf 92' lang='lat' dir='ltr'><strong>m.</strong></span> <span class='ocrx_word' id='word_1_328' title='bbox 820 3602 857 3658; x_wconf 84' lang='lat'><strong>1.:</strong></span> <span class='ocrx_word' id='word_1_329' title='bbox 880 3600 987 3676; x_wconf 82' lang='lat' dir='ltr'><strong>inquid.</strong></span> <span class='ocrx_word' id='word_1_330' title='bbox 1005 3620 1029 3659; x_wconf 83' lang='lat' dir='ltr'><strong>a.</strong></span> <span class='ocrx_word' id='word_1_331' title='bbox 1052 3617 1171 3676; x_wconf 79' lang='lat' dir='ltr'><strong>sempro-</strong></span> 
     </span>
     <span class='ocr_line' id='line_1_61' title="bbox 726 3688 1172 3763; baseline -0.002 -20"><span class='ocrx_word' id='word_1_332' title='bbox 726 3688 783 3745; x_wconf 89' lang='lat' dir='ltr'><strong>nio.</strong></span> <span class='ocrx_word' id='word_1_333' title='bbox 813 3709 848 3744; x_wconf 88' lang='lat' dir='ltr'><strong>m.</strong></span> <span class='ocrx_word' id='word_1_334' title='bbox 867 3689 906 3743; x_wconf 54' lang='grc' dir='ltr'><strong>Ἅι</strong></span> <span class='ocrx_word' id='word_1_335' title='bbox 925 3688 1043 3763; x_wconf 80' lang='lat' dir='ltr'><strong>„iuquit</strong></span> <span class='ocrx_word' id='word_1_336' title='bbox 1061 3708 1085 3747; x_wconf 87' lang='lat' dir='ltr'><strong>a.</strong></span> <span class='ocrx_word' id='word_1_337' title='bbox 1102 3706 1172 3743; x_wconf 83' lang='lat' dir='ltr'><strong>scm·</strong></span> 
     </span>
     <span class='ocr_line' id='line_1_62' title="bbox 725 3771 1173 3852; baseline -0.002 -23"><span class='ocrx_word' id='word_1_338' title='bbox 725 3776 838 3852; x_wconf 84' lang='lat' dir='ltr'><strong>proni“.</strong></span> <span class='ocrx_word' id='word_1_339' title='bbox 867 3775 930 3832; x_wconf 87' lang='lat' dir='ltr'><strong>hinc</strong></span> <span class='ocrx_word' id='word_1_340' title='bbox 947 3772 1048 3831; x_wconf 80' lang='lat' dir='ltr'><strong>factum</strong></span> <span class='ocrx_word' id='word_1_341' title='bbox 1064 3771 1173 3831; x_wconf 80' lang='lat' dir='ltr'><strong>videtur</strong></span> 
     </span>
     <span class='ocr_line' id='line_1_63' title="bbox 727 3859 1170 3927; baseline 0.002 -12"><span class='ocrx_word' id='word_1_342' title='bbox 727 3870 758 3916; x_wconf 89' lang='lat' dir='ltr'><strong>ut</strong></span> <span class='ocrx_word' id='word_1_343' title='bbox 775 3863 803 3916; x_wconf 90' lang='lat' dir='ltr'><strong>in</strong></span> <span class='ocrx_word' id='word_1_344' title='bbox 816 3859 889 3920; x_wconf 77' lang='lat' dir='ltr'><strong>Harl.</strong></span> <span class='ocrx_word' id='word_1_345' title='bbox 900 3880 919 3920; x_wconf 91' lang='lat'><strong>1.</strong></span> <span class='ocrx_word' id='word_1_346' title='bbox 932 3862 1094 3917; x_wconf 83' lang='lat' dir='ltr'><strong>scriberetur</strong></span> <span class='ocrx_word' id='word_1_347' title='bbox 1111 3861 1170 3927; x_wconf 86' lang='lat' dir='ltr'><strong>„iu-</strong></span> 
     </span>
     <span class='ocr_line' id='line_1_64' title="bbox 725 3942 1170 4024; baseline -0.004 -21"><span class='ocrx_word' id='word_1_348' title='bbox 725 3951 793 4024; x_wconf 85' lang='lat' dir='ltr'><strong>quit.</strong></span> <span class='ocrx_word' id='word_1_349' title='bbox 802 3949 832 4007; x_wconf 84' lang='lat' dir='ltr'><strong>d.</strong></span> <span class='ocrx_word' id='word_1_350' title='bbox 845 3970 868 4009; x_wconf 85' lang='lat' dir='ltr'><strong>c.</strong></span> <span class='ocrx_word' id='word_1_351' title='bbox 879 3951 1047 4024; x_wconf 84' lang='lat' dir='ltr'><strong>semproni“.</strong></span> <span class='ocrx_word' id='word_1_352' title='bbox 1060 3975 1094 3986; x_wconf 89' lang='lat'>-</span> <span class='ocrx_word' id='word_1_353' title='bbox 1106 3942 1170 4002; x_wconf 74' lang='lat' dir='ltr'><strong>Pri:</strong></span> 
     </span>
     <span class='ocr_line' id='line_1_65' title="bbox 724 4030 1170 4117; baseline -0.004 -27"><span class='ocrx_word' id='word_1_354' title='bbox 724 4034 760 4091; x_wconf 84' lang='lat' dir='ltr'><strong>cd</strong></span> <span class='ocrx_word' id='word_1_355' title='bbox 778 4034 856 4093; x_wconf 82' lang='lat' dir='ltr'><strong>aliam</strong></span> <span class='ocrx_word' id='word_1_356' title='bbox 873 4036 1038 4117; x_wconf 69' lang='lat' dir='ltr'><strong>constitisse.</strong></span> <span class='ocrx_word' id='word_1_357' title='bbox 1054 4030 1170 4092; x_wconf 70' lang='lat' dir='ltr'><strong>Herba:</strong></span> 
     </span>
    </p>
   </div>
   <div class='ocr_carea' id='block_1_12' title="bbox 641 4126 947 4187">
    <p class='ocr_par' dir='ltr' id='par_1_18' title="bbox 641 4126 947 4187">
     <span class='ocr_line' id='line_1_66' title="bbox 641 4126 947 4187; baseline 0.01 -8"><span class='ocrx_word' id='word_1_358' title='bbox 641 4172 649 4187; x_wconf 86' lang='grc'><em>,</em></span> <span class='ocrx_word' id='word_1_359' title='bbox 726 4126 868 4185; x_wconf 77' lang='lat' dir='ltr'><strong>ccuatism.</strong></span> <span class='ocrx_word' id='word_1_360' title='bbox 941 4154 947 4167; x_wconf 56' lang='grc' dir='ltr'>ι</span> 
     </span>
    </p>
   </div>
   <div class='ocr_carea' id='block_1_13' title="bbox 0 0 1318 4590">
    <p class='ocr_par' dir='ltr' id='par_1_19' title="bbox 0 0 1318 4590">
     <span class='ocr_line' id='line_1_67' title="bbox 0 0 1318 4590; baseline 0 0"><span class='ocrx_word' id='word_1_361' title='bbox 0 0 1318 4590; x_wconf 95' lang='lat' dir='ltr'><strong> </strong></span> 
     </span>
    </p>
   </div>
  </div>
 </body>
</html>
