2832 4728
267 279 276 320 ¹
399 243 401 250 ’
507 237 634 340 ‘arnan
652 281 721 341 uu
1106 269 1171 340 333

34 441 219 534 quentiae
237 441 377 512 Velitrae
400 455 599 534 receperunt
637 455 670 512 et
683 445 814 514 Antium
828 467 912 512 nova
927 445 1052 512 colonia
1072 443 1169 514 missa

37 573 132 614 cum
167 572 210 616 eo
233 560 270 615 nt
283 549 462 616 Antiatibus
484 549 719 637 permitteretur
738 549 767 616 si
787 561 820 617 et
841 549 901 640 ipsi
915 550 1048 618 adscribi
1063 552 1170 620 coloni

37 653 213 722 vellent:
228 676 327 720 naves
348 654 421 721 inde
444 654 559 744 longae
581 654 711 720 abactae
733 649 999 744 ibterdictumquc
1013 657 1093 740 mari
1107 655 1168 724 An·

36 757 120 826 tiati
152 758 280 849 populo
304 769 367 824 est:
390 758 498 825 civitas
521 758 604 824 data.
641 758 790 844 Tiburtes
811 757 1070 850 Praenestinique
1092 785 1167 852 agro

38 860 193 930 multati
215 885 321 952 neque
345 863 387 930 ob
409 885 521 930 recens
542 872 667 928 tanturn
683 862 869 930 rebellionis
899 887 1069 931 commune
1094 877 1202 932 cumb

41 965 125 1034 aliis
154 965 278 1033 Latinis
307 960 426 1042 crimen
454 968 512 1034 sed
532 967 628 1056 quod
656 966 760 1034 taedio
787 967 912 1058 imperii
934 968 1071 1035 Romani
1093 991 1168 1038 cum
1205 963 1210 971 ’

42 1072 164 1138 Gallis
188 1061 283 1162 gente
305 1071 433 1154 effetata
462 1096 550 1140 amia
577 1071 740 1162 quondam
769 1071 1016 1141 consociassent.
1055 1072 1169 1140 ceteris
1251 1100 1253 1107 ·

42 1174 184 1244 Latinis
206 1174 335 1265 populis
357 1176 493 1243 conubia
522 1172 779 1267 commerciaque
811 1187 844 1243 et
871 1177 1003 1244 concilia
1028 1177 1110 1246 inter
1131 1201 1167 1244 se
1274 1162 1281 1182 ”

46 1283 263 1347 ademerunt
302 1279 473 1371 Campanis
489 1283 638 1373 ¹equitum
656 1281 786 1349 honoris
803 1303 908 1364 causa,
931 1281 1005 1372 quia
1020 1305 1095 1349 cnm
1109 1281 1167 1350 La-
1273 1307 1276 1312 ·

47 1385 135 1452 tinis
157 1383 316 1450 rebellare
337 1385 528 1470 noluissent,
554 1387 779 1477 Fundanisque
806 1397 840 1453 ct
860 1386 1051 1471 qumianis‚
1079 1387 1167 1477 quod
1181 1399 1214 1480 lo

48 1515 119 1580 per
142 1489 216 1556 finis
239 1512 352 1556 corum
373 1501 441 1559 tuta
470 1503 648 1582 pacataque
676 1511 804 1581 semper
831 1490 1030 1573 fuissetne,
1059 1491 1168 1564 civitas

50 1593 131 1678 sine
162 1592 311 1684 suffragio
339 1593 422 1662 data.
462 1595 626 1665 Cumanos
648 1593 925 1685 Suessulanosque
954 1593 1098 1662 eiusdem
1123 1597 1175 1677 iu,

135 1769 277 1843 antiquae
287 1769 483 1846 frequentiae
502 1771 582 1828 Veli·

134 1865 202 1912 trae
213 1867 402 1932 receperunt:
411 1856 447 1914 P:
459 1858 485 1916 h.
499 1877 521 1917 e.
535 1860 581 1934 qni

135 1963 198 1999 cum
216 1944 346 2018 adscripti
364 1955 454 2002 esseut
472 1947 511 2001 eis
529 1944 582 2003 Vc·

134 2029 240 2086 literuis
255 2031 300 2107 qul
313 2032 420 2094 abducti
433 2045 581 2092 nouerant

135 2127 258 2174 senatum
270 2121 341 2174 enirn
356 2120 419 2176 inde
437 2121 582 2178 abductum

136 2225 197 2262 ease
216 2204 247 2264 L.
265 2205 347 2262 modo
370 2210 524 2288 scripserat.
547 2239 582 2250 -

135 2291 175 2350 lll:
189 2294 453 2370 „quibusadscribis
465 2297 583 2374 speciem
622 2326 624 2330 ⁴

135 2383 261 2457 antiquae
284 2381 448 2459 frequentiae
472 2381 583 2438 uelitaro

136 2479 295 2545 receperunt
301 2476 326 2529 “.
343 2470 374 2526 lu
383 2470 532 2528 adscribi-r
543 2471 583 2528 vi·

137 2556 218 2612 detur
239 2566 253 2612 t
272 2560 493 2635 praetermissum
511 2577 584 2615 essa:

136 2643 306 2704 adseribtir.

81 2733 107 2790 2.
135 2733 354 2807 permitteretur
366 2735 398 2789 si
406 2741 435 2788 et
450 2735 508 2808 ipsi
518 2743 584 2792 ceta

138 2817 173 2880 P>
200 2845 235 2857 -
261 2817 300 2872 tl:
324 2822 494 2896 pmitteretur
511 2823 540 2878 ai
556 2829 586 2877 et

140 2904 202 2979 ipsi
209 2904 340 2961 adecribi
347 2908 464 2966 colonia
475 2907 480 2980 Ι
491 2908 586 2964 mium

141 3010 208 3046 eum
232 3011 267 3047 eo
292 3002 324 3048 ut
345 2994 506 3050 antiatibus
520 3012 587 3069 per·

23 3134 26 3142 ,
139 3080 222 3134 mitte
237 3079 243 3149 Ι
259 3088 340 3134 retur
364 3083 389 3136 si
411 3091 442 3140 et
464 3079 519 3156 ipsi
536 3087 586 3137 cet.

141 3164 191 3221 aad
214 3185 249 3224 ru.
268 3169 295 3224 «l.
318 3166 405 3223 inedia
432 3169 515 3226 rerba
541 3167 587 3224 de·

141 3250 194 3308 leta
216 3261 287 3313 runt.

86 3343 114 3400 3.
142 3340 591 3418 interdietunequemoridntiati
639 3341 644 3350 ’

141 3429 253 3502 populo
291 3437 353 3484 est:
375 3429 543 3494 xPll1,llarl.
570 3448 587 3487 ι.

142 3512 221 3570 Leid.
237 3532 255 3571 r.
284 3534 307 3572 c.
336 3513 431 3574 Kloclr.
458 3547 492 3559 -
520 3515 589 3573 llell.

142 3599 238 3659 codd:
256 3587 337 3660 mare.
373 3600 417 3660 Cl.
435 3606 467 3669 b,
482 3605 524 3660 3.=
548 3603 590 3658 sic

142 3707 192 3744 vos
210 3688 371 3745 interdicitis
384 3690 505 3767 patribus
517 3708 599 3747 com-¹

144 3777 245 3830 marcio
263 3774 360 3852 plebis.
378 3775 451 3835 llrrl.
469 3795 498 3835 n:
517 3795 589 3834 corn·

39 3863 42 3876 '
144 3863 257 3920 mercia.

91 3949 119 4006 1.
145 3949 253 4006 ciuitas
272 3941 362 4007 elata:
384 3951 421 4024 P]
446 3959 472 4006 et
497 3951 592 4007 civitas

144 4033 207 4092 elata
225 4034 295 4108 (Μ).
321 4069 355 4082 -·-
383 4039 496 4094 Civitas
520 4038 593 4094 data

724 1768 887 1844 iungendum
905 1769 1012 1825 videtur
1023 1778 1053 1824 nt
1065 1778 1096 1825 et
1104 1789 1167 1846 pra·
1212 1750 1214 1765 .

723 1857 782 1914 bari
799 1855 894 1932 possit.
906 1842 1041 1933 ¹persaepe
1053 1872 1117 1914 vero
1132 1859 1168 1913 si·

706 1943 782 2000 'mili
799 1944 881 1999 ruodo
892 1951 1007 2000 erratum
1021 1961 1090 2010 esse,
1109 1964 1169 2004 cum

722 2032 881 2108 praesertim
898 2031 999 2088 eetval
1017 2034 1036 2088 i
1045 2049 1168 2107 praeces·

723 2119 798 2186 serit,
816 2125 909 2174 notum
927 2127 975 2177 ert

669 2207 697 2264 7.
724 2224 811 2261 mma
824 2205 975 2282 quondam
981 2221 1082 2264 eona.-
1099 2207 1122 2264 P
1133 2225 1168 2266 m.

724 2295 754 2350 Μ’
768 2291 804 2350 Μ.
818 2296 851 2332 -’-
864 2291 886 2347 Ρ
903 2311 938 2351 m.
949 2297 995 2351 ’1.ι
1015 2315 1087 2350 arma
1105 2313 1169 2351 con-

724 2379 860 2456 quondam
892 2382 1108 2457 consenescente
1134 2412 1170 2428 -
1252 2389 1253 2400 ¹

723 2465 767 2524 Μι
785 2469 988 2526 consoliasaent.
1016 2468 1018 2477 '
1139 2508 1143 2522 .

671 2555 698 2612 8.
725 2555 866 2610 conubia:
883 2553 940 2614 ΡΜ.
959 2553 1002 2611 Cl.
1015 2559 1043 2623 1,
1059 2557 1086 2614 9.
1104 2556 1131 2616 l.
1145 2560 1171 2616 1.

725 2641 759 2699 al.
781 2673 814 2686 -
841 2640 881 2697 ll:
905 2645 1060 2718 cimertiaq.
1082 2675 1116 2724 7-
1143 2639 1172 2702 Μ

724 2727 799 2787 Harl.
818 2748 836 2786 r.
854 2748 880 2786 c.
892 2728 988 2787 Kloclr.
1007 2728 1074 2788 Lor.
1087 2732 1129 2788 a:
1144 2739 1171 2784 et
1253 2779 1266 2794 ,

680 2872 684 2884 ,
726 2814 849 2870 concilia.
867 2813 975 2873 Prell.:
994 2827 1022 2872 ct
1033 2813 1154 2872 consilia.

674 2903 701 2960 9.
728 2893 859 2976 aquitani
869 2901 1110 2957 bonorieeousar
1124 2897 1173 2959 ΡΜ

728 2987 802 3051 Harl.
824 3008 842 3047 1.
869 2987 946 3048 Leid.
967 3004 985 3046 1.
1013 2986 1048 3046 al.
1088 2987 1173 3056 „Den

729 3061 899 3154 Campanam
920 3075 1015 3131 warde
1038 3075 1087 3131 das
1099 3075 1174 3131 ‘Bur-

729 3161 1174 3240 gerracbtgcgeben‚nmdaaller·

731 3252 821 3308 dienst
847 3252 896 3308 der
918 3251 1022 3319 linter,
1050 3252 1112 3308 dass
1133 3253 1174 3306 sie

729 3337 790 3396 sicli
812 3339 888 3394 nicht
905 3339 1029 3396 minden
1046 3336 1176 3392 Latlnern

732 3445 815 3501 gagen
834 3424 904 3483 llorn
933 3423 1090 3482 verbunden
1118 3423 1175 3478 hat·

731 3519 785 3580 teu,
806 3512 962 3568 ruebren“.
981 3511 1063 3568 Recc.
1082 3509 1176 3568 codd:

684 3644 687 3647 .
731 3600 867 3678 campanis
895 3599 1030 3676 equitibus
1065 3593 1195 3654 bouorls'

730 3707 819 3746 causa.
831 3715 862 3730 -·
878 3686 898 3745 l.
908 3687 929 3743 l'
930 3705 952 3746 r.
962 3685 1045 3744 (irco.
1062 3689 1115 3763 qui
1125 3705 1176 3766 pro

674 3838 677 3852 ⁸
734 3777 806 3851 quia
823 3775 905 3832 scribi
923 3773 1016 3833 voluit.
1039 3773 1121 3841 eto,
1134 3775 1177 3831 11.
1209 3783 1212 3794 “
1295 3840 1298 3848 1
1390 3833 1392 3844 Ι

664 3863 707 3921 11.
731 3882 787 3937 per
797 3863 890 3938 finis:
907 3862 935 3920 Μ
948 3863 1036 3933 m.1.]
1050 3859 1178 3938 perfines

667 3965 670 3971 ⁴
734 3949 779 4017 (Μ
796 3947 1028 4021 mili-ull:
1046 3941 1178 4003 aiuasub'·

703 4065 710 4080 ο
734 4035 829 4111 fregio.

145 4141 201 4180 non
224 4124 262 4180 iu
289 4145 350 4183 cnut
372 4126 509 4200 prioribus
532 4145 593 4181 con·
666 4125 708 4182 11.
739 4125 871 4184 eiusdem
916 4125 991 4182 iuria
1035 4101 1178 4180 contutu-
