2618 4590
75 262 335 383 'rssg
628 274 801 337 numu

164 441 251 524 liora,
272 439 391 531 inquis<
418 440 505 531 atqui
533 463 599 508 non
626 438 793 530 indignitas
817 460 926 505 rerum
954 434 1150 528 sponsionis
1174 433 1269 502 vinen·

167 546 235 612 lum
258 546 357 613 levat:
390 543 516 636 siquid
537 555 587 611 est
607 544 641 610 in
668 567 734 634 quo
762 541 894 633 obligari
920 543 1062 633 populus
1087 540 1222 631 possit,
1245 539 1269 604 in

166 649 272 718 omnia
294 659 411 740 potest.
448 659 543 718 etue
571 646 650 714 illud
673 647 802 737 quidem
829 648 917 737 quod
946 647 1115 736 quosdam
1146 644 1270 712 forsitan

165 764 296 821 moveat
317 752 428 836 refert,
459 751 572 820 consul
597 775 637 817 an
666 751 799 820 dictator
828 775 868 817 an
889 761 1016 842 praetor
1039 749 1269 842 spoponderit:

129 870 199 931 tet
224 857 288 926 hoe
309 857 369 948 ipsi
398 855 493 924 etiarn
515 855 674 922 Samnites
701 853 933 939 iudicaverunt,
969 854 1091 944 quibus
1125 852 1270 922 nonfuit
1308 915 1309 926 ,

167 962 243 1030 sotis
266 961 414 1031 c'onsules
437 960 596 1052 spondere
618 957 676 1026 sed
696 958 819 1050 legatos
841 970 1028 1049 quaestores
1043 960 1204 1027 tribunos
1226 956 1269 1024 mi·

164 1066 256 1133 litum
278 1066 436 1154 spondere
459 1074 640 1154 coegenrnt
678 1087 740 1131 nee
761 1089 780 1130 a
802 1087 856 1130 me
877 1087 961 1130 nunc
983 1064 1169 1153 quisquam
1185 1087 1270 1156 quae

167 1170 275 1253 siverit
296 1169 372 1258 quid
394 1171 437 1236 ita
459 1168 696 1259 spoponderim,
719 1193 794 1236 oum
814 1169 846 1235 id
868 1192 929 1236 nee
946 1168 1090 1235 consulis
1116 1168 1172 1236 ius
1195 1178 1271 1237 esset

167 1298 228 1342 neo
250 1272 312 1338 illis
334 1272 492 1362 spondere
514 1296 644 1363 pacem,
671 1297 754 1363 quae
782 1273 846 1340 mei
867 1297 934 1340 non
955 1282 1022 1338 erat
1045 1271 1191 1355 arbitrii,
1217 1295 1270 1339 nec

119 1396 155 1450 ιι)
165 1402 225 1471 pro
247 1375 354 1458 vobis,
382 1377 436 1466 qui
458 1375 537 1442 nihil
564 1375 810 1458 mandaveratis,
839 1399 985 1466 possem:
1015 1375 1098 1442 nihil
1130 1379 1175 1444 ad
1199 1377 1269 1445 Cau·

167 1483 255 1551 dium
277 1491 384 1571 patres
407 1481 577 1572 conscripti
598 1480 745 1548 humanis
762 1481 899 1548 consiliis
922 1491 1049 1571 gestum
1072 1493 1143 1549 est:
1168 1483 1213 1549 dii
1233 1483 1269 1547 in

165 1584 316 1655 mortales
338 1594 372 1650 et
393 1584 504 1651 vestris
535 1595 567 1652 et
594 1583 735 1652 hostiurn
760 1585 1004 1676 imperatoribus
1030 1597 1184 1654 mentem
1205 1586 1269 1652 ade·

142 1688 306 1759 merunt:
328 1711 390 1756 neo
410 1712 470 1756 nos
492 1688 525 1756 in
547 1687 634 1756 bello
656 1690 732 1758 satis
755 1690 897 1760 cavimus
921 1702 955 1758 et
976 1689 1021 1757 illi
1035 1689 1126 1758 male
1149 1701 1268 1782 partam

236 1856 285 1914 der
303 1854 472 1928 Zumuthung
491 1852 536 1910 die
547 1852 681 1911 Verbind·

236 1941 346 2000 lichteit
372 1941 421 1998 des
444 1939 579 1998 Geltrbdes
606 1942 681 1998 nicht
740 2000 748 2020 ι

235 2031 386 2101 verringert
402 2026 512 2083 werden
531 2027 631 2086 kann“.
826 2039 1001 2106 quaestores
1028 2028 1085 2098 (th
1113 2033 1268 2107 questores)

180 2119 211 2179 d.
237 2118 267 2176 si
284 2117 359 2194 quid
376 2123 422 2172 est
438 2117 540 2191 inquo
554 2116 683 2194 odlr‘gari
821 2123 851 2174 tt
862 2118 918 2174 mil
931 2115 1081 2193 spondere
1091 2126 1266 2196 coegerunt:

234 2205 363 2282 populus
392 2204 489 2275 porsr't
517 2204 548 2256 in
581 2203 681 2260 omnio
820 2201 878 2263 ΡΜ.
1167 2206 1170 2211 ’

235 2299 348 2366 potest.-
366 2287 414 2343 ΡΜ
433 2286 493 2345 eod.
512 2285 570 2344 oet.
589 2287 638 2358 at]
656 2288 682 2342 si
770 2291 797 2349 7.
824 2310 878 2346 nec
899 2309 919 2345 a
940 2309 986 2345 me
1008 2310 1088 2347 nunc
1109 2291 1267 2370 quisquam

822 1865 892 1914 runt
911 1857 1017 1934 quibus
1034 1874 1096 1912 non
1108 1855 1182 1928 fuit
1198 1856 1269 1912 satis

820 1950 898 2003 cvii.
916 1943 1064 2019 spondere
1082 1943 1145 2000 sed
1155 1943 1268 2022 legator

239 2377 305 2453 qnid
324 2384 365 2430 est
382 2375 410 2428 in
423 2371 497 2448 qood
509 2370 621 2447 obligari
632 2393 681 2451 po·

236 2461 317 2541 pulos
323 2461 430 2553 possit,
444 2461 477 2514 'in
491 2460 579 2514 omnia
592 2467 682 2534 potest

238 2547 331 2619 (Leid.
348 2566 366 2606 1.
385 2545 451 2604 Lov.
470 2547 521 2616 4.).
539 2576 574 2586 -
591 2545 683 2603 Nemi·

238 2654 299 2694 nem
318 2633 427 2708 sugerit,
452 2634 483 2688 in
502 2633 585 2710 quod
599 2634 632 2690 ab
649 2633 682 2691 il·

238 2721 274 2780 lis
302 2721 418 2778 librariis
447 2721 579 2797 seriptum
614 2741 682 2789 esse,

173 2840 176 2847 ·
238 2808 312 2889 qnod
335 2811 365 2866 in
392 2809 491 2865 omnia
517 2818 682 2885 sequeretur.

238 2896 287 2954 sed
306 2915 365 2952 oum
384 2896 514 2974 obligari
523 2897 629 2971 aliqua
640 2915 682 2962 re,

238 2986 269 3041 in
286 2984 436 3057 aliquare
453 2978 528 3051 (cic.
537 3001 588 3058 pro
601 2980 682 3040 caeo.

238 3070 265 3137 3,
277 3073 328 3138 7.),
347 3066 377 3124 in
394 3068 527 3141 aliquam
545 3086 608 3122 rem
626 3067 682 3123 dici

206 3157 209 3162 ’
236 3163 345 3236 posset,
367 3162 394 3209 et
416 3151 511 3210 Livius
533 3155 683 3210 orationem

236 3254 340 3301 mutare
352 3262 383 3298 ao
394 3242 498 3297 variare
508 3238 615 3310 soleret,
627 3260 683 3297 non

125 3336 129 3341 '
238 3330 418 3403 dubitavimus
428 3331 589 3404 optimorum
599 3326 682 3384 libro·
726 3325 738 3333 “

236 3438 296 3476 rum
331 3418 516 3476 auctoritatem
550 3417 683 3493 potiorem

237 3504 350 3561 hahere:
358 3524 461 3573 „wenn
472 3523 501 3560 es
510 3511 594 3559 etwas
600 3502 682 3577 gieht,

34 3604 37 3613 “
120 3614 126 3639 ι
236 3586 326 3648 morin
351 3590 436 3647 durch
458 3589 565 3657 solehes
583 3588 682 3646 Gelot-

237 3677 295 3733 niss
322 3675 369 3732 das
388 3675 458 3733 Volk
479 3677 518 3733 als
541 3676 682 3752 gebuadeu

236 3761 395 3821 ersoheiuen
412 3762 496 3831 kann,
513 3782 545 3820 so
563 3763 633 3820 kann
651 3782 681 3818 es

236 3850 286 3909 aui
300 3847 419 3907 dieselbo
430 3847 526 3906 Weise
543 3871 577 3908 aa
593 3848 681 3909 nllem

235 3935 406 4016 rerpfliehtet
421 3936 564 3998 werden“.

65 4007 69 4014 ¹
184 4023 211 4087 ὅ,
237 4022 584 4099 ethoaipai(lilm.1.:
605 4024 680 4100 ipse)

236 4110 325 4168 niam
353 4109 504 4198 Samnites
532 4109 681 4169 iradiooue·

825 2378 1006 2454 quaesiuerit
1031 2376 1108 2452 quid
1135 2379 1180 2434 ito
1205 2397 1265 2451 spo·

821 2461 1266 2541 ponderimePdL—Lov.d.tneo

823 2561 914 2608 temen
927 2570 1003 2608 nune
1024 2552 1171 2628 quisquam
1192 2570 1265 2628 quae·

824 2640 976 2697 siueriteet.
986 2637 1062 2696 Leid.
1067 2656 1086 2698 1.
1096 2637 1178 2701 Voss.
1185 2658 1212 2697 n.
1221 2635 1275 2694 al.:¹

816 2743 875 2803 ‘nee
904 2734 993 2780 tamen
1022 2724 1097 2782 hune
1128 2727 1265 2803 quisquam

823 2813 986 2888 quaesiuerit
1003 2819 1054 2870 cet.
1065 2842 1101 2855 -
1113 2811 1149 2870 P:
1168 2832 1228 2869 eam
1240 2810 1266 2867 id

823 2917 859 2954 ue
888 2895 1007 2954 consulis
1035 2900 1080 2954 ius
1108 2906 1188 2956 esset.
1227 2896 1265 2955 lt:

823 3003 883 3040 eum
901 2982 931 3039 id
956 3005 1006 3042 nee
1028 2983 1208 3063 conditius
1226 3004 1266 3040 es·

823 3079 873 3128 set.
899 3101 934 3112 -
960 3069 1042 3132 Μαι.
1065 3075 1104 3131 1.:
1129 3070 1266 3149 qui'nihil

824 3156 1057 3217 mandaueratatis.
1083 3160 1183 3219 mis
1195 3179 1266 3216 man·

824 3243 967 3305 dederatis.
992 3245 1069 3303 multi
1085 3265 1158 3305 reon.
1176 3245 1264 3304 codd:

823 3333 1023 3392 mandaueritis.
1044 3364 1081 3378 -
1107 3332 1173 3390 Pur
1202 3331 1264 3390 nihil

824 3420 858 3476 ad
868 3421 1001 3480 caudium.
1012 3428 1057 3500 pe.
1071 3421 1199 3480 humanis
1207 3441 1265 3478 oon·

815 3504 893 3564 *siliis
910 3519 1014 3583 gestum
1032 3519 1088 3581 est·

753 3593 796 3652 13.
823 3613 877 3650 nec
894 3614 950 3653 nos
967 3597 998 3651 r'n
1009 3597 1088 3654 bello
1101 3599 1181 3656 sotis
1191 3598 1264 3654 cani·

822 3699 889 3746 mus
907 3691 935 3738 et
948 3683 996 3738 illi
1005 3684 1084 3741 male
1092 3685 1215 3759 partam
1228 3685 1263 3741 ui-

753 3826 755 3831 ,
821 3769 946 3825 storiam
962 3771 1041 3827 malo
1055 3773 1264 3848 perdiderunt:

821 3851 857 3912 tl.
874 3871 910 3917 ,·‘-
931 3853 971 3911 P:
990 3865 1017 3933 et
1034 3855 1075 3914 illi
1093 3856 1265 3931 malapartom

820 3939 962 3996 uictoriam
987 3941 1057 4000 mala
1080 3944 1264 4023 perdiderunt.

820 4044 856 4084 ιιι.
871 4027 910 4086 2:
928 4028 997 4086 mala
1008 4040 1113 4107 partam
1125 4035 1264 4092 uictoriam

820 4111 889 4172 male
918 4114 1102 4190 perdiderunt.
1132 4151 1169 4167 -
1204 4116 1261 4178 en:
