<?xml version="1.0" encoding="UTF-8"?>
<!DOCTYPE html PUBLIC "-//W3C//DTD XHTML 1.0 Transitional//EN"
    "http://www.w3.org/TR/xhtml1/DTD/xhtml1-transitional.dtd">
<html xmlns="http://www.w3.org/1999/xhtml" xml:lang="en" lang="en">
 <head>
  <title>
</title>
<meta http-equiv="Content-Type" content="text/html;charset=utf-8" />
  <meta name='ocr-system' content='tesseract 3.04.00' />
  <meta name='ocr-capabilities' content='ocr_page ocr_carea ocr_par ocr_line ocrx_word'/>
</head>
<body>
  <div class='ocr_page' id='page_1' title='image "./titilivirerumro01alscgoog_0012.png"; bbox 0 0 2618 4590; ppageno 0'>
   <div class='ocr_carea' id='block_1_1' title="bbox 1102 160 1182 265">
    <p class='ocr_par' dir='ltr' id='par_1_1' title="bbox 1102 160 1182 265">
     <span class='ocr_line' id='line_1_1' title="bbox 1102 160 1182 265; baseline 0 0"><span class='ocrx_word' id='word_1_1' title='bbox 1102 160 1108 177; x_wconf 83' lang='grc'>’</span> <span class='ocrx_word' id='word_1_2' title='bbox 1131 200 1182 265; x_wconf 82' lang='lat' dir='ltr'><strong>ru</strong></span> 
     </span>
    </p>
   </div>
   <div class='ocr_carea' id='block_1_2' title="bbox 69 356 1271 711">
    <p class='ocr_par' dir='ltr' id='par_1_2' title="bbox 69 356 1271 711">
     <span class='ocr_line' id='line_1_2' title="bbox 85 356 1182 477; baseline 0.005 -40"><span class='ocrx_word' id='word_1_3' title='bbox 85 361 194 437; x_wconf 85' lang='lat' dir='ltr'><strong>&#39;relata</strong></span> <span class='ocrx_word' id='word_1_4' title='bbox 225 357 349 442; x_wconf 83' lang='lat' dir='ltr'><strong>vellet:</strong></span> <span class='ocrx_word' id='word_1_5' title='bbox 378 359 417 437; x_wconf 87' lang='lat' dir='ltr'><strong>id</strong></span> <span class='ocrx_word' id='word_1_6' title='bbox 447 361 545 464; x_wconf 87' lang='lat' dir='ltr'><strong>quod</strong></span> <span class='ocrx_word' id='word_1_7' title='bbox 573 361 698 477; x_wconf 77' lang='lat' dir='ltr'><strong>peritis</strong></span> <span class='ocrx_word' id='word_1_8' title='bbox 723 360 890 442; x_wconf 81' lang='lat' dir='ltr'><strong>Livianae</strong></span> <span class='ocrx_word' id='word_1_9' title='bbox 921 361 1092 442; x_wconf 83' lang='lat' dir='ltr'><strong>orationis</strong></span> <span class='ocrx_word' id='word_1_10' title='bbox 1116 356 1182 443; x_wconf 85' lang='lat' dir='ltr'><strong>mi-</strong></span> 
     </span>
     <span class='ocr_line' id='line_1_3' title="bbox 83 484 1180 598; baseline 0.005 -41"><span class='ocrx_word' id='word_1_11' title='bbox 83 511 161 598; x_wconf 80' lang='lat' dir='ltr'><strong>rum</strong></span> <span class='ocrx_word' id='word_1_12' title='bbox 186 509 367 597; x_wconf 77' lang='lat' dir='ltr'><strong>essenon</strong></span> <span class='ocrx_word' id='word_1_13' title='bbox 390 494 525 598; x_wconf 82' lang='lat' dir='ltr'><strong>potest,</strong></span> <span class='ocrx_word' id='word_1_14' title='bbox 558 485 691 595; x_wconf 78' lang='lat' dir='ltr'>quippe</span> <span class='ocrx_word' id='word_1_15' title='bbox 715 510 762 559; x_wconf 76' lang='lat' dir='ltr'><strong>en</strong></span> <span class='ocrx_word' id='word_1_16' title='bbox 790 512 859 585; x_wconf 87' lang='lat' dir='ltr'><strong>qua</strong></span> <span class='ocrx_word' id='word_1_17' title='bbox 887 484 1108 586; x_wconf 77' lang='lat' dir='ltr'><strong>praedicata,</strong></span> <span class='ocrx_word' id='word_1_18' title='bbox 1139 497 1180 563; x_wconf 88' lang='lat' dir='ltr'><strong>ut</strong></span> 
     </span>
     <span class='ocr_line' id='line_1_4' title="bbox 69 600 1271 711; baseline 0.004 -30"><span class='ocrx_word' id='word_1_19' title='bbox 69 600 221 697; x_wconf 67' lang='lat' dir='ltr'><strong>uocant,</strong></span> <span class='ocrx_word' id='word_1_20' title='bbox 245 631 319 680; x_wconf 91' lang='lat' dir='ltr'><strong>non</strong></span> <span class='ocrx_word' id='word_1_21' title='bbox 343 631 484 706; x_wconf 86' lang='lat' dir='ltr'><strong>eoquo</strong></span> <span class='ocrx_word' id='word_1_22' title='bbox 509 604 701 697; x_wconf 85' lang='lat' dir='ltr'><strong>debebant,</strong></span> <span class='ocrx_word' id='word_1_23' title='bbox 732 604 798 682; x_wconf 89' lang='lat' dir='ltr'><strong>sed</strong></span> <span class='ocrx_word' id='word_1_24' title='bbox 823 606 1047 709; x_wconf 83' lang='lat' dir='ltr'><strong>adproxima</strong></span> <span class='ocrx_word' id='word_1_25' title='bbox 1072 636 1179 711; x_wconf 78' lang='lat' dir='ltr'><strong>quae·</strong></span> <span class='ocrx_word' id='word_1_26' title='bbox 1254 636 1271 647; x_wconf 69' lang='grc'><strong>’·</strong></span> 
     </span>
    </p>
   </div>
   <div class='ocr_carea' id='block_1_3' title="bbox 83 726 1295 831">
    <p class='ocr_par' dir='ltr' id='par_1_3' title="bbox 83 726 1295 831">
     <span class='ocr_line' id='line_1_5' title="bbox 83 726 1295 831; baseline 0.007 -31"><span class='ocrx_word' id='word_1_27' title='bbox 83 753 155 826; x_wconf 91' lang='lat' dir='ltr'><strong>que</strong></span> <span class='ocrx_word' id='word_1_28' title='bbox 183 727 332 806; x_wconf 62' lang='lat' dir='ltr'><strong>nomina,</strong></span> <span class='ocrx_word' id='word_1_29' title='bbox 357 737 534 828; x_wconf 76' lang='lat' dir='ltr'><strong>spectare·</strong></span> <span class='ocrx_word' id='word_1_30' title='bbox 551 727 697 804; x_wconf 82' lang='lat' dir='ltr'><strong>soleant.</strong></span> <span class='ocrx_word' id='word_1_31' title='bbox 745 754 870 806; x_wconf 84' lang='lat' dir='ltr'><strong>verum</strong></span> <span class='ocrx_word' id='word_1_32' title='bbox 901 726 989 801; x_wconf 87' lang='lat' dir='ltr'><strong>haec</strong></span> <span class='ocrx_word' id='word_1_33' title='bbox 1013 730 1179 831; x_wconf 78' lang='lat' dir='ltr'><strong>-taliaqde</strong></span> <span class='ocrx_word' id='word_1_34' title='bbox 1289 754 1295 769; x_wconf 90' lang='lat'><em>&#39;</em></span> 
     </span>
    </p>
   </div>
   <div class='ocr_carea' id='block_1_4' title="bbox 18 847 1250 3382">
    <p class='ocr_par' dir='ltr' id='par_1_4' title="bbox 18 847 1250 3382">
     <span class='ocr_line' id='line_1_6' title="bbox 82 847 1177 953; baseline 0.006 -32"><span class='ocrx_word' id='word_1_35' title='bbox 82 847 198 922; x_wconf 89' lang='lat' dir='ltr'><strong>minus</strong></span> <span class='ocrx_word' id='word_1_36' title='bbox 209 912 215 925; x_wconf 81' lang='grc'><strong>.,</strong></span> <span class='ocrx_word' id='word_1_37' title='bbox 224 847 330 922; x_wconf 87' lang='lat' dir='ltr'><strong>dubia</strong></span> <span class='ocrx_word' id='word_1_38' title='bbox 358 849 476 925; x_wconf 83' lang='lat' dir='ltr'><strong>lutura</strong></span> <span class='ocrx_word' id='word_1_39' title='bbox 505 850 618 926; x_wconf 83' lang='lat' dir='ltr'><strong>fuisse</strong></span> <span class='ocrx_word' id='word_1_40' title='bbox 647 849 820 953; x_wconf 77' lang='lat' dir='ltr'><strong>intelligo,</strong></span> <span class='ocrx_word' id='word_1_41' title='bbox 850 849 884 926; x_wconf 92' lang='lat' dir='ltr'><strong>si</strong></span> <span class='ocrx_word' id='word_1_42' title='bbox 915 849 997 927; x_wconf 84' lang='lat' dir='ltr'><strong>iam.</strong></span> <span class='ocrx_word' id='word_1_43' title='bbox 1010 850 1053 923; x_wconf 90' lang='lat' dir='ltr'><strong>ab</strong></span> <span class='ocrx_word' id='word_1_44' title='bbox 1078 853 1177 927; x_wconf 83' lang='lat' dir='ltr'><strong>initio</strong></span> 
     </span>
     <span class='ocr_line' id='line_1_7' title="bbox 18 962 1179 1073; baseline 0.002 -30"><span class='ocrx_word' id='word_1_45' title='bbox 18 962 22 974; x_wconf 73' lang='grc'>’</span> <span class='ocrx_word' id='word_1_46' title='bbox 79 968 191 1044; x_wconf 83' lang='lat' dir='ltr'><strong>totius</strong></span> <span class='ocrx_word' id='word_1_47' title='bbox 215 971 335 1073; x_wconf 86' lang='lat' dir='ltr'><strong>operis</strong></span> <span class='ocrx_word' id='word_1_48' title='bbox 361 970 472 1055; x_wconf 82' lang='lat' dir='ltr'><strong>ad&#39;ea</strong></span> <span class='ocrx_word' id='word_1_49' title='bbox 494 980 585 1073; x_wconf 81' lang='lat' dir='ltr'><strong>&#39;quae</strong></span> <span class='ocrx_word' id='word_1_50' title='bbox 603 971 720 1046; x_wconf 91' lang='lat' dir='ltr'><strong>minus</strong></span> <span class='ocrx_word' id='word_1_51' title='bbox 739 980 858 1073; x_wconf 87' lang='lat' dir='ltr'><strong>aperta</strong></span> <span class='ocrx_word' id='word_1_52' title='bbox 876 969 1083 1051; x_wconf 86' lang='lat' dir='ltr'><strong>viderentur</strong></span> <span class='ocrx_word' id='word_1_53' title='bbox 1099 998 1179 1070; x_wconf 92' lang='lat' dir='ltr'><strong>pro-</strong></span> 
     </span>
     <span class='ocr_line' id='line_1_8' title="bbox 80 1090 1180 1195; baseline 0.004 -33"><span class='ocrx_word' id='word_1_54' title='bbox 80 1090 194 1189; x_wconf 86' lang='lat' dir='ltr'><strong>banda</strong></span> <span class='ocrx_word' id='word_1_55' title='bbox 220 1093 355 1169; x_wconf 85' lang='lat' dir='ltr'><strong>similes</strong></span> <span class='ocrx_word' id='word_1_56' title='bbox 379 1092 479 1170; x_wconf 89' lang='lat' dir='ltr'><strong>locos</strong></span> <span class='ocrx_word' id='word_1_57' title='bbox 505 1121 524 1168; x_wconf 93' lang='lat' dir='ltr'><strong>a</strong></span> <span class='ocrx_word' id='word_1_58' title='bbox 542 1095 722 1195; x_wconf 84' lang='lat' dir='ltr'><strong>perversis</strong></span> <span class='ocrx_word' id='word_1_59' title='bbox 738 1093 806 1168; x_wconf 90' lang='lat' dir='ltr'><strong>illis</strong></span> <span class='ocrx_word' id='word_1_60' title='bbox 824 1092 1054 1168; x_wconf 74' lang='lat' dir='ltr'><strong>librariorum·</strong></span> <span class='ocrx_word' id='word_1_61' title='bbox 1066 1103 1104 1166; x_wconf 84' lang='lat' dir='ltr'><strong>et</strong></span> <span class='ocrx_word' id='word_1_62' title='bbox 1119 1118 1180 1166; x_wconf 89' lang='lat' dir='ltr'><strong>au·</strong></span> 
     </span>
     <span class='ocr_line' id='line_1_9' title="bbox 77 1213 1179 1312; baseline 0.005 -27"><span class='ocrx_word' id='word_1_63' title='bbox 77 1213 257 1312; x_wconf 85' lang='lat' dir='ltr'><strong>tiquorum</strong></span> <span class='ocrx_word' id='word_1_64' title='bbox 283 1225 321 1291; x_wconf 87' lang='lat' dir='ltr'><strong>et</strong></span> <span class='ocrx_word' id='word_1_65' title='bbox 344 1217 540 1292; x_wconf 83' lang='lat' dir='ltr'><strong>recentium</strong></span> <span class='ocrx_word' id='word_1_66' title='bbox 557 1214 870 1291; x_wconf 68' lang='lat' dir='ltr'><strong>&#39;emendationibus</strong></span> <span class='ocrx_word' id='word_1_67' title='bbox 899 1213 1069 1290; x_wconf 86' lang='lat' dir='ltr'><strong>liberatos</strong></span> <span class='ocrx_word' id='word_1_68' title='bbox 1094 1215 1179 1290; x_wconf 90' lang='lat' dir='ltr'><strong>sub·</strong></span> 
     </span>
     <span class='ocr_line' id='line_1_10' title="bbox 77 1325 1250 1449; baseline 0.005 -44"><span class='ocrx_word' id='word_1_69' title='bbox 77 1334 257 1426; x_wconf 85' lang='lat' dir='ltr'><strong>iecissem,</strong></span> <span class='ocrx_word' id='word_1_70' title='bbox 294 1346 336 1412; x_wconf 88' lang='lat' dir='ltr'><strong>ut</strong></span> <span class='ocrx_word' id='word_1_71' title='bbox 359 1364 426 1414; x_wconf 90' lang='lat' dir='ltr'><strong>suo</strong></span> <span class='ocrx_word' id='word_1_72' title='bbox 454 1325 628 1440; x_wconf 70' lang='lat' dir='ltr'><strong>,quodque</strong></span> <span class='ocrx_word' id='word_1_73' title='bbox 658 1338 738 1413; x_wconf 88' lang='lat' dir='ltr'><strong>loco</strong></span> <span class='ocrx_word' id='word_1_74' title='bbox 768 1363 890 1416; x_wconf 78' lang='lat' dir='ltr'><strong>verum</strong></span> <span class='ocrx_word' id='word_1_75' title='bbox 922 1337 1179 1449; x_wconf 75' lang='lat' dir='ltr'><strong>propriumque</strong></span> <span class='ocrx_word' id='word_1_76' title='bbox 1246 1356 1250 1369; x_wconf 82' lang='grc'><strong>’</strong></span> 
     </span>
     <span class='ocr_line' id='line_1_11' title="bbox 76 1450 1179 1562; baseline 0.005 -36"><span class='ocrx_word' id='word_1_77' title='bbox 76 1450 263 1533; x_wconf 76' lang='lat' dir='ltr'><strong>Lividnuui</strong></span> <span class='ocrx_word' id='word_1_78' title='bbox 288 1459 470 1534; x_wconf 83' lang='lat' dir='ltr'><strong>scribendi</strong></span> <span class='ocrx_word' id='word_1_79' title='bbox 494 1486 607 1561; x_wconf 80' lang='lat' dir='ltr'><strong>genus</strong></span> <span class='ocrx_word' id='word_1_80' title='bbox 627 1459 794 1562; x_wconf 57' lang='lat' dir='ltr'><strong>=perspiui</strong></span> <span class='ocrx_word' id='word_1_81' title='bbox 824 1469 959 1562; x_wconf 79' lang='lat' dir='ltr'><strong>posset</strong></span> <span class='ocrx_word' id='word_1_82' title='bbox 995 1458 1179 1559; x_wconf 78' lang='lat' dir='ltr'><strong>conlerau·</strong></span> 
     </span>
     <span class='ocr_line' id='line_1_12' title="bbox 76 1573 1177 1683; baseline 0.005 -35"><span class='ocrx_word' id='word_1_83' title='bbox 76 1587 146 1669; x_wconf 67' lang='lat' dir='ltr'><strong>tur.</strong></span> <span class='ocrx_word' id='word_1_84' title='bbox 165 1577 273 1677; x_wconf 79' lang='lat' dir='ltr'><strong>igitur</strong></span> <span class='ocrx_word' id='word_1_85' title='bbox 305 1573 397 1680; x_wconf 85' lang='lat' dir='ltr'><strong>quae</strong></span> <span class='ocrx_word' id='word_1_86' title='bbox 430 1581 485 1656; x_wconf 87' lang='lat' dir='ltr'><strong>ad</strong></span> <span class='ocrx_word' id='word_1_87' title='bbox 504 1585 565 1675; x_wconf 65' lang='lat'><strong>103</strong></span> <span class='ocrx_word' id='word_1_88' title='bbox 590 1584 623 1658; x_wconf 85' lang='grc'><strong>6.</strong></span> <span class='ocrx_word' id='word_1_89' title='bbox 656 1607 837 1683; x_wconf 85' lang='lat' dir='ltr'><strong>„quorum</strong></span> <span class='ocrx_word' id='word_1_90' title='bbox 867 1580 1065 1654; x_wconf 89' lang='lat' dir='ltr'><strong>honoribus</strong></span> <span class='ocrx_word' id='word_1_91' title='bbox 1088 1578 1177 1653; x_wconf 89' lang='lat' dir='ltr'><strong>nihil</strong></span> 
     </span>
     <span class='ocr_line' id='line_1_13' title="bbox 74 1691 1176 1805; baseline 0.004 -35"><span class='ocrx_word' id='word_1_92' title='bbox 74 1709 219 1796; x_wconf 84' lang='lat' dir='ltr'><strong>praeter</strong></span> <span class='ocrx_word' id='word_1_93' title='bbox 255 1691 470 1795; x_wconf 85' lang='lat' dir='ltr'><strong>sacerdotia,</strong></span> <span class='ocrx_word' id='word_1_94' title='bbox 508 1726 601 1805; x_wconf 87' lang='lat' dir='ltr'><strong>quae</strong></span> <span class='ocrx_word' id='word_1_95' title='bbox 636 1705 794 1780; x_wconf 91' lang='lat' dir='ltr'><strong>noudum</strong></span> <span class='ocrx_word' id='word_1_96' title='bbox 828 1701 1030 1804; x_wconf 88' lang='lat' dir='ltr'><strong>promiscua</strong></span> <span class='ocrx_word' id='word_1_97' title='bbox 1066 1709 1176 1792; x_wconf 80' lang='lat' dir='ltr'><strong>eraut,</strong></span> 
     </span>
     <span class='ocr_line' id='line_1_14' title="bbox 75 1817 1175 1926; baseline 0.006 -36"><span class='ocrx_word' id='word_1_98' title='bbox 75 1817 282 1912; x_wconf 71' lang='lat' dir='ltr'><strong>deessena‘,</strong></span> <span class='ocrx_word' id='word_1_99' title='bbox 308 1848 414 1926; x_wconf 83' lang='lat' dir='ltr'><strong>quem</strong></span> <span class='ocrx_word' id='word_1_100' title='bbox 440 1824 484 1896; x_wconf 90' lang='lat' dir='ltr'><strong>ad</strong></span> <span class='ocrx_word' id='word_1_101' title='bbox 508 1826 653 1926; x_wconf 88' lang='lat' dir='ltr'><strong>modum</strong></span> <span class='ocrx_word' id='word_1_102' title='bbox 677 1826 727 1900; x_wconf 91' lang='lat' dir='ltr'><strong>ibi</strong></span> <span class='ocrx_word' id='word_1_103' title='bbox 751 1853 796 1901; x_wconf 86' lang='lat' dir='ltr'><strong>ex</strong></span> <span class='ocrx_word' id='word_1_104' title='bbox 818 1824 973 1900; x_wconf 91' lang='lat' dir='ltr'><strong>omniurn</strong></span> <span class='ocrx_word' id='word_1_105' title='bbox 991 1821 1175 1897; x_wconf 88' lang='lat' dir='ltr'><strong>meliorum</strong></span> 
     </span>
     <span class='ocr_line' id='line_1_15' title="bbox 74 1939 1176 2030; baseline -0.001 -14"><span class='ocrx_word' id='word_1_106' title='bbox 74 1939 133 2016; x_wconf 88' lang='lat' dir='ltr'><strong>vel</strong></span> <span class='ocrx_word' id='word_1_107' title='bbox 144 1939 566 2025; x_wconf 81' lang='lat' dir='ltr'><strong>Drakenborchianorum</strong></span> <span class='ocrx_word' id='word_1_108' title='bbox 582 1944 743 2021; x_wconf 85' lang='lat' dir='ltr'><strong>codicum</strong></span> <span class='ocrx_word' id='word_1_109' title='bbox 760 1946 831 2019; x_wconf 89' lang='lat' dir='ltr'><strong>fide</strong></span> <span class='ocrx_word' id='word_1_110' title='bbox 844 1944 1071 2020; x_wconf 86' lang='lat' dir='ltr'><strong>scribendum</strong></span> <span class='ocrx_word' id='word_1_111' title='bbox 1090 1952 1176 2030; x_wconf 69' lang='lat' dir='ltr'><strong>erat-3</strong></span> 
     </span>
     <span class='ocr_line' id='line_1_16' title="bbox 74 2060 1176 2169; baseline 0.003 -35"><span class='ocrx_word' id='word_1_112' title='bbox 74 2060 169 2137; x_wconf 87' lang='lat' dir='ltr'><strong>dicta</strong></span> <span class='ocrx_word' id='word_1_113' title='bbox 185 2074 280 2140; x_wconf 89' lang='lat' dir='ltr'><strong>suut.</strong></span> <span class='ocrx_word' id='word_1_114' title='bbox 318 2064 463 2141; x_wconf 87' lang='lat' dir='ltr'><strong>Deinde</strong></span> <span class='ocrx_word' id='word_1_115' title='bbox 478 2067 688 2169; x_wconf 85' lang='lat' dir='ltr'><strong>scripsimus</strong></span> <span class='ocrx_word' id='word_1_116' title='bbox 714 2088 757 2141; x_wconf 80' lang='lat' dir='ltr'><strong>ex</strong></span> <span class='ocrx_word' id='word_1_117' title='bbox 783 2066 908 2141; x_wconf 83' lang='lat' dir='ltr'><strong>eodem</strong></span> <span class='ocrx_word' id='word_1_118' title='bbox 928 2063 1176 2164; x_wconf 86' lang='lat' dir='ltr'><strong>antiquissimo</strong></span> 
     </span>
     <span class='ocr_line' id='line_1_17' title="bbox 73 2173 1175 2290; baseline 0.001 -34"><span class='ocrx_word' id='word_1_119' title='bbox 73 2180 111 2257; x_wconf 67' lang='lat' dir='ltr'><strong>P‘</strong></span> <span class='ocrx_word' id='word_1_120' title='bbox 128 2184 261 2276; x_wconf 69' lang='lat' dir='ltr'><strong>‚&#39;‚unde·</strong></span> <span class='ocrx_word' id='word_1_121' title='bbox 275 2196 342 2261; x_wconf 87' lang='lat' dir='ltr'><strong>aut·</strong></span> <span class='ocrx_word' id='word_1_122' title='bbox 361 2214 442 2288; x_wconf 34' lang='lat' dir='ltr'><strong>quo⁸</strong></span> <span class='ocrx_word' id='word_1_123' title='bbox 460 2173 546 2265; x_wconf 87' lang='lat' dir='ltr'><strong>casu</strong></span> <span class='ocrx_word' id='word_1_124' title='bbox 562 2188 731 2290; x_wconf 77' lang='lat' dir='ltr'><strong>‘profecti‘</strong></span> <span class='ocrx_word' id='word_1_125' title='bbox 752 2187 859 2262; x_wconf 91' lang='lat' dir='ltr'><strong>domo</strong></span> <span class='ocrx_word' id='word_1_126' title='bbox 887 2184 980 2289; x_wconf 77' lang='lat' dir='ltr'><strong>quid</strong></span> <span class='ocrx_word' id='word_1_127' title='bbox 1001 2210 1175 2288; x_wconf 77' lang='lat' dir='ltr'><strong>quaeren-</strong></span> 
     </span>
     <span class='ocr_line' id='line_1_18' title="bbox 72 2303 1177 2410; baseline 0.002 -32"><span class='ocrx_word' id='word_1_128' title='bbox 72 2306 194 2379; x_wconf 78' lang='lat' dir='ltr'><strong>tosiu·</strong></span> <span class='ocrx_word' id='word_1_129' title='bbox 212 2334 334 2410; x_wconf 81' lang='lat' dir='ltr'><strong>agrum</strong></span> <span class='ocrx_word' id='word_1_130' title='bbox 357 2309 614 2394; x_wconf 71' lang='lat' dir='ltr'><strong>numentinum</strong></span> <span class='ocrx_word' id='word_1_131' title='bbox 641 2311 835 2402; x_wconf 57' lang='lat' dir='ltr'><strong>exissent‘t,</strong></span> <span class='ocrx_word' id='word_1_132' title='bbox 868 2334 947 2384; x_wconf 89' lang='lat' dir='ltr'><strong>curn</strong></span> <span class='ocrx_word' id='word_1_133' title='bbox 973 2309 1042 2381; x_wconf 90' lang='lat' dir='ltr'><strong>iam</strong></span> <span class='ocrx_word' id='word_1_134' title='bbox 1071 2307 1108 2378; x_wconf 92' lang='lat' dir='ltr'><strong>in</strong></span> <span class='ocrx_word' id='word_1_135' title='bbox 1132 2303 1177 2380; x_wconf 88' lang='lat' dir='ltr'>M</span> 
     </span>
     <span class='ocr_line' id='line_1_19' title="bbox 73 2419 1175 2533; baseline 0 -34"><span class='ocrx_word' id='word_1_136' title='bbox 73 2419 321 2504; x_wconf 81' lang='lat' dir='ltr'><strong>emendatione</strong></span> <span class='ocrx_word' id='word_1_137' title='bbox 348 2457 472 2532; x_wconf 89' lang='lat' dir='ltr'><strong>parum</strong></span> <span class='ocrx_word' id='word_1_138' title='bbox 503 2431 678 2533; x_wconf 82' lang='lat' dir='ltr'><strong>probabili</strong></span> <span class='ocrx_word' id='word_1_139' title='bbox 709 2433 893 2532; x_wconf 87' lang='lat' dir='ltr'><strong>scriptum</strong></span> <span class='ocrx_word' id='word_1_140' title='bbox 913 2439 1013 2505; x_wconf 90' lang='lat' dir='ltr'><strong>esset</strong></span> <span class='ocrx_word' id='word_1_141' title='bbox 1042 2425 1175 2530; x_wconf 79' lang='lat' dir='ltr'><strong>quidve</strong></span> 
     </span>
     <span class='ocr_line' id='line_1_20' title="bbox 70 2546 1177 2648; baseline 0.002 -28"><span class='ocrx_word' id='word_1_142' title='bbox 70 2559 292 2646; x_wconf 72' lang='lat' dir='ltr'><strong>qrroeraates.</strong></span> <span class='ocrx_word' id='word_1_143' title='bbox 330 2552 468 2629; x_wconf 86' lang='lat' dir='ltr'><strong>scilicet</strong></span> <span class='ocrx_word' id='word_1_144' title='bbox 497 2554 547 2631; x_wconf 89' lang='lat' dir='ltr'><strong>ita</strong></span> <span class='ocrx_word' id='word_1_145' title='bbox 578 2551 836 2629; x_wconf 85' lang='lat' dir='ltr'><strong>emendandum</strong></span> <span class='ocrx_word' id='word_1_146' title='bbox 864 2549 1052 2631; x_wconf 82' lang='lat' dir='ltr'><strong>videbatur</strong></span> <span class='ocrx_word' id='word_1_147' title='bbox 1077 2546 1177 2648; x_wconf 89' lang='lat' dir='ltr'><strong>quod</strong></span> 
     </span>
     <span class='ocr_line' id='line_1_21' title="bbox 72 2662 1175 2775; baseline -0.001 -33"><span class='ocrx_word' id='word_1_148' title='bbox 72 2668 175 2756; x_wconf 83' lang='lat' dir='ltr'><strong>aliter</strong></span> <span class='ocrx_word' id='word_1_149' title='bbox 197 2697 271 2746; x_wconf 90' lang='lat' dir='ltr'><strong>non</strong></span> <span class='ocrx_word' id='word_1_150' title='bbox 301 2684 404 2749; x_wconf 86' lang='lat' dir='ltr'><strong>esset·</strong></span> <span class='ocrx_word' id='word_1_151' title='bbox 431 2698 510 2775; x_wconf 90' lang='lat' dir='ltr'><strong>quo·</strong></span> <span class='ocrx_word' id='word_1_152' title='bbox 535 2662 770 2753; x_wconf 81' lang='lat' dir='ltr'><strong>antecedenti</strong></span> <span class='ocrx_word' id='word_1_153' title='bbox 791 2684 856 2747; x_wconf 85' lang='lat' dir='ltr'><strong>out</strong></span> <span class='ocrx_word' id='word_1_154' title='bbox 885 2671 1175 2773; x_wconf 58' lang='lat' dir='ltr'><strong>respondendum</strong></span> 
     </span>
     <span class='ocr_line' id='line_1_22' title="bbox 52 2789 1178 2897; baseline -0.002 -34"><span class='ocrx_word' id='word_1_155' title='bbox 52 2830 58 2887; x_wconf 80' lang='lat'><em>3</em></span> <span class='ocrx_word' id='word_1_156' title='bbox 72 2815 223 2891; x_wconf 88' lang='lat' dir='ltr'><strong>eamque</strong></span> <span class='ocrx_word' id='word_1_157' title='bbox 239 2795 451 2896; x_wconf 72' lang='lat' dir='ltr'><strong>seripturam</strong></span> <span class='ocrx_word' id='word_1_158' title='bbox 471 2796 635 2873; x_wconf 90' lang='lat' dir='ltr'><strong>omnibus</strong></span> <span class='ocrx_word' id='word_1_159' title='bbox 652 2796 841 2897; x_wconf 87' lang='lat' dir='ltr'><strong>probatum</strong></span> <span class='ocrx_word' id='word_1_160' title='bbox 857 2792 1034 2879; x_wconf 81' lang='lat' dir='ltr'><strong>iri&#39;video,</strong></span> <span class='ocrx_word' id='word_1_161' title='bbox 1057 2791 1119 2889; x_wconf 90' lang='lat' dir='ltr'><strong>qui</strong></span> <span class='ocrx_word' id='word_1_162' title='bbox 1136 2789 1178 2860; x_wconf 87' lang='lat' dir='ltr'><strong>in</strong></span> 
     </span>
     <span class='ocr_line' id='line_1_23' title="bbox 71 2909 1175 3019; baseline -0.002 -34"><span class='ocrx_word' id='word_1_163' title='bbox 71 2912 192 2988; x_wconf 86' lang='lat' dir='ltr'><strong>verbis</strong></span> <span class='ocrx_word' id='word_1_164' title='bbox 206 2914 379 2990; x_wconf 71' lang='lat' dir='ltr'><strong>ardeant</strong></span> <span class='ocrx_word' id='word_1_165' title='bbox 395 2943 466 3019; x_wconf 80' lang='lat' dir='ltr'><strong>quo</strong></span> <span class='ocrx_word' id='word_1_166' title='bbox 485 2943 576 2992; x_wconf 83' lang='lat' dir='ltr'><strong>casu</strong></span> <span class='ocrx_word' id='word_1_167' title='bbox 593 2918 765 3019; x_wconf 78' lang='lat' dir='ltr'><strong>profecti</strong></span> <span class='ocrx_word' id='word_1_168' title='bbox 782 2914 888 2990; x_wconf 84' lang='lat' dir='ltr'><strong>domo</strong></span> <span class='ocrx_word' id='word_1_169' title='bbox 912 2909 1054 3013; x_wconf 75' lang='lat' dir='ltr'><strong>etquid</strong></span> <span class='ocrx_word' id='word_1_170' title='bbox 1066 2934 1175 3011; x_wconf 79' lang='lat' dir='ltr'><strong>qaue-</strong></span> 
     </span>
     <span class='ocr_line' id='line_1_24' title="bbox 70 3031 1175 3139; baseline -0.004 -32"><span class='ocrx_word' id='word_1_171' title='bbox 70 3045 191 3108; x_wconf 79' lang='lat' dir='ltr'><strong>rentes</strong></span> <span class='ocrx_word' id='word_1_172' title='bbox 214 3037 366 3126; x_wconf 84' lang='lat' dir='ltr'><strong>similem</strong></span> <span class='ocrx_word' id='word_1_173' title='bbox 397 3038 575 3139; x_wconf 81' lang='lat' dir='ltr'><strong>quandam</strong></span> <span class='ocrx_word' id='word_1_174' title='bbox 605 3035 894 3139; x_wconf 77' lang='lat' dir='ltr'><strong>interrogationis</strong></span> <span class='ocrx_word' id='word_1_175' title='bbox 925 3034 998 3112; x_wconf 80' lang='lat' dir='ltr'><strong>vim</strong></span> <span class='ocrx_word' id='word_1_176' title='bbox 1029 3033 1106 3109; x_wconf 90' lang='lat' dir='ltr'><strong>sibi·</strong></span> <span class='ocrx_word' id='word_1_177' title='bbox 1122 3031 1175 3104; x_wconf 51' lang='lat' dir='ltr'><strong>vi&amp;</strong></span> 
     </span>
     <span class='ocr_line' id='line_1_25' title="bbox 70 3140 1176 3261; baseline -0.005 -33"><span class='ocrx_word' id='word_1_178' title='bbox 70 3155 157 3230; x_wconf 86' lang='lat' dir='ltr'><strong>dere</strong></span> <span class='ocrx_word' id='word_1_179' title='bbox 173 3158 371 3234; x_wconf 77' lang='lat' dir='ltr'><strong>videantun</strong></span> <span class='ocrx_word' id='word_1_180' title='bbox 394 3161 730 3261; x_wconf 81' lang='lat' dir='ltr'><strong>sed,praeterquam</strong></span> <span class='ocrx_word' id='word_1_181' title='bbox 756 3140 984 3259; x_wconf 83' lang='lat' dir='ltr'><strong>quodetiam</strong></span> <span class='ocrx_word' id='word_1_182' title='bbox 1003 3153 1176 3255; x_wconf 70' lang='lat' dir='ltr'><strong>prosecta*</strong></span> 
     </span>
     <span class='ocr_line' id='line_1_26' title="bbox 71 3272 1175 3382; baseline -0.005 -31"><span class='ocrx_word' id='word_1_183' title='bbox 71 3278 120 3352; x_wconf 92' lang='lat' dir='ltr'><strong>ad</strong></span> <span class='ocrx_word' id='word_1_184' title='bbox 130 3281 461 3382; x_wconf 80' lang='lat' dir='ltr'><strong>exissentrespicit‚</strong></span> <span class='ocrx_word' id='word_1_185' title='bbox 486 3307 560 3356; x_wconf 88' lang='lat' dir='ltr'><strong>nou</strong></span> <span class='ocrx_word' id='word_1_186' title='bbox 571 3282 687 3372; x_wconf 80' lang='lat' dir='ltr'><strong>video,</strong></span> <span class='ocrx_word' id='word_1_187' title='bbox 713 3304 793 3354; x_wconf 87' lang='lat' dir='ltr'><strong>cum</strong></span> <span class='ocrx_word' id='word_1_188' title='bbox 812 3303 927 3378; x_wconf 87' lang='lat' dir='ltr'><strong>aeque</strong></span> <span class='ocrx_word' id='word_1_189' title='bbox 940 3301 1004 3350; x_wconf 87' lang='lat' dir='ltr'><strong>rex</strong></span> <span class='ocrx_word' id='word_1_190' title='bbox 1022 3272 1175 3347; x_wconf 85' lang='lat' dir='ltr'><strong>Latinus</strong></span> 
     </span>
    </p>
   </div>
   <div class='ocr_carea' id='block_1_5' title="bbox 69 3391 1295 3504">
    <p class='ocr_par' dir='ltr' id='par_1_5' title="bbox 69 3391 1295 3504">
     <span class='ocr_line' id='line_1_27' title="bbox 69 3391 1295 3504; baseline -0.004 -30"><span class='ocrx_word' id='word_1_191' title='bbox 69 3399 170 3474; x_wconf 83' lang='lat' dir='ltr'><strong>bello·</strong></span> <span class='ocrx_word' id='word_1_192' title='bbox 185 3413 329 3500; x_wconf 83' lang='lat' dir='ltr'><strong>paratus</strong></span> <span class='ocrx_word' id='word_1_193' title='bbox 354 3402 462 3478; x_wconf 83' lang='lat' dir='ltr'><strong>fuerit</strong></span> <span class='ocrx_word' id='word_1_194' title='bbox 478 3414 587 3504; x_wconf 88' lang='lat' dir='ltr'><strong>atque</strong></span> <span class='ocrx_word' id='word_1_195' title='bbox 606 3404 760 3492; x_wconf 74' lang='lat' dir='ltr'><strong>Aeneas,</strong></span> <span class='ocrx_word' id='word_1_196' title='bbox 786 3401 849 3501; x_wconf 90' lang='lat' dir='ltr'><strong>qui</strong></span> <span class='ocrx_word' id='word_1_197' title='bbox 869 3398 996 3472; x_wconf 76' lang='lat' dir='ltr'><strong>Livius</strong></span> <span class='ocrx_word' id='word_1_198' title='bbox 1021 3394 1071 3469; x_wconf 85' lang='lat' dir='ltr'><strong>ita</strong></span> <span class='ocrx_word' id='word_1_199' title='bbox 1087 3391 1173 3472; x_wconf 77' lang='lat' dir='ltr'><strong>scr&#39;u-</strong></span> <span class='ocrx_word' id='word_1_200' title='bbox 1292 3402 1295 3407; x_wconf 82' lang='grc'><strong>’</strong></span> 
     </span>
    </p>
   </div>
   <div class='ocr_carea' id='block_1_6' title="bbox 42 3510 1250 4111">
    <p class='ocr_par' dir='ltr' id='par_1_6' title="bbox 42 3510 1250 4111">
     <span class='ocr_line' id='line_1_28' title="bbox 42 3510 1177 3625; baseline -0.006 -29"><span class='ocrx_word' id='word_1_201' title='bbox 42 3512 157 3605; x_wconf 50' lang='lat' dir='ltr'><strong>ibere</strong></span> <span class='ocrx_word' id='word_1_202' title='bbox 176 3510 335 3623; x_wconf 87' lang='lat' dir='ltr'><strong>potuerit</strong></span> <span class='ocrx_word' id='word_1_203' title='bbox 350 3536 395 3600; x_wconf 83' lang='lat' dir='ltr'><strong>ut</strong></span> <span class='ocrx_word' id='word_1_204' title='bbox 406 3517 533 3600; x_wconf 77' lang='lat' dir='ltr'><strong>Latini</strong></span> <span class='ocrx_word' id='word_1_205' title='bbox 546 3534 619 3604; x_wconf 83' lang='lat' dir='ltr'><strong>nou</strong></span> <span class='ocrx_word' id='word_1_206' title='bbox 637 3524 749 3625; x_wconf 75' lang='lat' dir='ltr'><strong>magis</strong></span> <span class='ocrx_word' id='word_1_207' title='bbox 771 3519 975 3621; x_wconf 76' lang='lat' dir='ltr'><strong>interfuisse</strong></span> <span class='ocrx_word' id='word_1_208' title='bbox 993 3518 1177 3595; x_wconf 80' lang='lat' dir='ltr'><strong>videretur</strong></span> 
     </span>
     <span class='ocr_line' id='line_1_29' title="bbox 71 3643 1176 3746; baseline -0.007 -28"><span class='ocrx_word' id='word_1_209' title='bbox 71 3644 176 3735; x_wconf 83' lang='lat' dir='ltr'><strong>seire,</strong></span> <span class='ocrx_word' id='word_1_210' title='bbox 186 3644 283 3746; x_wconf 64' lang='lat' dir='ltr'><strong>¹quill</strong></span> <span class='ocrx_word' id='word_1_211' title='bbox 292 3657 508 3745; x_wconf 77' lang='lat' dir='ltr'><strong>quaerentes</strong></span> <span class='ocrx_word' id='word_1_212' title='bbox 519 3647 581 3722; x_wconf 77' lang='lat' dir='ltr'><strong>illi</strong></span> <span class='ocrx_word' id='word_1_213' title='bbox 595 3649 635 3720; x_wconf 86' lang='lat' dir='ltr'><strong>in</strong></span> <span class='ocrx_word' id='word_1_214' title='bbox 651 3672 731 3720; x_wconf 86' lang='lat' dir='ltr'><strong>eum</strong></span> <span class='ocrx_word' id='word_1_215' title='bbox 743 3645 861 3718; x_wconf 84' lang='lat' dir='ltr'><strong>locum</strong></span> <span class='ocrx_word' id='word_1_216' title='bbox 872 3643 1055 3715; x_wconf 76' lang='lat' dir='ltr'><strong>uenissent</strong></span> <span class='ocrx_word' id='word_1_217' title='bbox 1068 3661 1176 3740; x_wconf 86' lang='lat' dir='ltr'><strong>quam</strong></span> 
     </span>
     <span class='ocr_line' id='line_1_30' title="bbox 66 3746 1250 3871; baseline -0.009 -31"><span class='ocrx_word' id='word_1_218' title='bbox 66 3790 141 3864; x_wconf 80' lang='lat' dir='ltr'><strong>quo</strong></span> <span class='ocrx_word' id='word_1_219' title='bbox 159 3791 247 3839; x_wconf 83' lang='lat' dir='ltr'><strong>oosn</strong></span> <span class='ocrx_word' id='word_1_220' title='bbox 270 3746 380 3840; x_wconf 82' lang='lat' dir='ltr'><strong>domi·</strong></span> <span class='ocrx_word' id='word_1_221' title='bbox 382 3769 553 3871; x_wconf 63' lang='lat' dir='ltr'><strong>prm‘acti</strong></span> <span class='ocrx_word' id='word_1_222' title='bbox 567 3776 695 3843; x_wconf 82' lang='lat' dir='ltr'><strong>essent.</strong></span> <span class='ocrx_word' id='word_1_223' title='bbox 721 3764 756 3840; x_wconf 79' lang='grc' dir='ltr'><strong>Α</strong></span> <span class='ocrx_word' id='word_1_224' title='bbox 773 3763 877 3842; x_wconf 83' lang='lat' dir='ltr'><strong>Livio</strong></span> <span class='ocrx_word' id='word_1_225' title='bbox 894 3758 993 3865; x_wconf 81' lang='lat' dir='ltr'><strong>quid·</strong></span> <span class='ocrx_word' id='word_1_226' title='bbox 1000 3776 1175 3862; x_wconf 71' lang='lat' dir='ltr'><strong>quaeren-</strong></span> <span class='ocrx_word' id='word_1_227' title='bbox 1247 3824 1250 3828; x_wconf 89' lang='lat'>.</span> 
     </span>
     <span class='ocr_line' id='line_1_31' title="bbox 68 3879 1176 3989; baseline -0.006 -30"><span class='ocrx_word' id='word_1_228' title='bbox 68 3896 127 3959; x_wconf 79' lang='lat' dir='ltr'><strong>tes</strong></span> <span class='ocrx_word' id='word_1_229' title='bbox 150 3888 323 3987; x_wconf 86' lang='lat' dir='ltr'><strong>scriptum</strong></span> <span class='ocrx_word' id='word_1_230' title='bbox 348 3899 406 3964; x_wconf 91' lang='lat' dir='ltr'><strong>est</strong></span> <span class='ocrx_word' id='word_1_231' title='bbox 425 3899 467 3964; x_wconf 87' lang='lat' dir='ltr'><strong>ut</strong></span> <span class='ocrx_word' id='word_1_232' title='bbox 483 3889 520 3963; x_wconf 93' lang='lat' dir='ltr'><strong>iu</strong></span> <span class='ocrx_word' id='word_1_233' title='bbox 534 3888 605 3964; x_wconf 85' lang='lat' dir='ltr'><strong>hoc</strong></span> <span class='ocrx_word' id='word_1_234' title='bbox 629 3914 703 3965; x_wconf 89' lang='lat' dir='ltr'><strong>uno</strong></span> <span class='ocrx_word' id='word_1_235' title='bbox 719 3898 765 3963; x_wconf 89' lang='lat' dir='ltr'><strong>ut</strong></span> <span class='ocrx_word' id='word_1_236' title='bbox 776 3913 842 3989; x_wconf 91' lang='lat' dir='ltr'><strong>par</strong></span> <span class='ocrx_word' id='word_1_237' title='bbox 866 3882 1071 3961; x_wconf 85' lang='lat' dir='ltr'><strong>eratomnis</strong></span> <span class='ocrx_word' id='word_1_238' title='bbox 1097 3879 1176 3952; x_wconf 87' lang='lat' dir='ltr'><strong>eius</strong></span> 
     </span>
     <span class='ocr_line' id='line_1_32' title="bbox 69 3999 1176 4111; baseline -0.007 -33"><span class='ocrx_word' id='word_1_239' title='bbox 69 4004 359 4110; x_wconf 80' lang='lat' dir='ltr'><strong>interrogationis</strong></span> <span class='ocrx_word' id='word_1_240' title='bbox 383 4009 441 4093; x_wconf 80' lang='lat' dir='ltr'><strong>vis</strong></span> <span class='ocrx_word' id='word_1_241' title='bbox 463 4010 610 4105; x_wconf 81' lang='lat' dir='ltr'><strong>inesset,</strong></span> <span class='ocrx_word' id='word_1_242' title='bbox 634 4036 707 4089; x_wconf 82' lang='lat' dir='ltr'><strong>nec·</strong></span> <span class='ocrx_word' id='word_1_243' title='bbox 727 4008 824 4085; x_wconf 80' lang='lat' dir='ltr'><strong>aliud</strong></span> <span class='ocrx_word' id='word_1_244' title='bbox 847 4002 1043 4111; x_wconf 79' lang='lat' dir='ltr'><strong>quidquam</strong></span> <span class='ocrx_word' id='word_1_245' title='bbox 1066 3999 1176 4078; x_wconf 86' lang='lat' dir='ltr'><strong>verba</strong></span> 
     </span>
    </p>
   </div>
   <div class='ocr_carea' id='block_1_7' title="bbox 0 0 1314 4590">
    <p class='ocr_par' dir='ltr' id='par_1_7' title="bbox 0 0 1314 4590">
     <span class='ocr_line' id='line_1_33' title="bbox 0 0 1314 4590; baseline 0 4"><span class='ocrx_word' id='word_1_246' title='bbox 0 0 1314 4590; x_wconf 95' lang='lat' dir='ltr'><strong> </strong></span> 
     </span>
    </p>
   </div>
  </div>
 </body>
</html>
