2618 4590
61 266 225 333 .xv1
956 248 1073 277 ‘⁸

161 428 224 504 mii
246 426 358 502 totius
378 424 495 527 operis
521 422 632 514 „dum
657 425 773 524 prisca
795 433 870 499 tota
887 425 945 500 illa
962 435 1082 501 mente
1097 437 1259 526 repet0“,

163 577 235 652 quo
259 548 339 625 loco
365 540 444 621 cum
468 544 537 618 illa
552 545 646 620 inter
664 547 773 620 verba
791 555 869 620 toto
881 557 999 620 mente
1019 546 1260 637 collocaretur,

81 716 85 737 ι
163 674 269 747 etiam
285 694 411 746 vocum
422 670 552 769 prisca
574 670 644 741 illa
660 667 732 741 vim
758 668 878 764 augeri
900 678 1054 743 neeesse
1074 677 1167 743 erat:
1192 670 1259 767 (cl.

163 799 196 885 5,
221 770 391 888 41.).⁸1n
416 788 666 891 orthographia
691 798 809 863 tamen
834 790 958 864 maiori
975 816 1082 891 quam
1104 792 1143 865 in
1168 791 1261 890 prio·

162 915 260 990 ribus
279 912 379 988 libris
398 911 618 986 constantiae
631 908 845 1001 studuimus,
871 937 951 985 cum
968 913 1017 985 ibi
1037 913 1124 988 satis
1141 921 1262 988 osten·

162 1036 259 1111 disse
271 1014 592 1141 videremnnquot
607 1032 684 1106 eins
697 1031 837 1134 generis
855 1058 914 1107 res
934 1032 1138 1137 diligentius
1156 1035 1262 1108 etiam

161 1150 441 1260 perscrutandae
466 1163 603 1263 essent¹
639 1163 676 1227 et
698 1154 736 1228 in
755 1153 811 1229 his
829 1154 974 1255 quidem
989 1154 1098 1230 rebus
1117 1154 1261 1229 codices
1289 1158 1295 1168 ’

162 1279 346 1373 Puteanus
362 1284 400 1350 et
416 1274 724 1352 Lamishamcnsis
741 1276 884 1381 maioris
910 1276 1131 1352 auctoritatis
1149 1270 1261 1367 eran't,

163 1401 288 1500 eisque
304 1397 519 1473 'auctoribus
543 1395 712 1471 condicio
733 1395 951 1498 scripsimus,
976 1424 1057 1472 eum
1080 1399 1202 1474 contio
1223 1399 1263 1472 in

164 1520 327 1596 omnibus
340 1518 495 1621 antiquis
508 1517 607 1595 libris
627 1519 851 1621 reperiretur.
875 1518 918 1592 ln
936 1519 1045 1595 rebus
1064 1520 1263 1623 grammati·

163 1644 215 1719 cis
231 1640 409 1745 potiorem
423 1666 528 1741 quam
546 1638 779 1741 sequeremur
789 1638 905 1742 legem
916 1651 1058 1743 praeter
1069 1666 1157 1727 earn,
1176 1638 1262 1741 quid

161 1762 379 1866 integerrimi
395 1761 476 1838 libri
495 1748 603 1860 scribi
617 1762 790 1853 iuberent,
815 1787 888 1836 non
900 1761 1104 1838 habuimus:
1130 1761 1196 1837 sed
1217 1760 1263 1836 de

162 1885 219 1960 his
242 1887 351 1960 rebus
378 1883 676 1987 accommodatius
700 1881 745 1957 ad
769 1882 1056 1985 persuadendum
1089 1881 1159 1957 dici
1191 1908 1264 1957 non

48 2058 56 2066 .
91 2042 97 2058 ·
160 2032 270 2108 posse
288 1998 556 2083 suesanus
573 2006 685 2107 copus
702 1986 856 2080 ruteni
877 2005 955 2079 con.
973 2005 1157 2105 expositis,
1184 2030 1264 2079 cum

160 2110 469 2203 inrecentioribus
481 2127 580 2201 libris
594 2129 638 2200 ab
647 2108 1083 2202 duodecimoindeseculo
1096 2125 1265 2199 nihillere

162 2252 239 2324 eius
256 2249 397 2350 generis
417 2244 461 2322 ab
480 2247 655 2359 imperiti}
672 2246 824 2322 librariis
844 2273 917 2323 non
938 2256 1114 2324 mutatum
1128 2246 1266 2324 videre-

161 2396 252 2444 mus.
278 2412 325 2426 —
353 2368 479 2443 Finem
509 2396 595 2447 vero
622 2349 804 2444 ¹scribendi
827 2370 943 2443 facere
967 2382 1045 2444 non‘
1062 2393 1265 2471 possumus,

128 2539 136 2552 .
164 2491 251 2592 quin
266 2478 435 2564 maximas
454 2492 584 2589 gratias
609 2492 695 2566 viris
713 2489 938 2598 xdoctissimis
956 2516 1110 2592 agamnS,
1137 2489 1198 2591 qui
1223 2514 1264 2563 ea

164 2638 256 2723 qupe
265 2601 448 2713 praestare
462 2611 686 2702 voluerimus,
696 2611 870 2688 benevole
884 2622 922 2687 et
933 2608 1142 2701 humaniter,
1154 2621 1193 2685 ut
1202 2610 1267 2684 ho·

163 2732 277 2806 mines
292 2731 461 2806 candidos
474 2731 711 2834 liberalesque
724 2733 837 2825 decet,
855 2733 1117 2809 recensuerint:
1142 2731 1179 2806 in
1194 2734 1267 2832 pri·
1280 2750 1289 2763 ‘

162 2852 230 2928 mis
249 2850 367 2929 Wilh.
378 2853 696 2942 Weissenbornio,
714 2856 815 2931 cuins
833 2880 1019 2931 censuram
1035 2852 1225 2930 voluminis
1237 2853 1264 2927 l.

160 2970 219 3048 his
244 2974 414 3074 proximis
432 2973 557 3051 diebus
582 2975 736 3052 maximo
756 3002 837 3051 cum
857 2977 974 3051 fructu
993 2972 1159 3076 legimus:
1183 2998 1265 3049 nam

165 3120 380 3196 quamquam
402 3082 534 3170 multae
550 3121 608 3170 res
624 3097 701 3190 eins
715 3097 856 3199 generis
869 3106 954 3171 sunt
973 3105 1014 3169 ut
1038 3119 1143 3170 suum
1169 3094 1266 3195 quis·

165 3238 235 3315 que
248 3212 416 3290 iudicium
430 3217 535 3318 sequi
548 3217 686 3308 debeat,
710 3229 917 3293 tamennon
929 3224 1051 3317 potest
1062 3216 1150 3305 fieri,
1177 3216 1263 3317 quin

105 3364 108 3379 ·
165 3336 342 3437 exquisita
367 3341 451 3443 eius*
465 3340 532 3417 viri
549 3335 712 3414 doctrina
727 3324 803 3414 non
826 3336 933 3413 modo
957 3363 1026 3412 nos
1051 3336 1097 3410 ad
1121 3333 1266 3412 meliora

115 3490 121 3503 ,
166 3467 203 3532 e't
226 3461 364 3535 veriora
390 3452 599 3563 saepissime
630 3460 816 3551 ducamur,
847 3458 913 3534 sed
939 3457 1045 3533 etiam
1068 3456 1263 3533 litterarum

81 3606 85 3613 ·
164 3578 322 3681 ipsarum
347 3564 514 3672 studium,
538 3580 577 3656 id
601 3578 699 3683 quod
717 3579 847 3659 summi
864 3579 1033 3657 momenti
1059 3590 1129 3673 est,
1151 3589 1188 3654 et
1207 3578 1266 3652 ad·

105 3789 112 3795 -
165 3700 306 3779 iuvetur
330 3714 377 3789 et>
390 3713 591 3807 augeatur·

180 3810 185 3817 ⁸
262 3825 399 3927 Scripsi
411 3818 571 3902 Berolini
584 3849 613 3898 a.
628 3819 812 3900 d.1x.Kal·.
827 3822 1019 3901 lanuarias.
1032 3843 1245 3897 unoonxmn.

617 4102 816 4127 *ινα-..Μ

1062 4136 1081 4241 7
1191 4100 1206 4111 .,
