2618 4590
534 251 643 322 amen
659 251 707 314 lX,

1102 241 1168 310 419

68 420 130 511 gio.
169 419 257 511 quod
279 418 307 485 ai
327 416 406 484 nihil
428 439 503 485 cum
524 414 706 507 potentiore
726 414 802 484 iuris
829 416 960 485 humani
980 418 1168 509 relinquitur
1281 492 1287 511 x

66 522 168 614 inopi,
198 533 231 591 at
253 547 313 614 ego
336 522 377 588 ad
399 521 478 589 deos
498 519 640 588 vindices
662 520 878 590 intolerandae
902 523 1069 611 superbiae
1091 547 1165 591 con·

66 628 194 719 logiam,
216 638 250 695 et
270 625 426 718 precabor
447 625 566 694 ntitas
589 647 664 692 snas
685 637 811 694 vertant
831 627 864 694 in
886 650 943 694 eos
958 627 1075 718 quibus
1096 650 1162 695 non

64 756 143 799 suae
164 731 304 798 redditae
325 755 377 799 res
399 753 464 798 non
487 730 609 798 alienae
637 730 858 801 adcumulatae
880 731 957 799 satis
982 731 1058 815 sint,
1085 756 1164 822 quo

64 861 138 902 mm
159 836 322 904 saevitiam
342 857 408 903 non
429 857 517 902 mors
538 833 709 908 noxiorum
730 858 796 902 non
824 837 942 905 deditio
971 836 1198 903 exanimato5

63 965 137 1007 rum
158 965 329 1032 corpomm
355 963 422 1007 non
448 939 533 1008 bona
560 939 726 1030 sequentia
749 941 869 1008 domini
893 941 1088 1010 deditionem
1109 964 1164 1008 ex·

63 1044 188 1127 satient,
209 1036 336 1136 placari
348 1053 517 1137 nequeant
531 1043 591 1110 nisi
613 1043 824 1112 hauriendum
838 1030 1025 1137 sanguinem
1047 1045 1163 1112 lanian-

52 1134 168 1238 'daque
188 1149 313 1218 viscera
330 1160 439 1218 nostra
460 1148 711 1240 praebuerimus.
744 1151 865 1219 iustum
887 1162 937 1219 est
963 1150 1085 1218 bellum
1106 1149 1162 1216 Sa·

60 1254 176 1320 mnites
199 1255 321 1346 quibns'
334 1254 558 1337 necessarium,
581 1265 615 1321 et
629 1255 681 1346 pia
704 1279 792 1323 anna
815 1256 930 1347 quibus
945 1255 1033 1322 nulla
1053 1254 1113 1323 nisi
1127 1253 1161 1321 in

61 1358 156 1425 armis
176 1359 364 1451 relinquitur
384 1382 474 1450 spes:
496 1357 631 1450 proinde
653 1382 729 1426 cum
744 1384 852 1428 rerum
866 1360 1079 1428 humanarum
1094 1383 1160 1427 rna·
1173 1368 1208 1422 1⁰

77 1483 103 1539 1.
129 1482 213 1557 quod
238 1485 268 1540 ai
288 1481 366 1539 nihil
384 1500 450 1539 cum
471 1488 572 1556 poten·

127 1571 204 1626 tiore
212 1571 288 1627 iuria
299 1569 423 1625 humani
433 1568 574 1642 relinqui·

127 1665 178 1713 tur
199 1657 281 1732 inopi
301 1665 335 1711 ut
356 1674 412 1734 ego
433 1655 478 1711 ud
499 1655 573 1713 deor

128 1743 263 1800 uindices
292 1742 501 1799 intolerandae
525 1761 574 1799 au·

126 1832 248 1906 per-biae
270 1828 459 1908 confugium.-
481 1827 512 1886 Ρ.
534 1859 572 1875 a·-
603 1867 606 1872 ,

127 1916 210 1991 Quod
233 1919 258 1973 ri
282 1915 351 1973 nihil
372 1918 440 1973 iuria
463 1916 574 1974 humaui

127 2003 289 2082 relinquitur
307 2004 389 2080 inopi
398 2023 465 2062 eum
473 2012 575 2080 poten·

124 2093 209 2160 tiore,
227 2090 254 2148 b.
267 2111 291 2151 e.
308 2100 367 2148 turn
384 2112 445 2150 eum
463 2100 574 2148 eonten-

100 2170 243 2236 'dendum
270 2188 312 2235 eet
337 2181 414 2257 inopi
437 2199 498 2238 eum
523 2174 572 2257 pia·

125 2269 255 2335 tentiore,
281 2286 342 2324 cum
368 2269 445 2346 inopl
474 2266 508 2323 de
530 2285 573 2333 eo,

126 2354 200 2431 qnod
213 2360 278 2411 “suo
300 2356 354 2412 eibi
380 2357 440 2412 iure
465 2353 573 2412 ridetur

128 2440 275 2517 postulare,
294 2463 309 2498 a
326 2444 480 2519 potentiore
495 2460 572 2498 recu·

113 2538 209 2602 quatur.
228 2518 262 2588 el.
280 2533 324 2597 38,
342 2532 398 2586 aa:
417 2531 464 2598 „ri
476 2547 570 2606 —5po-

126 2617 253 2672 stularem
270 2626 302 2672 ut
318 2616 372 2672 diis
384 2614 572 2674 inmortalibus
685 2654 687 2658 >

125 2705 212 2759 bonor
221 2703 364 2759 haberetur
373 2713 400 2758 et
409 2705 468 2780 ipse
477 2705 571 2759 trium·

125 2791 213 2867 phana
236 2792 265 2845 in
287 2787 462 2866 Capitolium*
478 2807 571 2845 areen-

124 2879 217 2935 derem
243 2876 315 2933 unde
336 2877 409 2933 rotie
429 2876 481 2933 rita
503 2894 571 2932 uuu-

125 2966 230 3042 oupatie
247 2964 385 3042 prolectas
401 2983 475 3031 anm,
492 2981 571 3038 nega·

125 3054 191 3109 retis
209 3050 262 3108 boc
284 3053 352 3110 mibi
374 3071 440 3110 cum
458 3052 512 3109 diir
529 3051 571 3107 in·

125 3137 323 3196 mortalibua“l
340 3139 367 3199 b.
380 3159 403 3198 e.
416 3138 514 3208 „mitt
524 3138 572 3216 qul

127 3226 240 3283 deorum
261 3227 361 3283 auxilio
384 3227 491 3283 adiutua
512 3233 570 3282 tun·

125 3325 183 3372 tum
199 3312 306 3370 boetem
324 3314 482 3381 devicerim,
504 3312 571 3370 daia

125 3404 174 3480 qui
197 3399 264 3458 mibi
285 3402 465 3476 exercituique
480 3401 571 3457 ricto·

125 3493 193 3548 riam
218 3489 282 3544 dare
312 3484 478 3543 voluerint“.
516 3505 570 3564 quo

125 3579 207 3655 igitur
223 3593 305 3631 aenru
322 3575 388 3629 baec
405 3575 571 3652 praepositio

125 3683 193 3722 cum
209 3664 310 3739 scripta
329 3661 375 3728 eit,
402 3680 435 3718 ex
452 3659 571 3736 singulo·

13 3786 18 3795 =
125 3750 319 3810 rumloeorurn
331 3747 480 3805 rationibus
493 3745 570 3805 intel·

123 3832 173 3914 ligi
195 3839 304 3914 poterit.
328 3867 361 3878 —
392 3834 432 3892 lll:
455 3834 529 3914 (prod
546 3836 572 3894 ri

127 3921 573 4000 nihileompoltentior'eiuribhrt·

103 4015 198 4070 ·'mani
215 4012 375 4089 relinquitur
385 4012 504 4087 inopiata
522 4028 571 4084 ego

126 4099 161 4156 ad
179 4099 246 4157 deor
264 4109 314 4157 eet.
343 4095 389 4158 Cl.
406 4100 434 4168 8,
449 4100 509 4156 aar
530 4116 571 4153 re·
663 4135 667 4139 -

654 1547 657 1556 ¹
698 1479 819 1558 'sponde
838 1490 872 1540 at.
895 1514 929 1524 -
958 1481 988 1539 ln
1006 1480 1072 1543 Pall.
1091 1486 1116 1542 1.
1134 1483 1162 1541 3.
1245 1470 1248 1484 ”

714 1566 749 1626 al.
766 1571 984 1646 praetermissum
1002 1577 1045 1625 eat
1061 1577 1101 1628 ut.
1126 1568 1161 1627 el.

715 1657 748 1722 3,
765 1657 823 1713 56.:
849 1653 924 1732 quod
946 1658 971 1711 ei
992 1655 1095 1712 tribuni
1118 1675 1162 1711 eo·

715 1740 777 1798 dem
795 1739 904 1798 loedere
925 1741 1057 1818 obligatur
1074 1759 1106 1798 ea
1123 1740 1162 1798 la·

715 1837 822 1884 teautur
833 1858 867 1870 -
879 1837 907 1884 at
918 1847 949 1885 ee
966 1847 1116 1907 provocare
1128 1827 1162 1885 ad

714 1913 854 1991 populum,
865 1914 1001 1994 inplorare
1010 1914 1090 1991 leges.
1103 1917 1130 1982 9,
1135 1916 1162 1972 8.

715 2000 788 2059 al-
802 2001 845 2060 ld:
859 2012 887 2059 et
895 2003 1091 2078 praeeabor.-
1100 2000 1161 2058 Ptl:

715 2088 892 2149 adcumulata.
910 2121 945 2133 -
960 2087 990 2146 td
1007 2109 1043 2148 m.
1062 2092 1100 2148 1.=
1118 2107 1161 2144 aa·

715 2178 800 2236 tirint.
818 2175 938 2236 limis
957 2174 1160 2254 eutiaeiutquo·
1201 2197 1205 2209 ·

714 2283 774 2322 rum
792 2265 915 2322 ueritiam
933 2273 984 2323 cet.

659 2396 687 2454 7.
707 2380 1051 2474 placariuequeanlrlll
1058 2392 1159 2451 Leidr.

713 2481 764 2556 al]
783 2481 884 2562 placari
900 2485 947 2561 qui
959 2490 1093 2560 nequeant
1110 2483 1160 2550 (ex

713 2571 785 2626 eoni.
803 2569 965 2640 Drakenb.).
984 2601 1018 2612 -
1036 2565 1102 2627 Etl.
1114 2565 1159 2624 Fr.

714 2655 799 2714 (iron.
822 2665 868 2714 aut
895 2659 949 2732 qui
970 2656 1091 2732 placari
1111 2673 1160 2710 ne-

714 2744 1161 2818 queuntautplacarinequeunt

713 2827 798 2897 (cod.
833 2823 949 2896 Kloolr'.)
988 2826 1161 2884 scribendum

714 2914 831 2970 censuit:
848 2913 898 2971 aad
917 2915 970 2991 qui
980 2912 1053 2971 lucili
1071 2914 1160 2971 conie-

714 3011 787 3059 ctura
817 3021 851 3059 ex
878 3003 1017 3079 prioribus
1041 3000 1161 3081 ‘quibua

713 3107 841 3168 quorum
858 3087 979 3168 suppleri
994 3095 1096 3168 potest,¹
1109 3105 1160 3143 nee
1278 3133 1280 3136 ,

712 3179 771 3233 eine
797 3198 876 3234 eausa
898 3176 931 3237 L.
958 3179 995 3233 ita
1018 3174 1160 3254 arripuisse

711 3263 832 3330 videtur,
858 3263 909 3321 sed
931 3273 962 3320 ut
989 3258 1159 3320 cousuetudi-

712 3370 774 3408 nem
792 3350 931 3408 bominum
950 3370 1029 3428 quarn
1044 3350 1160 3427 manime

692 3448 907 3519 „commotorum
934 3439 1027 3514 iraque
1053 3432 1158 3510 portur·

712 3526 837 3582 batorum
847 3523 901 3580 lroe
915 3524 1039 3581 breviora
1051 3522 1159 3583 dicendi

711 3631 808 3690 genere
825 3613 1000 3686 exprimeret,
1017 3613 1095 3669 auius
1112 3630 1157 3688 ge·

712 3702 786 3758 neria¹
803 3708 845 3756 tot
867 3696 971 3756 similer
992 3697 1046 3757 loci
1067 3696 1159 3756 in'ld·

713 3788 800 3844 viauia
819 3784 958 3843 annalibus
975 3786 1108 3863 leguntur.
1124 3815 1158 3828 ·-

713 3871 771 3934 Par.
782 3862 811 3933 al
828 3873 1115 3951 laqueatorum
1126 3871 1160 3928 n·

713 3961 770 4019 bri:
788 3959 944 4039 placarique
961 3969 1102 4038 nequeant.
1125 3990 1159 4041 3-

715 4049 753 4106 ll:
766 4050 818 4105 niet
828 4046 986 4106 uariandum
996 4048 1159 4125 sanguinem.

889 4179 983 4247 27*
