2618 4590
170 248 237 319 611
638 259 747 322 uolttt
764 263 800 326 x.
891 298 895 319 .

170 425 259 497 tione
281 422 500 518 praeparando
515 446 554 493 ac
568 423 778 495 convehendo
793 425 956 495 frumento
973 424 1113 494 luisset.
1148 423 1201 492 Eo
1216 449 1268 492 am

170 570 216 582 -
243 556 305 601 nec
340 531 472 601 traditur
500 553 596 599 causa
623 569 668 582 -
695 531 912 621 interregnum
938 530 1081 597 initum:
1123 529 1268 622 interrege

171 637 261 707 fuere
283 637 346 731 Ap.
369 635 521 704 Claudius
544 633 617 703 dein
639 635 676 703 P.
696 635 872 726 Sulpicius:
895 635 924 703 is
947 634 1089 704 comitia
1116 635 1269 702 consulari

170 741 296 826 babuit,
323 741 444 810 creavit
463 739 500 809 L.
523 737 708 808 Cornelium
734 739 920 831 Scipionem
943 740 1005 805 (ln.
1031 738 1200 807 Fulvium
1225 764 1270 808 con

136 846 269 914 toules.
302 845 460 938 Principio
486 842 581 914 haim
610 844 683 911 anni
711 854 853 917 oratores
875 843 1093 911 Lucanorum
1127 844 1173 911 ad
1197 869 1270 913 nom

170 945 319 1018 consules
341 961 499 1020 venerunt
520 960 685 1041 questum,
707 948 782 1041 quia
804 947 1052 1017 condicionibus
1076 949 1272 1041 perlicerest

169 1054 372 1153 necpriverint
392 1056 433 1122 ad
455 1054 642 1123 societatem
663 1078 842 1139 armorum,
867 1053 1033 1120 Samnites
1058 1054 1190 1123 infesto
1212 1079 1272 1122 exer·

172 1159 238 1227 citu
260 1159 419 1250 ingressos
441 1160 522 1226 sines
544 1182 622 1226 suos
644 1170 767 1227 vastare
783 1158 935 1249 belloque
951 1158 993 1225 ad
1011 1158 1150 1227 bellurn
1168 1183 1272 1250 cogere:

171 1262 303 1332 Lucano
325 1265 449 1355 populo
471 1264 547 1330 satis
569 1286 730 1353 superque
753 1276 892 1336 erratum
920 1263 1111 1355 quondam,
1144 1265 1273 1332 nnncita

125 1382 161 1438 10
173 1368 350 1445 obstinatos
372 1369 496 1436 animos
516 1391 589 1437 esse
618 1379 653 1436 ut
681 1369 789 1436 omnia
816 1370 899 1437 ferre
927 1391 965 1437 ac
993 1369 1067 1459 pati
1090 1369 1274 1438 tolerabilis

173 1473 292 1540 ducant
314 1498 413 1564 quam
434 1485 471 1542 ut
491 1497 646 1564 umquam
667 1484 744 1563 post
757 1497 795 1541 ea
809 1496 929 1541 nomen
943 1473 1142 1543 Romanum
1158 1475 1277 1543 violent:
1300 1520 1303 1525 -

172 1601 265 1646 orare
286 1590 394 1669 patres
415 1590 452 1646 ut
474 1589 508 1647 et
522 1577 670 1646 Lucanos
690 1578 724 1644 in
746 1577 844 1646 lidem
866 1568 1023 1669 accipiant
1047 1591 1085 1648 et
1100 1579 1177 1647 vim
1200 1590 1278 1670 atque

171 1683 317 1751 iniuriam
339 1684 379 1752 ab
402 1708 437 1752 se
453 1682 645 1751 Samnitium
660 1693 802 1750 arceant:
821 1705 867 1769 se,
890 1706 1094 1774 quamquam
1109 1684 1206 1753 bello
1220 1707 1278 1752 cun

172 1789 368 1857 Samnitibus
390 1798 541 1877 suscepto
557 1787 734 1854 necessaria
756 1787 822 1853 iam
842 1786 927 1855 facta
948 1788 1109 1856 adversus
1125 1789 1279 1856 Romana

126 1906 161 1962 tt
174 1893 254 1965 [ides
277 1895 327 1977 sit,
350 1904 458 1960 tamen
481 1892 609 1960 obsides
632 1892 707 1958 dare
728 1901 857 1982 paratos
880 1915 962 1959 esse.

260 1999 330 2066 XII.
374 1997 486 2065 Brevis
509 1996 701 2065 consultatio
723 2007 853 2063 senatus
876 1995 948 2063 luit:
976 1996 1017 2062 ad
1040 2019 1152 2065 unum
1178 2021 1280 2067 omnes

172 2101 369 2194 iungendum
397 2102 512 2169 foedus
538 2127 613 2170 cum
635 2100 771 2167 Lucanis
797 2123 914 2189 resque
941 2101 1142 2190 repetendas
1172 2104 1215 2170 ab
1236 2104 1280 2170 Sa·

172 2209 327 2276 mnitibus
351 2219 492 2275 censent.
514 2207 651 2295 benigne
672 2226 863 2294 responsum
877 2202 1014 2270 Lucanis
1032 2202 1209 2298 ictumque
1226 2209 1280 2274 foe-

174 2312 248 2377 dus:
282 2311 406 2378 fetiales
434 2311 522 2377 missi
552 2311 606 2399 qui
629 2308 807 2374 Samnitem
836 2307 990 2375 decedere
1019 2333 1099 2400 agro
1123 2313 1280 2380 sociorum

126 2432 212 2486 toac
235 2415 393 2482 deducere
416 2415 592 2483 exercitum
614 2414 729 2480 finibus
744 2412 880 2481 Lucanis
901 2413 1058 2482 iuberent.
1090 2416 1213 2508 quibus
1235 2417 1280 2483 ob

833 2554 902 2603 runt
920 2554 1011 2602 natum
1029 2554 1081 2603 est
1103 2578 1139 2599 2·-
1160 2547 1205 2604 lll:
1223 2567 1278 2603 con·

832 2633 956 2690 ditionib.
975 2664 1008 2676 -
1028 2631 1094 2690 Plllr
1114 2634 1279 2711 perditorem

832 2720 1011 2798 nequiuerint.
1029 2719 1110 2781 Leid.
1123 2741 1141 2807 ¹:
1159 2720 1240 2783 Voss.
1254 2741 1277 2776 n.

191 2546 219 2607 2.
245 2546 410 2622 interreges
421 2546 516 2618 fuere
532 2546 589 2619 Ap.
602 2546 691 2602 Clau·

137 2656 147 2673 =
244 2633 315 2690 dius
324 2634 394 2690 dein
402 2630 438 2694 P.
449 2631 691 2708 SulpiciuaePll:

244 2720 299 2779 nini
325 2719 400 2798 qnod
424 2723 453 2778 in
470 2719 499 2778 ll
520 2720 692 2799 „sulpitius“

245 2810 440 2886 scriptumest.
455 2839 489 2851 -
505 2806 586 2868 Voss.
599 2807 692 2867 swale

245 2896 352 2954 deinde.
365 2927 399 2939 -
412 2893 511 2952 Cicero
523 2897 553 2952 in
562 2896 638 2954 Brut.
649 2900 690 2964 lt,

121 3035 125 3043 .
243 2986 289 3043 bb.
314 3002 368 3039 non
392 2981 543 3060 Sulpicium
564 2983 613 3039 sed
635 2985 690 3063 Ap·

156 3096 161 3107 =
243 3072 319 3147 pium
343 3068 488 3129 Claudium
510 3073 617 3127 comitia
644 3071 691 3126 ha·

243 3158 337 3214 baisse
354 3157 477 3233 scripsits
505 3156 540 3214 de
558 3178 611 3235 quo
629 3157 690 3215 loco

244 3242 279 3301 H.
297 3243 422 3321 meyerus
440 3253 468 3301 et
485 3264 554 3322 quos
573 3244 692 3303 laudavit

244 3332 326 3391 conll.
339 3363 373 3373 —
386 3331 422 3389 P:
435 3333 459 3390 is
472 3334 608 3389 commitis
627 3353 690 3389 con·

244 3417 344 3476 culatis
358 3419 460 3480 habuit.
472 3451 507 3462 —
519 3419 581 3479 PM:
600 3419 618 3479 l.
631 3440 690 3476 cor·

244 3504 345 3564 aelium
356 3509 506 3585 scipionem
517 3527 560 3566 cn.
578 3507 691 3564 lunium

244 3602 317 3653 coss.

191 3682 219 3745 b.
246 3680 290 3738 ad
313 3701 410 3739 nouos
428 3688 505 3742 coit.
523 3680 581 3754 (lla
599 3686 691 3750 cont.)

245 3776 404 3827 manunt:
425 3766 484 3828 ΡΜ.
507 3801 541 3812 -
568 3767 635 3828 Lov.
652 3769 692 3827 cla

245 3877 370 3916 uenere.-
388 3876 547 3934 quamquam
565 3856 691 3913 librarius

202 3937 205 3941 ⁴
244 3942 318 4001 illins
341 3943 402 4003 cod.
424 3954 512 4002 nunt
533 3964 566 4001 ex
584 3964 635 4001 ere
653 3943 690 3998 la·

243 4050 304 4087 oere
325 4029 416 4095 solet„
434 4033 468 4089 ab
493 4051 525 4089 eo
548 4033 620 4089 enim
638 4030 691 4086 boc

245 4135 298 4172 uno
317 4135 376 4193 sap.
405 4118 547 4175 doenum
565 4119 690 4192 scripse·

832 2805 900 2866 Lov.
910 2808 936 2866 l.
954 2826 1105 2885 omnesque
1118 2827 1208 2888 prope
1218 2809 1279 2866 Dra·

832 2893 911 2952 lrenb.
924 2893 1018 2954 codd}
1030 2897 1225 2971 nequiuerunt
1242 2893 1277 2952 Cl.

831 2984 860 3052 3,
878 2984 918 3041 22
936 2979 1050 3042 dederit.
1063 3013 1094 3025 -
1117 2982 1206 3041 Paulo
1224 2992 1278 3062 post

833 3068 894 3130 cod.
912 3067 1023 3129 Kloclr.:
1048 3089 1130 3127 orare
1146 3080 1240 3148 patres
1255 3078 1279 3127 et

832 3156 943 3214 lucanos
961 3158 989 3213 in
1007 3156 1090 3214 {idem
1109 3160 1247 3235 accipiant
1258 3166 1281 3212 ct

833 3254 884 3304 cet.
903 3247 1003 3302 omisso
1020 3254 1066 3302 ut:
1088 3248 1131 3314 10,
1143 3249 1185 3304 15.
1197 3279 1231 3288 -
1245 3244 1278 3301 P:

832 3352 994 3409 quamquam
1013 3331 1085 3391 bello
1119 3334 1279 3392 samnitibus

831 3429 968 3495 suscepto.

763 3595 807 3654 16.
832 3595 877 3652 ad
908 3614 998 3653 unum
1026 3594 1138 3654 omnes
1161 3597 1279 3676 langen

833 3683 906 3740 dum
920 3682 1040 3756 foedus
1061 3702 1129 3740 cum
1151 3686 1278 3742 Lucumo

833 3789 943 3846 reaque
952 3770 1100 3845 petendae
1111 3772 1153 3828 ab
1164 3771 1279 3832 Samni·

832 3859 911 3915 tibus
929 3866 1067 3915 censent:
1092 3856 1143 3916 ΡΜ
1166 3858 1224 3918 rell.
1247 3889 1278 3901 -

757 3994 774 4016 K
831 3944 867 4002 P=
884 3946 993 4004 feciales
1005 3946 1091 4005 missi.
1102 3975 1140 3988 -
1154 3944 1184 4003 ll
1195 3967 1231 4005 m.
1244 3949 1278 4005 l.:

831 4034 879 4109 qui
891 4043 1002 4092 samtern
1015 4031 1148 4091 decedere
1160 4054 1225 4108 agro
1236 4052 1278 4090 so-

829 4121 939 4217 ¹tiorum.
957 4140 994 4181 m.
1011 4121 1055 4181 Ἅι
1072 4122 1227 4181 umatum.
