2618 4590
549 286 657 346 crosa
675 287 710 348 x.
1115 268 1179 338 60⁷
1287 262 1290 267 ’

171 452 240 522 Vll.
285 451 449 519 Certatum
476 461 585 516 tamen
614 447 776 516 suadenda
810 446 1082 537 dissuadendaque
1108 446 1180 537 iege

83 557 165 624 inter
186 556 247 647 Ap.
271 556 441 623 Claudium
462 555 602 622 maxime
623 554 731 621 ferunt
752 564 785 621 et
806 553 887 620 inter
907 553 944 620 P.
958 552 1096 618 Decium
1110 552 1180 619 Mu·
1282 594 1287 603 -

81 686 162 730 rem.
202 661 257 751 qui
278 684 354 728 cum
375 661 489 727 cadem
510 660 610 727 ferme
634 661 674 726 de
687 659 754 725 iure
768 668 896 749 patrum
911 679 949 724 ac
963 655 1076 747 plebis,
1096 680 1179 746 quae

81 790 141 856 pro
164 765 235 856 lege
257 765 375 832 Licinia
398 765 560 855 quondam
589 775 765 854 contraque
794 786 866 830 eam
888 761 972 829 dicta
994 773 1084 828 erant
1105 754 1180 826 cuin

154 922 262 979 dicendi
284 942 381 999 genere
403 921 518 980 alienum
540 942 595 980 non
736 919 852 1000 tiplices.
874 919 941 980 [ιον.
958 922 1000 979 4.ι
1018 917 1179 995 multiplices

151 1021 201 1079 est,
231 1011 336 1089 bocque
363 1011 425 1068 loeo
452 1008 487 1066 ad
513 1029 596 1085 spem
735 1007 890 1066 consulatus
924 1022 1057 1065 censuras·
1088 1009 1180 1064 trium·

128 1098 274 1154 'dubium
297 1097 408 1155 relatum
425 1097 512 1154 videri
535 1104 595 1175 pot·
735 1095 814 1174 phos.
844 1122 847 1129 ·

150 1194 201 1255 est,
219 1195 247 1240 et
264 1205 421 1262 quamquam
435 1185 526 1241 eadem
542 1205 596 1243 vox
687 1185 712 1242 1.
738 1192 881 1241 certatum
902 1190 1001 1239 tumen
1022 1182 1182 1239 suadendo

152 1271 396 1342 10‚1.ineoclem
413 1270 441 1328 lt
457 1293 513 1329 non
533 1282 596 1349 apto
737 1270 1004 1348 dissuadendaque
1033 1272 1114 1349 Iege.-
1150 1269 1180 1329 P.

150 1361 338 1435 praetermissa
361 1358 480 1429 videtur,
506 1369 595 1416 tarum
736 1389 777 1443 -Ι
792 1354 835 1415 M:
863 1368 992 1416 certaturn
1013 1368 1103 1415 tameo
1120 1378 1180 1413 sua·

150 1445 221 1503 baud
244 1445 355 1503 multum
380 1447 456 1503 abest
478 1450 543 1524 quin
566 1450 595 1504 iu
738 1442 878 1523 dandaque
899 1443 967 1520 lege.
1003 1444 1046 1504 Cf.
1070 1443 1102 1505 Τ.
1120 1444 1181 1501 Livi
1293 1462 1296 1477 ¹

152 1553 207 1591 uno
225 1532 251 1590 Μ
270 1555 359 1591 veram
377 1536 536 1610 scripturam
555 1535 595 1589 in·

151 1641 211 1677 esse
238 1622 367 1690 arbitrer,
393 1621 440 1677 ubi
463 1623 503 1676 sic
528 1621 595 1677 scri·

150 1717 226 1786 ptum
233 1710 412 1786 repperimus:
425 1707 497 1779 „sed
507 1709 596 1764 omnia

149 1797 211 1863 iam,
228 1796 257 1851 in
270 1816 383 1872 quorum
393 1817 469 1873 spem
487 1794 596 1852 dubiam

149 1891 207 1937 erat
224 1892 367 1952 certatum,
392 1882 537 1958 adeptos“.
565 1880 597 1939 id

151 1978 224 2024 certe
237 1969 398 2026 contendere
410 1972 504 2038 ausim,
514 1970 595 2026 omis-

151 2074 181 2111 sa
211 2076 279 2112 voce
313 2066 411 2112 tomen
446 2060 595 2114 orationem

149 2141 233 2198 multo
252 2142 389 2200 fortiorem
407 2143 468 2203 fieri
485 2164 595 2221 remque

151 2231 259 2288 dubiam
278 2251 338 2287 esse
350 2230 391 2289 iel
405 2253 437 2288 eo
450 2231 523 2308 quod
534 2251 595 2288 cer·
642 2284 645 2293 .

150 2327 245 2375 renum
260 2328 360 2376 tumen
375 2319 454 2399 paulo
471 2329 536 2397 post
552 2339 594 2375 se·

151 2416 256 2482 quatur.
287 2406 335 2463 scd
363 2427 422 2463 cum
444 2426 525 2464 voees
550 2415 594 2463 ta·

149 2513 217 2550 meu
239 2503 267 2551 ct
286 2503 402 2550 tantum
424 2513 504 2571 saepe
524 2494 595 2549 inter

150 2596 180 2635 se
203 2580 331 2638 confusae
354 2583 426 2650 sint,
456 2600 506 2636 neo
523 2582 595 2657 iusto

149 2686 256 2742 semper
273 2666 333 2723 loco
351 2685 395 2735 ea,
419 2686 487 2742 quae
508 2669 536 2722 in
555 2670 597 2723 iu·

150 2762 222 2827 tegra
242 2755 362 2809 oratione
375 2752 537 2821 exciderant,
554 2773 596 2808 re·

152 2842 272 2897 certiore
298 2858 378 2896 manu
399 2838 534 2918 adscripta
557 2841 596 2896 vi·

152 2926 276 2998 deauco,
298 2925 398 2984 factum
421 2945 480 2982 esse
506 2935 597 3002 potest

152 3025 183 3071 ut
200 3025 227 3071 et
245 3014 296 3073 boo
314 3014 374 3071 loco
387 3013 482 3071 eodem
498 3014 596 3070 mendo

153 3112 285 3159 erraretur
319 3121 453 3180 manuque
488 3103 597 3178 antiqua

153 3192 282 3267 scriptum
295 3198 377 3246 esset:
390 3231 407 3258 „
416 3198 444 3245 et
454 3191 599 3246 cernebant

152 3276 320 3332 aduersarios
342 3297 398 3334 non
420 3275 449 3332 id
474 3285 598 3343 tontum,

154 3360 226 3439 quod
239 3363 302 3420 olim
316 3365 362 3420 uix
374 3366 541 3442 sperauerint
552 3363 599 3419 ad·

155 3448 284 3506 sectantes
296 3471 405 3526 magnos
416 3451 540 3517 bonores,
549 3448 599 3506 sed

153 3538 243 3592 omnia
261 3538 323 3608 iarn,
344 3541 373 3595 in
392 3557 505 3615 quorum
522 3556 599 3613 spem

155 3625 263 3681 dubiam
286 3634 344 3681 erat
368 3634 511 3691 certaturn,
537 3623 599 3680 ade·

152 3721 215 3790 ptos
222 3716 248 3768 “.
263 3709 311 3771 cf.
327 3713 353 3781 4,
365 3714 403 3771 2:
422 3732 477 3768 non
495 3720 599 3768 tanturn
617 3764 631 3778 ,

154 3819 218 3858 non.
237 3829 270 3843 -
295 3797 318 3854 P
336 3819 372 3859 m.
391 3802 429 3859 1.:
452 3819 528 3875 spem
552 3797 601 3854 du·

154 3885 238 3944 bium.
272 3908 308 3947 m.
335 3890 374 3946 2:
405 3886 494 3946 dubia.
530 3883 600 3944 Cod.

154 3971 264 4030 Kissia:
282 3977 309 4031 in
328 3992 442 4052 quorum
459 3994 534 4051 spem
553 3973 602 4030 du·

154 4060 241 4117 bierat
258 4071 387 4118 certatum
399 4072 429 4118 tu
441 4068 468 4119 ιῐι
479 4060 600 4139 adeptos.

155 4180 188 4189 —
208 4147 286 4208 Leid.
303 4168 334 4210 a:
362 4150 517 4206 consulatus
535 4146 601 4204 mul·

736 1531 754 1590 l.
771 1550 832 1590 xxx.
851 1553 878 1607 p.
892 1551 964 1591 xxrv.
976 1551 1004 1590 ιι,
1024 1536 1068 1601 30,
1082 1536 1123 1590 t:
1142 1530 1180 1588 fa·

737 1619 918 1675 condiscimus
944 1619 1103 1688 habebatur,
1131 1638 1180 1675 seu

737 1725 817 1762 causa
840 1707 941 1763 oranda
966 1726 1015 1763 seu
1038 1709 1066 1762 in
1085 1717 1180 1763 senatu
1224 1770 1226 1775 ¹

736 1793 772 1851 ad
788 1792 917 1871 populum
928 1794 1059 1851 suadendi
1076 1815 1107 1849 ac
1125 1793 1179 1849 dis·

735 1881 867 1946 suadendi
884 1882 961 1939 locus
979 1891 1058 1939 essct.
1076 1882 1120 1948 34,
1140 1885 1178 1940 1.:

736 1968 771 2024 ad
782 1967 949 2026 suadendum
962 1967 1181 2025 dissuadendum·

736 2077 789 2133 que
806 2056 883 2112 multi
901 2054 1006 2112 nobiles
1027 2056 1180 2134 prodibant.
1286 2052 1297 2079 ⁸

736 2145 780 2212 34,
790 2148 830 2202 b:
845 2145 868 2199 si
880 2145 977 2217 privati
985 2152 1088 2200 tanturn
1099 2144 1179 2200 modo

736 2228 770 2285 sd
781 2228 947 2317 suadendum
958 2230 1180 2297 dissuadendum·

736 2337 790 2393 que
807 2316 837 2372 id
855 2318 928 2394 quod
946 2319 1053 2376 anobis
1072 2329 1181 2394 rogatur

734 2406 938 2481 processissent,
957 2425 1005 2482 ego
1025 2427 1180 2484 quoque-
1240 2450 1244 2457 .
1286 2430 1292 2447 ι

736 2493 833 2548 tacitus
851 2491 976 2568 suffragia
995 2501 1083 2549 vestra
1102 2515 1181 2572 expe·
1240 2562 1245 2569 .

738 2590 861 2635 ctassem.
897 2582 945 2646 45,
968 2581 1025 2638 21.:
1051 2581 1181 2637 suadendi

737 2664 965 2742 dissuadendique
993 2664 1078 2739 legem
1107 2676 1182 2743 potc-

736 2763 793 2808 stas
811 2751 889 2808 sacta.
902 2783 936 2792 —
956 2751 1090 2812 Vossius
1107 2756 1183 2810 inter
1298 2794 1304 2817 .

736 2838 786 2915 Ap
801 2836 946 2895 Claudiurn
964 2840 1077 2894 maxime
1094 2840 1184 2897 ierunt

737 2931 766 2982 et
784 2925 814 2985 P.
832 2925 946 2983 Decium
967 2924 1077 2984 Murem.

686 3014 712 3069 4.
739 3032 805 3069 cum
819 3014 934 3089 plebeis
946 3014 1120 3072 consulatus
1137 3035 1183 3072 ro-

735 3102 882 3180 gabatur:
909 3100 959 3158 ΡΜ
985 3099 1062 3158 Leid.
1085 3121 1103 3161 r.
1133 3101 1183 3174 ab]

739 3210 800 3248 eum
834 3186 948 3266 plebeiis
979 3199 1030 3249 cet.
1066 3219 1100 3231 -
1136 3188 1185 3246 ΡΜ

740 3276 817 3335 Laid.
838 3294 856 3334 ι.
886 3273 966 3334 Voss.
984 3296 1011 3336 ιι.
1038 3295 1185 3353 omnesque

739 3384 826 3442 prope
835 3361 918 3422 Drab.
931 3362 1026 3422 rodda
1044 3363 1185 3420 disseruis-

740 3460 801 3508 set:
819 3448 894 3527 quod
905 3452 1038 3524 integrum
1053 3471 1112 3508 esse
1129 3471 1184 3507 nou

740 3548 839 3614 potest.
866 3567 901 3578 -
923 3536 964 3593 bl:
988 3539 1016 3593 in
1039 3539 1184 3598 conitioue.

741 3623 774 3682 P:
794 3627 823 3681 in
841 3626 1043 3700 cognitioue-
1062 3623 1125 3682 Pol:
1142 3644 1185 3700 ga·

741 3713 806 3770 bino
825 3712 911 3769 cultu:
934 3712 967 3772 ci.
986 3716 1012 3782 8,
1030 3716 1070 3771 a:
1098 3714 1186 3770 cinctu

744 3798 859 3858 Gabino.
872 3832 906 3842 -
919 3798 981 3857 PM:
1000 3820 1071 3875 „pro
1085 3800 1186 3878 populo

742 3908 773 3943 ac
798 3885 948 3962 legionibus
969 3889 1119 3945 romanis‘⁸.
1154 3888 1187 3945 lu

741 3993 810 4032 recc.
834 3974 992 4052 quibusdam
1012 3974 1186 4052 coddprae·

741 4062 893 4118 termissum
918 4071 960 4119 est
980 4064 1121 4120 romanis.
1150 4058 1185 4120 ci.

701 4144 703 4149 ’
742 4168 783 4209 ex.
801 4168 839 4225 gr.
858 4152 884 4220 8,
902 4151 958 4211 dn:
980 4148 1085 4218 ,‚salvis
1101 4147 1185 4223 legio·
1231 4178 1284 4311 1
