<?xml version="1.0" encoding="UTF-8"?>
<!DOCTYPE html PUBLIC "-//W3C//DTD XHTML 1.0 Transitional//EN"
    "http://www.w3.org/TR/xhtml1/DTD/xhtml1-transitional.dtd">
<html xmlns="http://www.w3.org/1999/xhtml" xml:lang="en" lang="en">
 <head>
  <title>
</title>
<meta http-equiv="Content-Type" content="text/html;charset=utf-8" />
  <meta name='ocr-system' content='tesseract 3.04.00' />
  <meta name='ocr-capabilities' content='ocr_page ocr_carea ocr_par ocr_line ocrx_word'/>
</head>
<body>
  <div class='ocr_page' id='page_1' title='image "./titilivirerumro01alscgoog_0697.png"; bbox 0 0 2780 4720; ppageno 0'>
   <div class='ocr_carea' id='block_1_1' title="bbox 546 261 1177 348">
    <p class='ocr_par' dir='ltr' id='par_1_1' title="bbox 546 261 1177 348">
     <span class='ocr_line' id='line_1_1' title="bbox 546 261 1177 348; baseline -0.019 0"><span class='ocrx_word' id='word_1_1' title='bbox 546 281 709 348; x_wconf 72' lang='lat' dir='ltr'>turus</span> <span class='ocrx_word' id='word_1_2' title='bbox 1114 261 1177 338; x_wconf 82' lang='lat'>681</span> 
     </span>
    </p>
   </div>
   <div class='ocr_carea' id='block_1_2' title="bbox 27 423 1292 1269">
    <p class='ocr_par' dir='ltr' id='par_1_2' title="bbox 27 423 1292 656">
     <span class='ocr_line' id='line_1_2' title="bbox 80 423 1244 538; baseline -0.002 -22"><span class='ocrx_word' id='word_1_3' title='bbox 80 447 162 516; x_wconf 74' lang='lat' dir='ltr'>tifex</span> <span class='ocrx_word' id='word_1_4' title='bbox 183 445 305 532; x_wconf 88' lang='lat' dir='ltr'>Liuius,</span> <span class='ocrx_word' id='word_1_5' title='bbox 332 445 384 516; x_wconf 88' lang='lat' dir='ltr'>cui</span> <span class='ocrx_word' id='word_1_6' title='bbox 409 445 537 517; x_wconf 78' lang='lat' dir='ltr'><strong>lictores</strong></span> <span class='ocrx_word' id='word_1_7' title='bbox 558 445 679 516; x_wconf 90' lang='lat' dir='ltr'>Decius</span> <span class='ocrx_word' id='word_1_8' title='bbox 707 443 910 514; x_wconf 75' lang='lat' dir='ltr'><strong>tradiderat</strong></span> <span class='ocrx_word' id='word_1_9' title='bbox 900 423 1097 538; x_wconf 76' lang='lat' dir='ltr'>iusseratque</span> <span class='ocrx_word' id='word_1_10' title='bbox 1119 470 1180 536; x_wconf 80' lang='lat' dir='ltr'>pro</span> <span class='ocrx_word' id='word_1_11' title='bbox 1241 467 1244 482; x_wconf 76' lang='lat'><strong>¹</strong></span> 
     </span>
     <span class='ocr_line' id='line_1_3' title="bbox 27 549 1292 656; baseline -0.002 -36"><span class='ocrx_word' id='word_1_12' title='bbox 27 631 33 656; x_wconf 50' lang='grc' dir='ltr'>Ι</span> <span class='ocrx_word' id='word_1_13' title='bbox 81 564 230 643; x_wconf 89' lang='lat' dir='ltr'>praetore</span> <span class='ocrx_word' id='word_1_14' title='bbox 252 573 333 643; x_wconf 84' lang='lat' dir='ltr'>esse,</span> <span class='ocrx_word' id='word_1_15' title='bbox 353 552 519 621; x_wconf 84' lang='lat' dir='ltr'>vociferari</span> <span class='ocrx_word' id='word_1_16' title='bbox 540 550 653 620; x_wconf 89' lang='lat' dir='ltr'>vicisse</span> <span class='ocrx_word' id='word_1_17' title='bbox 668 550 830 617; x_wconf 90' lang='lat' dir='ltr'>Romanos</span> <span class='ocrx_word' id='word_1_18' title='bbox 853 549 1019 647; x_wconf 82' lang='lat' dir='ltr'>defunctos</span> <span class='ocrx_word' id='word_1_19' title='bbox 1042 551 1180 627; x_wconf 89' lang='lat' dir='ltr'>consulis</span> <span class='ocrx_word' id='word_1_20' title='bbox 1288 615 1292 634; x_wconf 74' lang='grc'>,</span> 
     </span>
    </p>

    <p class='ocr_par' dir='ltr' id='par_1_3' title="bbox 81 635 1211 1269">
     <span class='ocr_line' id='line_1_4' title="bbox 82 635 1180 746; baseline -0.003 -21"><span class='ocrx_word' id='word_1_21' title='bbox 82 658 160 740; x_wconf 82' lang='lat' dir='ltr'>lato,</span> <span class='ocrx_word' id='word_1_22' title='bbox 189 655 299 724; x_wconf 84' lang='lat' dir='ltr'><strong>Gallos</strong></span> <span class='ocrx_word' id='word_1_23' title='bbox 329 655 552 746; x_wconf 80' lang='lat' dir='ltr'><strong>Samnitesque</strong></span> <span class='ocrx_word' id='word_1_24' title='bbox 579 654 717 722; x_wconf 80' lang='lat' dir='ltr'>Telluris</span> <span class='ocrx_word' id='word_1_25' title='bbox 748 655 857 722; x_wconf 85' lang='lat' dir='ltr'>matris</span> <span class='ocrx_word' id='word_1_26' title='bbox 885 679 923 724; x_wconf 89' lang='lat' dir='ltr'>ac</span> <span class='ocrx_word' id='word_1_27' title='bbox 956 635 1089 738; x_wconf 81' lang='lat' dir='ltr'>deorum</span> <span class='ocrx_word' id='word_1_28' title='bbox 1115 681 1180 722; x_wconf 87' lang='lat' dir='ltr'>ma·</span> 
     </span>
     <span class='ocr_line' id='line_1_5' title="bbox 81 758 1184 850; baseline 0 -24"><span class='ocrx_word' id='word_1_29' title='bbox 81 761 173 828; x_wconf 78' lang='lat' dir='ltr'>mum</span> <span class='ocrx_word' id='word_1_30' title='bbox 194 783 275 843; x_wconf 88' lang='lat' dir='ltr'>esse,</span> <span class='ocrx_word' id='word_1_31' title='bbox 296 778 407 850; x_wconf 87' lang='lat' dir='ltr'>rapere</span> <span class='ocrx_word' id='word_1_32' title='bbox 430 761 527 828; x_wconf 87' lang='lat' dir='ltr'>adse</span> <span class='ocrx_word' id='word_1_33' title='bbox 550 783 588 828; x_wconf 90' lang='lat' dir='ltr'>ac</span> <span class='ocrx_word' id='word_1_34' title='bbox 609 783 725 828; x_wconf 88' lang='lat' dir='ltr'>vocare</span> <span class='ocrx_word' id='word_1_35' title='bbox 739 758 877 826; x_wconf 88' lang='lat' dir='ltr'>Decium</span> <span class='ocrx_word' id='word_1_36' title='bbox 899 759 1048 828; x_wconf 84' lang='lat' dir='ltr'>devotam</span> <span class='ocrx_word' id='word_1_37' title='bbox 1070 781 1184 828; x_wconf 86' lang='lat' dir='ltr'>secum</span> 
     </span>
     <span class='ocr_line' id='line_1_6' title="bbox 82 862 1211 956; baseline 0 -24"><span class='ocrx_word' id='word_1_38' title='bbox 82 865 187 932; x_wconf 80' lang='lat' dir='ltr'>aciem</span> <span class='ocrx_word' id='word_1_39' title='bbox 212 864 434 956; x_wconf 68' lang='lat' dir='ltr'>furiarumque</span> <span class='ocrx_word' id='word_1_40' title='bbox 462 888 501 932; x_wconf 87' lang='lat' dir='ltr'>ac</span> <span class='ocrx_word' id='word_1_41' title='bbox 533 863 708 932; x_wconf 72' lang='lat' dir='ltr'>formidinis</span> <span class='ocrx_word' id='word_1_42' title='bbox 735 864 831 953; x_wconf 86' lang='lat' dir='ltr'>plena</span> <span class='ocrx_word' id='word_1_43' title='bbox 858 862 964 931; x_wconf 89' lang='lat' dir='ltr'>omnia</span> <span class='ocrx_word' id='word_1_44' title='bbox 998 865 1039 932; x_wconf 91' lang='lat' dir='ltr'>ad</span> <span class='ocrx_word' id='word_1_45' title='bbox 1070 863 1211 932; x_wconf 74' lang='lat' dir='ltr'>hostest</span> 
     </span>
     <span class='ocr_line' id='line_1_7' title="bbox 83 967 1184 1088; baseline -0.002 -52"><span class='ocrx_word' id='word_1_46' title='bbox 83 991 167 1038; x_wconf 90' lang='lat' dir='ltr'>osse.</span> <span class='ocrx_word' id='word_1_47' title='bbox 205 969 433 1060; x_wconf 89' lang='lat' dir='ltr'>superveniunt</span> <span class='ocrx_word' id='word_1_48' title='bbox 455 968 568 1038; x_wconf 88' lang='lat' dir='ltr'>deinde</span> <span class='ocrx_word' id='word_1_49' title='bbox 583 967 632 1036; x_wconf 89' lang='lat' dir='ltr'>his</span> <span class='ocrx_word' id='word_1_50' title='bbox 646 967 883 1038; x_wconf 74' lang='lat' dir='ltr'>restituentibus</span> <span class='ocrx_word' id='word_1_51' title='bbox 894 991 1045 1088; x_wconf 79' lang='lat' dir='ltr'>pugnam</span> <span class='ocrx_word' id='word_1_52' title='bbox 1051 967 1090 1036; x_wconf 78' lang='lat' dir='ltr'>L.</span> <span class='ocrx_word' id='word_1_53' title='bbox 1106 967 1184 1036; x_wconf 82' lang='lat' dir='ltr'>Cor-</span> 
     </span>
     <span class='ocr_line' id='line_1_8' title="bbox 82 1071 1183 1164; baseline -0.004 -20"><span class='ocrx_word' id='word_1_54' title='bbox 82 1073 187 1144; x_wconf 87' lang='lat' dir='ltr'>nelius</span> <span class='ocrx_word' id='word_1_55' title='bbox 209 1073 317 1164; x_wconf 81' lang='lat' dir='ltr'>Scipio</span> <span class='ocrx_word' id='word_1_56' title='bbox 340 1072 425 1146; x_wconf 80' lang='lat' dir='ltr'>etC.</span> <span class='ocrx_word' id='word_1_57' title='bbox 440 1071 579 1144; x_wconf 76' lang='lat' dir='ltr'>Marcius</span> <span class='ocrx_word' id='word_1_58' title='bbox 600 1095 676 1143; x_wconf 89' lang='lat' dir='ltr'>oum</span> <span class='ocrx_word' id='word_1_59' title='bbox 698 1071 844 1144; x_wconf 84' lang='lat' dir='ltr'>subsidiis</span> <span class='ocrx_word' id='word_1_60' title='bbox 866 1095 908 1140; x_wconf 88' lang='lat' dir='ltr'>ex</span> <span class='ocrx_word' id='word_1_61' title='bbox 928 1072 1100 1144; x_wconf 88' lang='lat' dir='ltr'>novissima</span> <span class='ocrx_word' id='word_1_62' title='bbox 1115 1073 1183 1140; x_wconf 84' lang='lat' dir='ltr'>acie</span> 
     </span>
     <span class='ocr_line' id='line_1_9' title="bbox 82 1175 1182 1269; baseline -0.002 -23"><span class='ocrx_word' id='word_1_63' title='bbox 82 1177 228 1268; x_wconf 81' lang='lat' dir='ltr'>iussuQ:</span> <span class='ocrx_word' id='word_1_64' title='bbox 243 1178 323 1245; x_wconf 83' lang='lat' dir='ltr'>Fabi</span> <span class='ocrx_word' id='word_1_65' title='bbox 345 1178 484 1250; x_wconf 88' lang='lat' dir='ltr'>consulis</span> <span class='ocrx_word' id='word_1_66' title='bbox 507 1176 546 1247; x_wconf 89' lang='lat' dir='ltr'>ad</span> <span class='ocrx_word' id='word_1_67' title='bbox 569 1175 770 1269; x_wconf 83' lang='lat' dir='ltr'>praesidium</span> <span class='ocrx_word' id='word_1_68' title='bbox 782 1175 926 1269; x_wconf 81' lang='lat' dir='ltr'>collegae</span> <span class='ocrx_word' id='word_1_69' title='bbox 947 1176 1048 1246; x_wconf 87' lang='lat' dir='ltr'>missi.</span> <span class='ocrx_word' id='word_1_70' title='bbox 1070 1177 1114 1244; x_wconf 91' lang='lat' dir='ltr'>ibi</span> <span class='ocrx_word' id='word_1_71' title='bbox 1130 1203 1182 1244; x_wconf 87' lang='lat' dir='ltr'>au-</span> 
     </span>
    </p>
   </div>
   <div class='ocr_carea' id='block_1_3' title="bbox 107 1304 600 1849">
    <p class='ocr_par' dir='ltr' id='par_1_4' title="bbox 107 1304 600 1849">
     <span class='ocr_line' id='line_1_10' title="bbox 107 1304 598 1414; baseline -0.002 -23"><span class='ocrx_word' id='word_1_72' title='bbox 107 1380 110 1392; x_wconf 92' lang='grc'><em>,</em></span> <span class='ocrx_word' id='word_1_73' title='bbox 153 1355 239 1413; x_wconf 80' lang='lat' dir='ltr'>prope</span> <span class='ocrx_word' id='word_1_74' title='bbox 256 1345 455 1414; x_wconf 78' lang='lat' dir='ltr'>propraetorem</span> <span class='ocrx_word' id='word_1_75' title='bbox 472 1353 541 1398; x_wconf 79' lang='lat' dir='ltr'>esee.</span> <span class='ocrx_word' id='word_1_76' title='bbox 557 1304 598 1394; x_wconf 88' lang='grc' dir='ltr'><strong>Μ</strong></span> 
     </span>
     <span class='ocr_line' id='line_1_11' title="bbox 155 1415 599 1500; baseline -0.002 -21"><span class='ocrx_word' id='word_1_77' title='bbox 155 1415 344 1500; x_wconf 72' lang='lat' dir='ltr'>„iusseratque</span> <span class='ocrx_word' id='word_1_78' title='bbox 354 1443 439 1499; x_wconf 86' lang='lat' dir='ltr'>prope</span> <span class='ocrx_word' id='word_1_79' title='bbox 450 1425 479 1498; x_wconf 87' lang='lat' dir='ltr'>p.</span> <span class='ocrx_word' id='word_1_80' title='bbox 488 1427 550 1481; x_wconf 82' lang='lat' dir='ltr'>ti.</span> <span class='ocrx_word' id='word_1_81' title='bbox 535 1425 584 1478; x_wconf 87' lang='lat' dir='ltr'>ee“</span> <span class='ocrx_word' id='word_1_82' title='bbox 591 1443 599 1478; x_wconf 77' lang='lat' dir='ltr'>a</span> 
     </span>
     <span class='ocr_line' id='line_1_12' title="bbox 154 1511 599 1587; baseline -0.002 -19"><span class='ocrx_word' id='word_1_83' title='bbox 154 1511 173 1568; x_wconf 91' lang='lat' dir='ltr'>i.</span> <span class='ocrx_word' id='word_1_84' title='bbox 196 1529 220 1567; x_wconf 87' lang='lat' dir='ltr'>e.</span> <span class='ocrx_word' id='word_1_85' title='bbox 242 1530 329 1587; x_wconf 86' lang='lat' dir='ltr'>prope</span> <span class='ocrx_word' id='word_1_86' title='bbox 354 1517 505 1587; x_wconf 82' lang='lat' dir='ltr'>praetorem</span> <span class='ocrx_word' id='word_1_87' title='bbox 531 1527 599 1568; x_wconf 87' lang='lat' dir='ltr'>esso.</span> 
     </span>
     <span class='ocr_line' id='line_1_13' title="bbox 154 1592 599 1659; baseline 0 -5"><span class='ocrx_word' id='word_1_88' title='bbox 154 1596 222 1656; x_wconf 77' lang='lat' dir='ltr'>Pell.</span> <span class='ocrx_word' id='word_1_89' title='bbox 236 1595 314 1659; x_wconf 84' lang='lat' dir='ltr'>Leid.</span> <span class='ocrx_word' id='word_1_90' title='bbox 328 1617 346 1655; x_wconf 91' lang='grc' dir='ltr'>ι.</span> <span class='ocrx_word' id='word_1_91' title='bbox 358 1595 437 1655; x_wconf 85' lang='lat' dir='ltr'>Voss.</span> <span class='ocrx_word' id='word_1_92' title='bbox 449 1615 476 1654; x_wconf 91' lang='grc' dir='ltr'>ιι.</span> <span class='ocrx_word' id='word_1_93' title='bbox 493 1592 561 1654; x_wconf 84' lang='lat' dir='ltr'>Lor.</span> <span class='ocrx_word' id='word_1_94' title='bbox 572 1597 599 1654; x_wconf 76' lang='lat' dir='ltr'>d.</span> 
     </span>
     <span class='ocr_line' id='line_1_14' title="bbox 154 1682 600 1762; baseline -0.013 -20"><span class='ocrx_word' id='word_1_95' title='bbox 154 1684 285 1762; x_wconf 86' lang='lat' dir='ltr'>multique</span> <span class='ocrx_word' id='word_1_96' title='bbox 303 1683 348 1740; x_wconf 90' lang='lat' dir='ltr'>alii</span> <span class='ocrx_word' id='word_1_97' title='bbox 361 1682 455 1741; x_wconf 78' lang='lat' dir='ltr'>coddr</span> <span class='ocrx_word' id='word_1_98' title='bbox 473 1683 600 1738; x_wconf 84' lang='lat' dir='ltr'>iusserat-</span> 
     </span>
     <span class='ocr_line' id='line_1_15' title="bbox 154 1767 599 1849; baseline -0.004 -23"><span class='ocrx_word' id='word_1_99' title='bbox 154 1791 207 1848; x_wconf 86' lang='lat' dir='ltr'>que</span> <span class='ocrx_word' id='word_1_100' title='bbox 219 1790 305 1849; x_wconf 87' lang='lat' dir='ltr'>prope</span> <span class='ocrx_word' id='word_1_101' title='bbox 317 1790 385 1828; x_wconf 86' lang='lat' dir='ltr'>esse.</span> <span class='ocrx_word' id='word_1_102' title='bbox 403 1767 474 1827; x_wconf 87' lang='lat' dir='ltr'>Cod.</span> <span class='ocrx_word' id='word_1_103' title='bbox 490 1767 599 1827; x_wconf 81' lang='lat' dir='ltr'>Klocl.=</span> 
     </span>
    </p>
   </div>
   <div class='ocr_carea' id='block_1_4' title="bbox 105 1861 601 1936">
    <p class='ocr_par' dir='ltr' id='par_1_5' title="bbox 105 1861 601 1936">
     <span class='ocr_line' id='line_1_16' title="bbox 105 1861 601 1936; baseline -0.016 -19"><span class='ocrx_word' id='word_1_104' title='bbox 105 1873 108 1883; x_wconf 91' lang='lat'>&#39;</span> <span class='ocrx_word' id='word_1_105' title='bbox 156 1861 345 1936; x_wconf 86' lang='lat' dir='ltr'>„iusseratque</span> <span class='ocrx_word' id='word_1_106' title='bbox 356 1866 444 1934; x_wconf 88' lang='lat' dir='ltr'>propt.</span> <span class='ocrx_word' id='word_1_107' title='bbox 456 1875 520 1933; x_wconf 89' lang='lat' dir='ltr'>pop.</span> <span class='ocrx_word' id='word_1_108' title='bbox 531 1874 601 1915; x_wconf 87' lang='lat' dir='ltr'>rom.</span> 
     </span>
    </p>
   </div>
   <div class='ocr_carea' id='block_1_5' title="bbox 155 1947 652 2021">
    <p class='ocr_par' dir='ltr' id='par_1_6' title="bbox 155 1947 652 2021">
     <span class='ocr_line' id='line_1_17' title="bbox 155 1947 652 2021; baseline -0.008 -19"><span class='ocrx_word' id='word_1_109' title='bbox 155 1951 250 2004; x_wconf 82' lang='lat' dir='ltr'>esse“=</span> <span class='ocrx_word' id='word_1_110' title='bbox 269 1947 287 2004; x_wconf 89' lang='lat' dir='ltr'>i.</span> <span class='ocrx_word' id='word_1_111' title='bbox 300 1966 323 2006; x_wconf 88' lang='lat' dir='ltr'>e.</span> <span class='ocrx_word' id='word_1_112' title='bbox 342 1965 391 2020; x_wconf 89' lang='lat' dir='ltr'>pro</span> <span class='ocrx_word' id='word_1_113' title='bbox 409 1953 534 2020; x_wconf 83' lang='lat' dir='ltr'>praetore</span> <span class='ocrx_word' id='word_1_114' title='bbox 550 1963 599 2021; x_wconf 91' lang='lat' dir='ltr'>po·</span> <span class='ocrx_word' id='word_1_115' title='bbox 649 2007 652 2018; x_wconf 28' lang='grc' dir='ltr'><strong>ι</strong></span> 
     </span>
    </p>
   </div>
   <div class='ocr_carea' id='block_1_6' title="bbox 108 2034 607 4198">
    <p class='ocr_par' dir='ltr' id='par_1_7' title="bbox 108 2034 607 4198">
     <span class='ocr_line' id='line_1_18' title="bbox 152 2034 600 2112; baseline -0.013 -21"><span class='ocrx_word' id='word_1_116' title='bbox 152 2034 213 2112; x_wconf 88' lang='lat' dir='ltr'>puli</span> <span class='ocrx_word' id='word_1_117' title='bbox 231 2035 334 2090; x_wconf 85' lang='lat' dir='ltr'>romani</span> <span class='ocrx_word' id='word_1_118' title='bbox 352 2052 425 2088; x_wconf 79' lang='lat' dir='ltr'>csse:</span> <span class='ocrx_word' id='word_1_119' title='bbox 451 2051 520 2108; x_wconf 84' lang='lat' dir='ltr'>quae</span> <span class='ocrx_word' id='word_1_120' title='bbox 537 2049 600 2087; x_wconf 83' lang='lat' dir='ltr'>vera</span> 
     </span>
     <span class='ocr_line' id='line_1_19' title="bbox 150 2119 601 2197; baseline -0.009 -19"><span class='ocrx_word' id='word_1_121' title='bbox 150 2121 250 2178; x_wconf 85' lang='lat' dir='ltr'>haberi</span> <span class='ocrx_word' id='word_1_122' title='bbox 264 2128 357 2196; x_wconf 82' lang='lat' dir='ltr'>posset</span> <span class='ocrx_word' id='word_1_123' title='bbox 378 2121 525 2197; x_wconf 77' lang='lat' dir='ltr'>scriptura,</span> <span class='ocrx_word' id='word_1_124' title='bbox 546 2119 601 2174; x_wconf 87' lang='lat' dir='ltr'>nisi</span> 
     </span>
     <span class='ocr_line' id='line_1_20' title="bbox 155 2205 600 2284; baseline -0.004 -18"><span class='ocrx_word' id='word_1_125' title='bbox 155 2208 233 2267; x_wconf 89' lang='lat' dir='ltr'>multi</span> <span class='ocrx_word' id='word_1_126' title='bbox 255 2208 310 2264; x_wconf 84' lang='lat' dir='ltr'>loci</span> <span class='ocrx_word' id='word_1_127' title='bbox 331 2209 388 2264; x_wconf 82' lang='lat' dir='ltr'>eius</span> <span class='ocrx_word' id='word_1_128' title='bbox 410 2207 533 2284; x_wconf 86' lang='lat' dir='ltr'>mseripti</span> <span class='ocrx_word' id='word_1_129' title='bbox 551 2205 600 2264; x_wconf 88' lang='lat' dir='ltr'>do·</span> 
     </span>
     <span class='ocr_line' id='line_1_21' title="bbox 108 2293 600 2370; baseline -0.01 -17"><span class='ocrx_word' id='word_1_130' title='bbox 108 2319 113 2340; x_wconf 72' lang='grc' dir='ltr'>ι</span> <span class='ocrx_word' id='word_1_131' title='bbox 156 2305 256 2360; x_wconf 76' lang='lat' dir='ltr'>serent,</span> <span class='ocrx_word' id='word_1_132' title='bbox 274 2297 356 2352; x_wconf 84' lang='lat' dir='ltr'>nimie</span> <span class='ocrx_word' id='word_1_133' title='bbox 367 2314 447 2370; x_wconf 86' lang='lat' dir='ltr'>saepe</span> <span class='ocrx_word' id='word_1_134' title='bbox 460 2293 600 2364; x_wconf 79' lang='lat' dir='ltr'>libqarium</span> 
     </span>
     <span class='ocr_line' id='line_1_22' title="bbox 157 2379 599 2459; baseline -0.007 -20"><span class='ocrx_word' id='word_1_135' title='bbox 157 2383 186 2439; x_wconf 91' lang='lat' dir='ltr'>in</span> <span class='ocrx_word' id='word_1_136' title='bbox 203 2380 283 2459; x_wconf 88' lang='lat' dir='ltr'>paulo</span> <span class='ocrx_word' id='word_1_137' title='bbox 303 2379 501 2440; x_wconf 84' lang='lat' dir='ltr'>difficilioribus</span> <span class='ocrx_word' id='word_1_138' title='bbox 519 2382 599 2438; x_wconf 85' lang='lat' dir='ltr'>rebus</span> 
     </span>
     <span class='ocr_line' id='line_1_23' title="bbox 156 2468 605 2550; baseline -0.007 -23"><span class='ocrx_word' id='word_1_139' title='bbox 156 2471 264 2544; x_wconf 81' lang='lat' dir='ltr'>ingenio</span> <span class='ocrx_word' id='word_1_140' title='bbox 293 2489 343 2526; x_wconf 85' lang='lat' dir='ltr'>suo</span> <span class='ocrx_word' id='word_1_141' title='bbox 373 2468 528 2528; x_wconf 84' lang='lat' dir='ltr'>indulsisse.</span> <span class='ocrx_word' id='word_1_142' title='bbox 557 2488 605 2550; x_wconf 56' lang='lat' dir='ltr'>se·⁸</span> 
     </span>
     <span class='ocr_line' id='line_1_24' title="bbox 158 2555 600 2633; baseline -0.011 -19"><span class='ocrx_word' id='word_1_143' title='bbox 158 2557 264 2633; x_wconf 84' lang='lat' dir='ltr'>quenda</span> <span class='ocrx_word' id='word_1_144' title='bbox 288 2560 370 2632; x_wconf 86' lang='lat' dir='ltr'>igitur</span> <span class='ocrx_word' id='word_1_145' title='bbox 392 2555 534 2614; x_wconf 78' lang='lat' dir='ltr'>videbatur</span> <span class='ocrx_word' id='word_1_146' title='bbox 555 2575 600 2611; x_wconf 87' lang='lat' dir='ltr'>co-</span> 
     </span>
     <span class='ocr_line' id='line_1_25' title="bbox 156 2643 601 2720; baseline -0.002 -21"><span class='ocrx_word' id='word_1_147' title='bbox 156 2643 226 2700; x_wconf 86' lang='lat' dir='ltr'>dicis</span> <span class='ocrx_word' id='word_1_148' title='bbox 246 2643 358 2702; x_wconf 81' lang='lat' dir='ltr'>flavere.</span> <span class='ocrx_word' id='word_1_149' title='bbox 376 2646 520 2718; x_wconf 82' lang='lat' dir='ltr'>scripture,</span> <span class='ocrx_word' id='word_1_150' title='bbox 548 2663 601 2720; x_wconf 88' lang='lat' dir='ltr'>qua</span> 
     </span>
     <span class='ocr_line' id='line_1_26' title="bbox 157 2728 601 2806; baseline -0.005 -20"><span class='ocrx_word' id='word_1_151' title='bbox 157 2730 259 2786; x_wconf 85' lang='lat' dir='ltr'>Decius</span> <span class='ocrx_word' id='word_1_152' title='bbox 269 2728 601 2806; x_wconf 79' lang='lat' dir='ltr'>moriturusbiviumpon·</span> 
     </span>
     <span class='ocr_line' id='line_1_27' title="bbox 157 2815 600 2874; baseline -0.007 -1"><span class='ocrx_word' id='word_1_153' title='bbox 157 2815 259 2874; x_wconf 87' lang='lat' dir='ltr'>tificem</span> <span class='ocrx_word' id='word_1_154' title='bbox 285 2817 397 2872; x_wconf 85' lang='lat' dir='ltr'>iussisse</span> <span class='ocrx_word' id='word_1_155' title='bbox 425 2816 524 2872; x_wconf 86' lang='lat' dir='ltr'>dicitur</span> <span class='ocrx_word' id='word_1_156' title='bbox 550 2833 600 2871; x_wconf 88' lang='lat' dir='ltr'>suo</span> 
     </span>
     <span class='ocr_line' id='line_1_28' title="bbox 156 2902 602 2982; baseline -0.007 -22"><span class='ocrx_word' id='word_1_157' title='bbox 156 2903 219 2960; x_wconf 90' lang='lat' dir='ltr'>loeo</span> <span class='ocrx_word' id='word_1_158' title='bbox 231 2904 362 2982; x_wconf 80' lang='lat' dir='ltr'>praetoris</span> <span class='ocrx_word' id='word_1_159' title='bbox 374 2904 433 2958; x_wconf 88' lang='lat' dir='ltr'>vice</span> <span class='ocrx_word' id='word_1_160' title='bbox 451 2902 538 2976; x_wconf 75' lang='lat' dir='ltr'>fungis</span> <span class='ocrx_word' id='word_1_161' title='bbox 556 2922 602 2959; x_wconf 87' lang='lat' dir='ltr'>vo-</span> 
     </span>
     <span class='ocr_line' id='line_1_29' title="bbox 159 2988 604 3066; baseline -0.004 -18"><span class='ocrx_word' id='word_1_162' title='bbox 159 3011 216 3048; x_wconf 88' lang='lat' dir='ltr'>cem</span> <span class='ocrx_word' id='word_1_163' title='bbox 240 2993 390 3066; x_wconf 79' lang='lat' dir='ltr'>praetoris</span> <span class='ocrx_word' id='word_1_164' title='bbox 416 2998 504 3046; x_wconf 86' lang='lat' dir='ltr'>autem</span> <span class='ocrx_word' id='word_1_165' title='bbox 530 2988 604 3046; x_wconf 87' lang='lat' dir='ltr'>haud</span> 
     </span>
     <span class='ocr_line' id='line_1_30' title="bbox 159 3075 604 3153; baseline -0.004 -19"><span class='ocrx_word' id='word_1_166' title='bbox 159 3099 221 3136; x_wconf 86' lang='lat' dir='ltr'>raro</span> <span class='ocrx_word' id='word_1_167' title='bbox 249 3099 278 3134; x_wconf 89' lang='lat' dir='ltr'>ca</span> <span class='ocrx_word' id='word_1_168' title='bbox 306 3077 501 3152; x_wconf 83' lang='lat' dir='ltr'>significatione</span> <span class='ocrx_word' id='word_1_169' title='bbox 531 3075 604 3153; x_wconf 84' lang='lat' dir='ltr'>apud</span> 
     </span>
     <span class='ocr_line' id='line_1_31' title="bbox 156 3154 604 3240; baseline 0.004 -18"><span class='ocrx_word' id='word_1_170' title='bbox 156 3164 265 3222; x_wconf 88' lang='lat' dir='ltr'>Livium</span> <span class='ocrx_word' id='word_1_171' title='bbox 290 3165 342 3240; x_wconf 79' lang='lat' dir='ltr'>legi</span> <span class='ocrx_word' id='word_1_172' title='bbox 369 3175 462 3224; x_wconf 84' lang='lat' dir='ltr'>notum</span> <span class='ocrx_word' id='word_1_173' title='bbox 489 3154 539 3226; x_wconf 74' lang='lat' dir='ltr'>est.</span> <span class='ocrx_word' id='word_1_174' title='bbox 569 3163 604 3224; x_wconf 87' lang='lat' dir='ltr'>cl.</span> 
     </span>
     <span class='ocr_line' id='line_1_32' title="bbox 160 3251 603 3322; baseline -0.002 -14"><span class='ocrx_word' id='word_1_175' title='bbox 160 3255 261 3322; x_wconf 72' lang='grc' dir='ltr'>Μ1,3.ι</span> <span class='ocrx_word' id='word_1_176' title='bbox 289 3254 398 3311; x_wconf 89' lang='lat' dir='ltr'>minime</span> <span class='ocrx_word' id='word_1_177' title='bbox 416 3251 493 3308; x_wconf 83' lang='lat' dir='ltr'>decet</span> <span class='ocrx_word' id='word_1_178' title='bbox 510 3254 603 3308; x_wconf 88' lang='lat' dir='ltr'>iuven·</span> 
     </span>
     <span class='ocr_line' id='line_1_33' title="bbox 158 3337 605 3416; baseline -0.007 -20"><span class='ocrx_word' id='word_1_179' title='bbox 158 3349 242 3398; x_wconf 82' lang='lat' dir='ltr'>tutem</span> <span class='ocrx_word' id='word_1_180' title='bbox 254 3350 373 3416; x_wconf 82' lang='lat' dir='ltr'>nostram</span> <span class='ocrx_word' id='word_1_181' title='bbox 386 3369 420 3394; x_wconf 74' lang='grc'>-,-</span> <span class='ocrx_word' id='word_1_182' title='bbox 433 3337 605 3398; x_wconf 79' lang='lat' dir='ltr'>adsuefacere</span> 
     </span>
     <span class='ocr_line' id='line_1_34' title="bbox 158 3427 603 3502; baseline 0 -19"><span class='ocrx_word' id='word_1_183' title='bbox 158 3427 266 3486; x_wconf 86' lang='lat' dir='ltr'>libidini</span> <span class='ocrx_word' id='word_1_184' title='bbox 288 3436 451 3502; x_wconf 87' lang='lat' dir='ltr'>praetorum.</span> <span class='ocrx_word' id='word_1_185' title='bbox 481 3429 529 3494; x_wconf 89' lang='grc'>10,</span> <span class='ocrx_word' id='word_1_186' title='bbox 547 3429 603 3484; x_wconf 62' lang='lat' dir='ltr'>dds</span> 
     </span>
     <span class='ocr_line' id='line_1_35' title="bbox 160 3511 604 3590; baseline -0.005 -20"><span class='ocrx_word' id='word_1_187' title='bbox 160 3516 368 3590; x_wconf 82' lang='lat' dir='ltr'>praepositoque</span> <span class='ocrx_word' id='word_1_188' title='bbox 386 3513 481 3570; x_wconf 78' lang='lat' dir='ltr'>eastris</span> <span class='ocrx_word' id='word_1_189' title='bbox 499 3511 530 3572; x_wconf 82' lang='lat' dir='ltr'>L.</span> <span class='ocrx_word' id='word_1_190' title='bbox 545 3513 604 3570; x_wconf 91' lang='lat' dir='ltr'>Sci·</span> 
     </span>
     <span class='ocr_line' id='line_1_36' title="bbox 158 3597 605 3679; baseline -0.007 -21"><span class='ocrx_word' id='word_1_191' title='bbox 158 3597 605 3679; x_wconf 78' lang='lat' dir='ltr'>pionepropraetore.-Voss.rr.=</span> 
     </span>
     <span class='ocr_line' id='line_1_37' title="bbox 161 3685 604 3746; baseline -0.002 -3"><span class='ocrx_word' id='word_1_192' title='bbox 161 3687 279 3746; x_wconf 86' lang='lat' dir='ltr'>consulis</span> <span class='ocrx_word' id='word_1_193' title='bbox 298 3688 377 3746; x_wconf 83' lang='lat' dir='ltr'>laeto.</span> <span class='ocrx_word' id='word_1_194' title='bbox 400 3685 451 3746; x_wconf 80' lang='grc' dir='ltr'>ΡΜ</span> <span class='ocrx_word' id='word_1_195' title='bbox 467 3685 538 3746; x_wconf 81' lang='lat' dir='ltr'>rell:</span> <span class='ocrx_word' id='word_1_196' title='bbox 556 3706 604 3744; x_wconf 89' lang='lat' dir='ltr'>uo·</span> 
     </span>
     <span class='ocr_line' id='line_1_38' title="bbox 160 3775 606 3844; baseline -0.004 -12"><span class='ocrx_word' id='word_1_197' title='bbox 160 3775 266 3832; x_wconf 85' lang='lat' dir='ltr'>ciierari</span> <span class='ocrx_word' id='word_1_198' title='bbox 290 3779 336 3843; x_wconf 84' lang='lat'>(7,</span> <span class='ocrx_word' id='word_1_199' title='bbox 356 3777 413 3844; x_wconf 72' lang='lat'><strong>12.)</strong></span> <span class='ocrx_word' id='word_1_200' title='bbox 440 3776 538 3832; x_wconf 87' lang='lat' dir='ltr'>uicisse</span> <span class='ocrx_word' id='word_1_201' title='bbox 561 3794 606 3830; x_wconf 89' lang='lat' dir='ltr'>ro·</span> 
     </span>
     <span class='ocr_line' id='line_1_39' title="bbox 162 3860 606 3920; baseline -0.009 0"><span class='ocrx_word' id='word_1_202' title='bbox 162 3860 606 3920; x_wconf 75' lang='lat' dir='ltr'>manosdefunctosconsnlislatoz</span> 
     </span>
     <span class='ocr_line' id='line_1_40' title="bbox 161 3947 607 4021; baseline 0 -17"><span class='ocrx_word' id='word_1_203' title='bbox 161 3950 284 4021; x_wconf 83' lang='lat' dir='ltr'>„gesiegt</span> <span class='ocrx_word' id='word_1_204' title='bbox 313 3950 404 4012; x_wconf 67' lang='lat' dir='ltr'>betten</span> <span class='ocrx_word' id='word_1_205' title='bbox 432 3949 476 4006; x_wconf 89' lang='lat' dir='ltr'>die</span> <span class='ocrx_word' id='word_1_206' title='bbox 504 3947 607 4006; x_wconf 79' lang='lat' dir='ltr'>Rdmer</span> 
     </span>
     <span class='ocr_line' id='line_1_41' title="bbox 135 4033 606 4094; baseline -0.006 1"><span class='ocrx_word' id='word_1_207' title='bbox 135 4064 141 4076; x_wconf 41' lang='grc' dir='ltr'>ι</span> <span class='ocrx_word' id='word_1_208' title='bbox 161 4033 291 4094; x_wconf 82' lang='lat' dir='ltr'>uacbdem</span> <span class='ocrx_word' id='word_1_209' title='bbox 310 4037 359 4092; x_wconf 88' lang='lat' dir='ltr'>der</span> <span class='ocrx_word' id='word_1_210' title='bbox 371 4035 472 4094; x_wconf 84' lang='lat' dir='ltr'>Consul</span> <span class='ocrx_word' id='word_1_211' title='bbox 491 4035 550 4092; x_wconf 86' lang='lat' dir='ltr'>sich</span> <span class='ocrx_word' id='word_1_212' title='bbox 563 4033 606 4092; x_wconf 79' lang='lat' dir='ltr'>tur</span> 
     </span>
     <span class='ocr_line' id='line_1_42' title="bbox 160 4121 605 4198; baseline 0.004 -21"><span class='ocrx_word' id='word_1_213' title='bbox 160 4123 201 4178; x_wconf 86' lang='lat' dir='ltr'>sie</span> <span class='ocrx_word' id='word_1_214' title='bbox 218 4121 351 4198; x_wconf 79' lang='lat' dir='ltr'>geoplert:</span> <span class='ocrx_word' id='word_1_215' title='bbox 370 4121 471 4186; x_wconf 77' lang='lat' dir='ltr'>Galliac</span> <span class='ocrx_word' id='word_1_216' title='bbox 488 4121 545 4182; x_wconf 88' lang='lat' dir='ltr'>und</span> <span class='ocrx_word' id='word_1_217' title='bbox 557 4122 605 4180; x_wconf 85' lang='lat' dir='ltr'>Sa·</span> 
     </span>
    </p>
   </div>
   <div class='ocr_carea' id='block_1_7' title="bbox 739 1333 1185 1578">
    <p class='ocr_par' dir='ltr' id='par_1_8' title="bbox 739 1333 1185 1578">
     <span class='ocr_line' id='line_1_43' title="bbox 739 1333 1182 1408; baseline -0.005 -15"><span class='ocrx_word' id='word_1_218' title='bbox 739 1335 838 1394; x_wconf 85' lang='lat' dir='ltr'>molter</span> <span class='ocrx_word' id='word_1_219' title='bbox 854 1341 946 1390; x_wconf 78' lang='lat' dir='ltr'>wtren</span> <span class='ocrx_word' id='word_1_220' title='bbox 962 1335 1027 1408; x_wconf 74' lang='lat' dir='ltr'>Jetzt</span> <span class='ocrx_word' id='word_1_221' title='bbox 1048 1334 1098 1392; x_wconf 85' lang='lat' dir='ltr'>der</span> <span class='ocrx_word' id='word_1_222' title='bbox 1114 1333 1182 1391; x_wconf 88' lang='lat' dir='ltr'>illut·</span> 
     </span>
     <span class='ocr_line' id='line_1_44' title="bbox 739 1420 1184 1480; baseline -0.002 -2"><span class='ocrx_word' id='word_1_223' title='bbox 739 1431 782 1478; x_wconf 87' lang='lat' dir='ltr'>ter</span> <span class='ocrx_word' id='word_1_224' title='bbox 798 1420 871 1480; x_wconf 82' lang='lat' dir='ltr'>Erde</span> <span class='ocrx_word' id='word_1_225' title='bbox 892 1421 948 1478; x_wconf 88' lang='lat' dir='ltr'>und</span> <span class='ocrx_word' id='word_1_226' title='bbox 970 1420 1022 1478; x_wconf 89' lang='lat' dir='ltr'>den</span> <span class='ocrx_word' id='word_1_227' title='bbox 1041 1422 1184 1480; x_wconf 87' lang='lat' dir='ltr'>unterirdi-</span> 
     </span>
     <span class='ocr_line' id='line_1_45' title="bbox 740 1507 1185 1578; baseline -0.004 -12"><span class='ocrx_word' id='word_1_228' title='bbox 740 1508 824 1566; x_wconf 86' lang='lat' dir='ltr'>schen</span> <span class='ocrx_word' id='word_1_229' title='bbox 842 1507 956 1566; x_wconf 81' lang='lat' dir='ltr'>thtern</span> <span class='ocrx_word' id='word_1_230' title='bbox 973 1510 1110 1578; x_wconf 83' lang='lat' dir='ltr'>rerl&#39;allen‚</span> <span class='ocrx_word' id='word_1_231' title='bbox 1137 1508 1185 1565; x_wconf 86' lang='lat' dir='ltr'>bin</span> 
     </span>
    </p>
   </div>
   <div class='ocr_carea' id='block_1_8' title="bbox 672 1595 1307 1740">
    <p class='ocr_par' dir='ltr' id='par_1_9' title="bbox 672 1595 1307 1740">
     <span class='ocr_line' id='line_1_46' title="bbox 672 1595 1185 1655; baseline -0.002 -3"><span class='ocrx_word' id='word_1_232' title='bbox 672 1626 676 1645; x_wconf 72' lang='grc' dir='ltr'>ι</span> <span class='ocrx_word' id='word_1_233' title='bbox 742 1615 777 1652; x_wconf 84' lang='lat' dir='ltr'>au</span> <span class='ocrx_word' id='word_1_234' title='bbox 800 1595 858 1652; x_wconf 85' lang='lat' dir='ltr'>sich</span> <span class='ocrx_word' id='word_1_235' title='bbox 880 1595 955 1652; x_wconf 81' lang='lat' dir='ltr'>riebe</span> <span class='ocrx_word' id='word_1_236' title='bbox 977 1598 1032 1653; x_wconf 88' lang='lat' dir='ltr'>und</span> <span class='ocrx_word' id='word_1_237' title='bbox 1054 1599 1112 1655; x_wconf 77' lang='lat' dir='ltr'>rute</span> <span class='ocrx_word' id='word_1_238' title='bbox 1129 1596 1185 1652; x_wconf 91' lang='lat' dir='ltr'>De·</span> 
     </span>
     <span class='ocr_line' id='line_1_47' title="bbox 742 1681 1307 1740; baseline 0.005 -2"><span class='ocrx_word' id='word_1_239' title='bbox 742 1683 801 1740; x_wconf 81' lang='lat' dir='ltr'>cius</span> <span class='ocrx_word' id='word_1_240' title='bbox 819 1681 867 1739; x_wconf 83' lang='lat' dir='ltr'>das</span> <span class='ocrx_word' id='word_1_241' title='bbox 885 1685 935 1740; x_wconf 89' lang='lat' dir='ltr'>mit</span> <span class='ocrx_word' id='word_1_242' title='bbox 956 1683 1011 1740; x_wconf 89' lang='lat' dir='ltr'>ihm</span> <span class='ocrx_word' id='word_1_243' title='bbox 1030 1684 1091 1740; x_wconf 88' lang='lat' dir='ltr'>dem</span> <span class='ocrx_word' id='word_1_244' title='bbox 1108 1683 1185 1740; x_wconf 87' lang='lat' dir='ltr'>Tode</span> <span class='ocrx_word' id='word_1_245' title='bbox 1299 1710 1307 1720; x_wconf 93' lang='lat'><strong>·</strong></span> 
     </span>
    </p>
   </div>
   <div class='ocr_carea' id='block_1_9' title="bbox 739 1768 1283 2632">
    <p class='ocr_par' dir='ltr' id='par_1_10' title="bbox 739 1768 1283 2632">
     <span class='ocr_line' id='line_1_48' title="bbox 740 1768 1283 1850; baseline 0 -24"><span class='ocrx_word' id='word_1_246' title='bbox 740 1770 873 1846; x_wconf 79' lang='lat' dir='ltr'>geweibte</span> <span class='ocrx_word' id='word_1_247' title='bbox 893 1769 978 1850; x_wconf 74' lang='lat' dir='ltr'>lieet,</span> <span class='ocrx_word' id='word_1_248' title='bbox 1004 1771 1060 1827; x_wconf 91' lang='lat' dir='ltr'>und</span> <span class='ocrx_word' id='word_1_249' title='bbox 1083 1768 1185 1828; x_wconf 73' lang='lat' dir='ltr'>iiberall</span> <span class='ocrx_word' id='word_1_250' title='bbox 1217 1829 1219 1836; x_wconf 26' lang='lat'><strong>¹</strong></span> <span class='ocrx_word' id='word_1_251' title='bbox 1280 1835 1283 1846; x_wconf 36' lang='grc' dir='ltr'>Ι</span> 
     </span>
     <span class='ocr_line' id='line_1_49' title="bbox 739 1855 1185 1915; baseline 0.002 -1"><span class='ocrx_word' id='word_1_252' title='bbox 739 1877 786 1914; x_wconf 84' lang='lat' dir='ltr'>wo</span> <span class='ocrx_word' id='word_1_253' title='bbox 811 1855 860 1914; x_wconf 90' lang='lat' dir='ltr'>der</span> <span class='ocrx_word' id='word_1_254' title='bbox 876 1856 898 1912; x_wconf 82' lang='lat' dir='ltr'>F</span> <span class='ocrx_word' id='word_1_255' title='bbox 900 1858 962 1913; x_wconf 87' lang='lat' dir='ltr'>eind</span> <span class='ocrx_word' id='word_1_256' title='bbox 980 1867 1053 1914; x_wconf 74' lang='lat' dir='ltr'>wtre</span> <span class='ocrx_word' id='word_1_257' title='bbox 1076 1858 1111 1914; x_wconf 89' lang='lat' dir='ltr'>da</span> <span class='ocrx_word' id='word_1_258' title='bbox 1130 1879 1185 1915; x_wconf 90' lang='lat' dir='ltr'>um·</span> 
     </span>
     <span class='ocr_line' id='line_1_50' title="bbox 742 1944 1186 2018; baseline 0.007 -19"><span class='ocrx_word' id='word_1_259' title='bbox 742 1944 828 2018; x_wconf 73' lang='lat' dir='ltr'>gdben</span> <span class='ocrx_word' id='word_1_260' title='bbox 847 1945 894 2000; x_wconf 88' lang='lat' dir='ltr'>ibn</span> <span class='ocrx_word' id='word_1_261' title='bbox 907 1945 950 2001; x_wconf 92' lang='lat' dir='ltr'>die</span> <span class='ocrx_word' id='word_1_262' title='bbox 962 1944 984 2002; x_wconf 87' lang='lat' dir='ltr'>F</span> <span class='ocrx_word' id='word_1_263' title='bbox 987 1947 1061 2002; x_wconf 88' lang='lat' dir='ltr'>urien</span> <span class='ocrx_word' id='word_1_264' title='bbox 1073 1944 1129 2001; x_wconf 91' lang='lat' dir='ltr'>und</span> <span class='ocrx_word' id='word_1_265' title='bbox 1142 1947 1186 2002; x_wconf 89' lang='lat' dir='ltr'>die</span> 
     </span>
     <span class='ocr_line' id='line_1_51' title="bbox 740 2029 1186 2093; baseline 0.013 -6"><span class='ocrx_word' id='word_1_266' title='bbox 740 2029 947 2090; x_wconf 83' lang='lat' dir='ltr'>Schreolrbilder</span> <span class='ocrx_word' id='word_1_267' title='bbox 977 2031 1025 2088; x_wconf 89' lang='lat' dir='ltr'>der</span> <span class='ocrx_word' id='word_1_268' title='bbox 1053 2031 1186 2093; x_wconf 82' lang='lat' dir='ltr'>Furcbt“.</span> 
     </span>
     <span class='ocr_line' id='line_1_52' title="bbox 740 2107 1263 2178; baseline 0.015 -8"><span class='ocrx_word' id='word_1_269' title='bbox 740 2148 777 2170; x_wconf 60' lang='grc' dir='ltr'>-ι-</span> <span class='ocrx_word' id='word_1_270' title='bbox 794 2116 836 2176; x_wconf 82' lang='lat' dir='ltr'>ll:</span> <span class='ocrx_word' id='word_1_271' title='bbox 854 2107 959 2176; x_wconf 81' lang='lat' dir='ltr'>telluris</span> <span class='ocrx_word' id='word_1_272' title='bbox 977 2121 1070 2178; x_wconf 74' lang='lat' dir='ltr'>mattis</span> <span class='ocrx_word' id='word_1_273' title='bbox 1088 2139 1120 2176; x_wconf 86' lang='lat' dir='ltr'>ae</span> <span class='ocrx_word' id='word_1_274' title='bbox 1138 2119 1186 2176; x_wconf 76' lang='lat' dir='ltr'>do·</span> <span class='ocrx_word' id='word_1_275' title='bbox 1260 2167 1263 2178; x_wconf 93' lang='lat'>.</span> 
     </span>
     <span class='ocr_line' id='line_1_53' title="bbox 741 2206 1186 2278; baseline 0.009 -16"><span class='ocrx_word' id='word_1_276' title='bbox 741 2211 773 2264; x_wconf 83' lang='grc' dir='ltr'>ιῖι</span> <span class='ocrx_word' id='word_1_277' title='bbox 789 2209 794 2278; x_wconf 94' lang='grc' dir='ltr'>Ι</span> <span class='ocrx_word' id='word_1_278' title='bbox 809 2207 918 2264; x_wconf 76' lang='lat' dir='ltr'>mannis</span> <span class='ocrx_word' id='word_1_279' title='bbox 939 2211 980 2266; x_wconf 71' lang='grc' dir='ltr'>δῦ.</span> <span class='ocrx_word' id='word_1_280' title='bbox 1007 2237 1047 2256; x_wconf 87' lang='grc'>-.</span> <span class='ocrx_word' id='word_1_281' title='bbox 1068 2206 1148 2267; x_wconf 83' lang='lat' dir='ltr'>Voss‘.</span> <span class='ocrx_word' id='word_1_282' title='bbox 1168 2225 1186 2265; x_wconf 89' lang='grc' dir='ltr'>ι.</span> 
     </span>
     <span class='ocr_line' id='line_1_54' title="bbox 741 2293 1246 2369; baseline 0 -19"><span class='ocrx_word' id='word_1_283' title='bbox 741 2293 790 2354; x_wconf 80' lang='lat' dir='ltr'>cl:</span> <span class='ocrx_word' id='word_1_284' title='bbox 817 2313 912 2369; x_wconf 84' lang='lat' dir='ltr'>rapere</span> <span class='ocrx_word' id='word_1_285' title='bbox 936 2295 970 2351; x_wconf 82' lang='lat' dir='ltr'>ad</span> <span class='ocrx_word' id='word_1_286' title='bbox 988 2315 1032 2364; x_wconf 85' lang='lat' dir='ltr'>se,</span> <span class='ocrx_word' id='word_1_287' title='bbox 1055 2293 1187 2352; x_wconf 85' lang='lat' dir='ltr'>aduocare</span> <span class='ocrx_word' id='word_1_288' title='bbox 1243 2319 1246 2336; x_wconf 61' lang='grc' dir='ltr'>ι</span> 
     </span>
     <span class='ocr_line' id='line_1_55' title="bbox 742 2373 1240 2442; baseline 0 -6"><span class='ocrx_word' id='word_1_289' title='bbox 742 2379 856 2440; x_wconf 85' lang='lat' dir='ltr'>decium.</span> <span class='ocrx_word' id='word_1_290' title='bbox 874 2412 909 2424; x_wconf 93' lang='lat'><em>-</em></span> <span class='ocrx_word' id='word_1_291' title='bbox 936 2379 1012 2440; x_wconf 75' lang='lat' dir='ltr'>sm.</span> <span class='ocrx_word' id='word_1_292' title='bbox 1032 2384 1069 2442; x_wconf 75' lang='lat'>1.=</span> <span class='ocrx_word' id='word_1_293' title='bbox 1087 2379 1120 2440; x_wconf 85' lang='lat' dir='ltr'>ab</span> <span class='ocrx_word' id='word_1_294' title='bbox 1139 2381 1187 2436; x_wconf 86' lang='lat' dir='ltr'>bo·</span> <span class='ocrx_word' id='word_1_295' title='bbox 1238 2373 1240 2388; x_wconf 90' lang='lat'>&#39;</span> 
     </span>
     <span class='ocr_line' id='line_1_56' title="bbox 741 2467 1186 2532; baseline 0 -8"><span class='ocrx_word' id='word_1_296' title='bbox 741 2477 807 2526; x_wconf 85' lang='lat' dir='ltr'>stes.</span> <span class='ocrx_word' id='word_1_297' title='bbox 816 2487 852 2527; x_wconf 85' lang='lat' dir='ltr'>m.</span> <span class='ocrx_word' id='word_1_298' title='bbox 864 2470 901 2532; x_wconf 54' lang='grc' dir='ltr'>Ἅι</span> <span class='ocrx_word' id='word_1_299' title='bbox 912 2467 947 2524; x_wconf 87' lang='lat' dir='ltr'>ad</span> <span class='ocrx_word' id='word_1_300' title='bbox 958 2469 1057 2530; x_wconf 79' lang='lat' dir='ltr'>hostes.</span> <span class='ocrx_word' id='word_1_301' title='bbox 1067 2467 1135 2530; x_wconf 85' lang='lat' dir='ltr'>Lor.</span> <span class='ocrx_word' id='word_1_302' title='bbox 1145 2473 1186 2529; x_wconf 64' lang='lat' dir='ltr'>l:</span> 
     </span>
     <span class='ocr_line' id='line_1_57' title="bbox 742 2553 1011 2632; baseline 0.022 -22"><span class='ocrx_word' id='word_1_303' title='bbox 742 2553 815 2632; x_wconf 88' lang='lat' dir='ltr'>apud</span> <span class='ocrx_word' id='word_1_304' title='bbox 832 2554 925 2614; x_wconf 86' lang='lat' dir='ltr'>hostes</span> <span class='ocrx_word' id='word_1_305' title='bbox 943 2575 1011 2616; x_wconf 85' lang='lat' dir='ltr'>esse.</span> 
     </span>
    </p>
   </div>
   <div class='ocr_carea' id='block_1_10' title="bbox 690 2642 1188 2722">
    <p class='ocr_par' dir='ltr' id='par_1_11' title="bbox 690 2642 1188 2722">
     <span class='ocr_line' id='line_1_58' title="bbox 690 2642 1188 2722; baseline 0.004 -24"><span class='ocrx_word' id='word_1_306' title='bbox 690 2643 717 2701; x_wconf 80' lang='lat'>⁶.</span> <span class='ocrx_word' id='word_1_307' title='bbox 746 2642 795 2700; x_wconf 80' lang='lat' dir='ltr'>bic</span> <span class='ocrx_word' id='word_1_308' title='bbox 807 2645 1028 2700; x_wconf 59' lang='lat' dir='ltr'>remanentibus</span> <span class='ocrx_word' id='word_1_309' title='bbox 1038 2663 1188 2722; x_wconf 79' lang='lat' dir='ltr'>pugnam.-</span> 
     </span>
    </p>
   </div>
   <div class='ocr_carea' id='block_1_11' title="bbox 742 2726 1191 3766">
    <p class='ocr_par' dir='ltr' id='par_1_12' title="bbox 742 2726 1190 3766">
     <span class='ocr_line' id='line_1_59' title="bbox 742 2726 1188 2804; baseline 0 -18"><span class='ocrx_word' id='word_1_310' title='bbox 742 2726 779 2786; x_wconf 88' lang='grc' dir='ltr'>Μ.</span> <span class='ocrx_word' id='word_1_311' title='bbox 805 2728 912 2784; x_wconf 88' lang='lat' dir='ltr'>Deinde</span> <span class='ocrx_word' id='word_1_312' title='bbox 939 2731 1070 2804; x_wconf 87' lang='lat' dir='ltr'>scriptum</span> <span class='ocrx_word' id='word_1_313' title='bbox 1096 2739 1138 2786; x_wconf 86' lang='lat' dir='ltr'>eet</span> <span class='ocrx_word' id='word_1_314' title='bbox 1159 2731 1188 2786; x_wconf 92' lang='lat' dir='ltr'>in</span> 
     </span>
     <span class='ocr_line' id='line_1_60' title="bbox 742 2813 1189 2892; baseline 0.011 -22"><span class='ocrx_word' id='word_1_315' title='bbox 742 2813 783 2870; x_wconf 87' lang='lat' dir='ltr'>Ill:</span> <span class='ocrx_word' id='word_1_316' title='bbox 801 2816 847 2881; x_wconf 67' lang='lat'>„50</span> <span class='ocrx_word' id='word_1_317' title='bbox 865 2813 999 2872; x_wconf 85' lang='lat' dir='ltr'>cornelius</span> <span class='ocrx_word' id='word_1_318' title='bbox 1017 2817 1104 2892; x_wconf 85' lang='lat' dir='ltr'>scipio</span> <span class='ocrx_word' id='word_1_319' title='bbox 1122 2826 1150 2871; x_wconf 91' lang='lat' dir='ltr'>et</span> <span class='ocrx_word' id='word_1_320' title='bbox 1164 2837 1189 2875; x_wconf 90' lang='lat' dir='ltr'>c.</span> 
     </span>
     <span class='ocr_line' id='line_1_61' title="bbox 744 2900 1189 2960; baseline 0.007 -3"><span class='ocrx_word' id='word_1_321' title='bbox 744 2902 898 2957; x_wconf 82' lang='lat' dir='ltr'>mercius“:</span> <span class='ocrx_word' id='word_1_322' title='bbox 918 2903 993 2958; x_wconf 88' lang='lat' dir='ltr'>cuins</span> <span class='ocrx_word' id='word_1_323' title='bbox 1012 2900 1101 2958; x_wconf 79' lang='lat' dir='ltr'>iloco</span> <span class='ocrx_word' id='word_1_324' title='bbox 1120 2912 1147 2958; x_wconf 88' lang='lat' dir='ltr'>et</span> <span class='ocrx_word' id='word_1_325' title='bbox 1160 2906 1189 2960; x_wconf 89' lang='lat' dir='ltr'>in</span> 
     </span>
     <span class='ocr_line' id='line_1_62' title="bbox 746 2978 1189 3064; baseline 0.014 -20"><span class='ocrx_word' id='word_1_326' title='bbox 746 2987 806 3050; x_wconf 87' lang='lat' dir='ltr'>eod.</span> <span class='ocrx_word' id='word_1_327' title='bbox 820 2987 876 3064; x_wconf 80' lang='lat' dir='ltr'>sig.</span> <span class='ocrx_word' id='word_1_328' title='bbox 895 2998 921 3045; x_wconf 87' lang='lat' dir='ltr'>ct</span> <span class='ocrx_word' id='word_1_329' title='bbox 934 2991 963 3046; x_wconf 91' lang='lat' dir='ltr'>in</span> <span class='ocrx_word' id='word_1_330' title='bbox 975 2978 1040 3048; x_wconf 78' lang='lat' dir='ltr'>P&#39;all.</span> <span class='ocrx_word' id='word_1_331' title='bbox 1053 2989 1189 3050; x_wconf 82' lang='lat' dir='ltr'>Drakenb.</span> 
     </span>
     <span class='ocr_line' id='line_1_63' title="bbox 745 3075 1189 3155; baseline 0.009 -23"><span class='ocrx_word' id='word_1_332' title='bbox 745 3075 823 3134; x_wconf 82' lang='lat' dir='ltr'>libris</span> <span class='ocrx_word' id='word_1_333' title='bbox 841 3085 915 3134; x_wconf 87' lang='lat' dir='ltr'>reete</span> <span class='ocrx_word' id='word_1_334' title='bbox 932 3081 1062 3155; x_wconf 85' lang='lat' dir='ltr'>seriptum</span> <span class='ocrx_word' id='word_1_335' title='bbox 1081 3087 1122 3134; x_wconf 83' lang='lat' dir='ltr'>est</span> <span class='ocrx_word' id='word_1_336' title='bbox 1139 3077 1189 3146; x_wconf 71' lang='lat' dir='ltr'>„In</span> 
     </span>
     <span class='ocr_line' id='line_1_64' title="bbox 746 3163 1189 3242; baseline 0 -20"><span class='ocrx_word' id='word_1_337' title='bbox 746 3163 890 3223; x_wconf 84' lang='lat' dir='ltr'>Cornelius</span> <span class='ocrx_word' id='word_1_338' title='bbox 909 3163 1001 3242; x_wconf 88' lang='lat' dir='ltr'>Scipio</span> <span class='ocrx_word' id='word_1_339' title='bbox 1010 3172 1036 3224; x_wconf 87' lang='lat'>“.</span> <span class='ocrx_word' id='word_1_340' title='bbox 1054 3195 1089 3208; x_wconf 89' lang='lat'><em>—</em></span> <span class='ocrx_word' id='word_1_341' title='bbox 1111 3165 1149 3222; x_wconf 80' lang='grc' dir='ltr'>Ρι</span> <span class='ocrx_word' id='word_1_342' title='bbox 1165 3169 1189 3222; x_wconf 82' lang='lat' dir='ltr'>ir</span> 
     </span>
     <span class='ocr_line' id='line_1_65' title="bbox 747 3253 1188 3332; baseline 0.007 -25"><span class='ocrx_word' id='word_1_343' title='bbox 747 3255 798 3322; x_wconf 83' lang='lat' dir='ltr'>(m.</span> <span class='ocrx_word' id='word_1_344' title='bbox 817 3254 857 3311; x_wconf 60' lang='lat'>2:</span> <span class='ocrx_word' id='word_1_345' title='bbox 875 3253 926 3321; x_wconf 87' lang='lat' dir='ltr'>iis)</span> <span class='ocrx_word' id='word_1_346' title='bbox 943 3255 1122 3311; x_wconf 87' lang='lat' dir='ltr'>restituentib.</span> <span class='ocrx_word' id='word_1_347' title='bbox 1139 3274 1188 3332; x_wconf 89' lang='lat' dir='ltr'>pu·</span> 
     </span>
     <span class='ocr_line' id='line_1_66' title="bbox 746 3338 1189 3419; baseline 0.009 -25"><span class='ocrx_word' id='word_1_348' title='bbox 746 3357 824 3412; x_wconf 81' lang='lat' dir='ltr'>gnam</span> <span class='ocrx_word' id='word_1_349' title='bbox 848 3338 981 3396; x_wconf 85' lang='lat' dir='ltr'>cornelius</span> <span class='ocrx_word' id='word_1_350' title='bbox 1006 3343 1092 3419; x_wconf 88' lang='lat' dir='ltr'>scipio</span> <span class='ocrx_word' id='word_1_351' title='bbox 1115 3350 1144 3396; x_wconf 82' lang='lat' dir='ltr'>et</span> <span class='ocrx_word' id='word_1_352' title='bbox 1166 3362 1189 3400; x_wconf 90' lang='lat' dir='ltr'>c.</span> 
     </span>
     <span class='ocr_line' id='line_1_67' title="bbox 746 3425 1189 3488; baseline 0.005 -6.144"><span class='ocrx_word' id='word_1_353' title='bbox 746 3427 916 3484; x_wconf 78' lang='lat' dir='ltr'>marcius-</span> <span class='ocrx_word' id='word_1_354' title='bbox 885 3425 1048 3486; x_wconf 90' lang='lat' dir='ltr'>-lnLeid</span> <span class='ocrx_word' id='word_1_355' title='bbox 1059 3448 1077 3486; x_wconf 88' lang='lat'>1.</span> <span class='ocrx_word' id='word_1_356' title='bbox 1087 3426 1189 3488; x_wconf 59' lang='lat' dir='ltr'>120le</span> 
     </span>
     <span class='ocr_line' id='line_1_68' title="bbox 746 3513 1191 3574; baseline 0.009 -6"><span class='ocrx_word' id='word_1_357' title='bbox 746 3513 780 3572; x_wconf 80' lang='lat' dir='ltr'>al.</span> <span class='ocrx_word' id='word_1_358' title='bbox 799 3515 1003 3574; x_wconf 52' lang='lat' dir='ltr'>exciditCa-</span> <span class='ocrx_word' id='word_1_359' title='bbox 1027 3514 1116 3572; x_wconf 62' lang='lat' dir='ltr'>Plus·</span> <span class='ocrx_word' id='word_1_360' title='bbox 1107 3535 1191 3574; x_wconf 85' lang='lat' dir='ltr'>mesu</span> 
     </span>
     <span class='ocr_line' id='line_1_69' title="bbox 747 3599 1190 3676; baseline 0.016 -20"><span class='ocrx_word' id='word_1_361' title='bbox 747 3607 775 3676; x_wconf 78' lang='lat' dir='ltr'>q.</span> <span class='ocrx_word' id='word_1_362' title='bbox 798 3599 853 3658; x_wconf 81' lang='lat' dir='ltr'>irbi</span> <span class='ocrx_word' id='word_1_363' title='bbox 872 3620 927 3661; x_wconf 87' lang='lat' dir='ltr'>cos.</span> <span class='ocrx_word' id='word_1_364' title='bbox 946 3601 1024 3663; x_wconf 70' lang='lat' dir='ltr'>Vasa</span> <span class='ocrx_word' id='word_1_365' title='bbox 1037 3623 1064 3662; x_wconf 87' lang='lat' dir='ltr'>rr.</span> <span class='ocrx_word' id='word_1_366' title='bbox 1082 3603 1149 3660; x_wconf 84' lang='lat' dir='ltr'>Lov.</span> <span class='ocrx_word' id='word_1_367' title='bbox 1164 3607 1190 3664; x_wconf 81' lang='lat' dir='ltr'>l.</span> 
     </span>
     <span class='ocr_line' id='line_1_70' title="bbox 748 3686 1170 3766; baseline 0.017 -24"><span class='ocrx_word' id='word_1_368' title='bbox 748 3686 794 3745; x_wconf 81' lang='lat' dir='ltr'>el:</span> <span class='ocrx_word' id='word_1_369' title='bbox 812 3689 940 3766; x_wconf 82' lang='lat' dir='ltr'>iussuque</span> <span class='ocrx_word' id='word_1_370' title='bbox 958 3691 1023 3746; x_wconf 85' lang='lat' dir='ltr'>labii</span> <span class='ocrx_word' id='word_1_371' title='bbox 1041 3690 1170 3749; x_wconf 88' lang='lat' dir='ltr'>consulis.</span> 
     </span>
    </p>
   </div>
   <div class='ocr_carea' id='block_1_12' title="bbox 693 3775 1192 3836">
    <p class='ocr_par' dir='ltr' id='par_1_13' title="bbox 693 3775 1192 3836">
     <span class='ocr_line' id='line_1_71' title="bbox 693 3775 1192 3836; baseline 0.008 -4"><span class='ocrx_word' id='word_1_372' title='bbox 693 3777 721 3834; x_wconf 77' lang='grc'>8.</span> <span class='ocrx_word' id='word_1_373' title='bbox 748 3775 789 3830; x_wconf 78' lang='lat' dir='ltr'>ibi</span> <span class='ocrx_word' id='word_1_374' title='bbox 810 3776 933 3834; x_wconf 74' lang='lat' dir='ltr'>andam·</span> <span class='ocrx_word' id='word_1_375' title='bbox 949 3777 984 3836; x_wconf 89' lang='lat' dir='ltr'>P.</span> <span class='ocrx_word' id='word_1_376' title='bbox 1003 3780 1091 3836; x_wconf 81' lang='lat' dir='ltr'>Decii</span> <span class='ocrx_word' id='word_1_377' title='bbox 1106 3798 1192 3836; x_wconf 82' lang='lat' dir='ltr'>euen-</span> 
     </span>
    </p>
   </div>
   <div class='ocr_carea' id='block_1_13' title="bbox 746 3863 1298 4194">
    <p class='ocr_par' dir='ltr' id='par_1_14' title="bbox 746 3863 1298 4194">
     <span class='ocr_line' id='line_1_72' title="bbox 746 3863 1194 3942; baseline 0.011 -25"><span class='ocrx_word' id='word_1_378' title='bbox 746 3871 796 3918; x_wconf 81' lang='lat' dir='ltr'>tus</span> <span class='ocrx_word' id='word_1_379' title='bbox 826 3863 932 3942; x_wconf 81' lang='lat' dir='ltr'>ingena</span> <span class='ocrx_word' id='word_1_380' title='bbox 961 3864 1116 3922; x_wconf 79' lang='lat' dir='ltr'>hortamen</span> <span class='ocrx_word' id='word_1_381' title='bbox 1150 3865 1194 3922; x_wconf 82' lang='lat' dir='ltr'>od</span> 
     </span>
     <span class='ocr_line' id='line_1_73' title="bbox 748 3943 1298 4031; baseline 0.007 -25"><span class='ocrx_word' id='word_1_382' title='bbox 748 3951 848 4006; x_wconf 82' lang='lat' dir='ltr'>omnia</span> <span class='ocrx_word' id='word_1_383' title='bbox 871 3971 928 4024; x_wconf 81' lang='lat' dir='ltr'>pro</span> <span class='ocrx_word' id='word_1_384' title='bbox 959 3957 1019 4027; x_wconf 71' lang='lat' dir='ltr'>rapi.</span> <span class='ocrx_word' id='word_1_385' title='bbox 1046 3951 1102 4023; x_wconf 78' lang='grc' dir='ltr'>(Μι</span> <span class='ocrx_word' id='word_1_386' title='bbox 1132 3959 1191 4031; x_wconf 74' lang='lat' dir='ltr'>ip.)</span> <span class='ocrx_word' id='word_1_387' title='bbox 1296 3943 1298 3950; x_wconf 40' lang='lat'><strong>¹</strong></span> 
     </span>
     <span class='ocr_line' id='line_1_74' title="bbox 749 4036 1192 4108; baseline 0.009 -16"><span class='ocrx_word' id='word_1_388' title='bbox 749 4037 907 4094; x_wconf 77' lang='lat' dir='ltr'>audendo.-</span> <span class='ocrx_word' id='word_1_389' title='bbox 925 4036 947 4094; x_wconf 90' lang='lat' dir='ltr'>P</span> <span class='ocrx_word' id='word_1_390' title='bbox 960 4058 995 4098; x_wconf 91' lang='grc' dir='ltr'>ιιι.</span> <span class='ocrx_word' id='word_1_391' title='bbox 1009 4042 1033 4098; x_wconf 85' lang='grc'>1.</span> <span class='ocrx_word' id='word_1_392' title='bbox 1046 4039 1088 4096; x_wconf 83' lang='lat' dir='ltr'>ld:</span> <span class='ocrx_word' id='word_1_393' title='bbox 1106 4039 1192 4108; x_wconf 81' lang='lat' dir='ltr'>„don</span> 
     </span>
     <span class='ocr_line' id='line_1_75' title="bbox 747 4121 1192 4194; baseline 0.004 -14"><span class='ocrx_word' id='word_1_394' title='bbox 747 4121 832 4182; x_wconf 79' lang='lat' dir='ltr'>bdren</span> <span class='ocrx_word' id='word_1_395' title='bbox 841 4125 890 4194; x_wconf 87' lang='lat' dir='ltr'>sic,</span> <span class='ocrx_word' id='word_1_396' title='bbox 902 4127 957 4184; x_wconf 83' lang='lat' dir='ltr'>wie</span> <span class='ocrx_word' id='word_1_397' title='bbox 966 4125 996 4186; x_wconf 86' lang='grc' dir='ltr'>Ρ.</span> <span class='ocrx_word' id='word_1_398' title='bbox 1006 4126 1107 4186; x_wconf 81' lang='lat' dir='ltr'>Decius</span> <span class='ocrx_word' id='word_1_399' title='bbox 1115 4127 1192 4184; x_wconf 82' lang='lat' dir='ltr'>Euda</span> 
     </span>
    </p>
   </div>
   <div class='ocr_carea' id='block_1_14' title="bbox 0 0 1404 4720">
    <p class='ocr_par' dir='ltr' id='par_1_15' title="bbox 0 0 1404 4720">
     <span class='ocr_line' id='line_1_76' title="bbox 0 0 1404 4720; baseline 0 0"><span class='ocrx_word' id='word_1_400' title='bbox 0 0 1404 4720; x_wconf 95' lang='lat' dir='ltr'> </span> 
     </span>
    </p>
   </div>
  </div>
 </body>
</html>
