2618 4590
528 249 1163 323 utrumnam
1185 226 1198 243 ”

25 422 182 492 ·viribus
206 423 285 490 freta
308 424 373 490 suis
395 424 478 492 iusto
502 449 580 491 mox
608 425 730 514 proelio
758 424 835 492 inito
858 425 1021 494 Romanos
1043 438 1165 518 urgent,

58 541 96 596 et
119 553 315 620 quamquam
337 552 454 618 anceps
478 529 636 596 dimicatio
659 541 770 612 eraut
771 553 864 596 amen
880 531 1039 620 utrimque
1062 543 1164 598 tutam

10 650 25 688 r
58 633 165 700 aciem
188 633 322 700 dictator
343 633 469 717 habuit,
498 633 571 723 quia
595 644 628 700 et
650 634 757 700 locum
778 633 866 700 baud
894 635 1020 702 facilem
1044 636 1132 700 ad
1105 660 1161 702 crr-

56 738 332 805 cumveniuirdum
355 738 440 827 cepit
461 749 493 804 et
510 736 633 804 diversa
649 739 758 806 statuit
770 739 874 828 signa:
896 740 1039 807 infestior
1054 724 1162 807 tamen

54 843 92 909 in
116 854 318 932 erumpentes
346 841 478 909 incessit*
501 864 562 908 nec
588 866 705 932 magno
734 844 905 911 certamine
934 845 1013 911 intra
1034 845 1190 912 moeniae

10 940 14 981 .·
54 947 219 1037 conpulit,
248 957 316 1012 tum
346 957 448 1013 totam
465 946 571 1012 'aciem
592 948 624 1011 in
646 934 805 1015 Samnites
835 947 985 1015 obvertit:
1019 948 1061 1014 ibi
1088 949 1162 1040 plus

55 1052 239 1119 certaminis
261 1050 327 1132 fuit,
353 1050 485 1118 victoria
507 1050 553 1116 sie
575 1061 612 1116 ut
633 1074 704 1117 sera
726 1053 769 1118 ita
792 1076 853 1119 nec
875 1052 970 1120 dubia
993 1077 1053 1121 nec
1075 1053 1160 1121 varia

53 1157 132 1223 fuit:
168 1156 230 1222 lusi
250 1155 285 1220 in
307 1165 408 1221 castra
431 1154 589 1221 Samnites
613 1155 765 1223 extinctis
793 1168 888 1225 nocte
916 1158 1040 1248 ignibus
1063 1158 1159 1226 tacito

53 1260 182 1350 agmine
205 1261 397 1342 abeunt,et
364 1269 476 1350 etspe
503 1259 626 1328 abiecta
648 1260 807 1328 Saticulae
839 1264 976 1330 tuendae
998 1263 1159 1333 Plisticam

51 1365 116 1455 ipsi
138 1365 243 1431 socios
265 1364 493 1448 Romanorum,
514 1375 551 1432 ut
569 1388 683 1456 parem
705 1365 851 1433 dolorem
873 1366 957 1433 hosti
980 1368 1157 1452 redderent,
1170 1374 1206 1432 10

53 1470 1038 1538 circumsidunt·
1106 1484 1159 1521 ·.-„

144 1574 245 1640 XXII.
289 1571 383 1639 Anno
407 1573 598 1641 circumacto
621 1573 744 1641 bellurn
767 1573 917 1665 deinceps
940 1575 980 1642 ab
1004 1576 1168 1645 dictatore·

50 1680 96 1765 Q.
120 1677 218 1744 Fabio
242 1688 368 1766 gestum
391 1689 455 1760 est,
482 1677 632 1744 consules
653 1679 729 1745 novi
758 1679 804 1746 sic
831 1691 867 1747 ut
893 1680 1073 1769 superiores
1095 1681 1160 1747 Ro'r

124 1833 328 1904 veniundum“‚
358 1834 431 1912 quod
461 1835 490 1890 in
521 1833 569 1891 Plll

124 1924 177 1993 „ad
186 1922 567 1980 circumuenieundum“utrs·

122 2032 175 2087 que
192 2013 325 2088 scriptura
339 2013 479 2066 coniuncta
494 2011 567 2066 iave-

122 2101 219 2158 nimus.
230 2130 264 2140 -
277 2097 387 2160 Pttzget
398 2098 503 2154 diuersa
514 2106 567 2153 sta·

109 2196 111 2201 '
122 2188 175 2241 tuit
186 2188 275 2259 sigua:
294 2228 311 2254 ‚‚
319 2186 374 2243 und
388 2185 450 2243 weil
460 2205 489 2241 er
498 2183 567 2240 nach

114 2273 195 2346 vjeder
217 2273 266 2329 der
288 2274 385 2330 beiden
412 2272 566 2348 angegrill'e·

81 2402 94 2409 -.
120 2381 172 2416 nen
186 2361 279 2416 Seiten
291 2360 338 2416 hin
356 2357 565 2417 einc'Schlacht-

121 2449 194 2504 reihe
212 2447 459 2523 cntgegenstellte“.
477 2478 501 2489 ·-

57 2539 101 2592 b..
121 2539 162 2592 ibi
188 2539 258 2611 plus
289 2536 458 2592 certaminis
481 2533 564 2604 suit:

119 2624 174 2680 Plll.
194 2655 228 2667 -
246 2623 350 2681 Leidr.
368 2622 436 2679 Lov.
453 2623 492 2677 lc:
511 2620 565 2676 sibi

118 2709 178 2786 plns
190 2719 239 2767 cet.
257 2709 323 2766 Lov.
334 2711 374 2766 (λι
385 2708 431 2762 sed
444 2705 503 2780 plus
514 2716 565 2764 cet.

64 2802 91 2859 9.
119 2807 147 2853 ct
183 2817 234 2868 spe
268 2797 382 2850 obiecto
411 2793 565 2850 Saticulae

118 2883 247 2940 tuendae
264 2882 419 2938 Plisticam
442 2881 502 2954 ipsi
517 2900 563 2935 so·

117 2973 179 3026 cios
192 2972 394 3026 Ronrcrecrum
413 2977 445 3024 ut
460 2985 565 3041 parem

118 3059 252 3114 dolorem
288 3058 369 3112 hosti
403 3055 564 3111 redderent

118 3145 347 3214 circumsidunt]
360 3153 387 3199 et
398 3164 446 3221 spe
459 3143 562 3198 abiecta·

116 3231 252 3288 Saticulae
293 3231 406 3286 tuendae
440 3229 560 3285 Plistiam

117 3323 170 3397 ipsi
190 3330 240 3376 cet.
260 3351 292 3360 —
316 3318 355 3374 tt:
379 3327 407 3372 ct
423 3337 472 3394 spe
489 3316 558 3393 abie-

117 3419 158 3464 cta
169 3406 308 3462 satriculae
319 3404 431 3460 tuendae
444 3403 561 3477 plistiam

115 3497 169 3568 ipsi
195 3497 280 3550 sotios
310 3512 481 3547 romanorum
511 3499 561 3546 eet.

115 3582 152 3638 P:
172 3592 222 3651 „et
240 3602 289 3658 spe
306 3581 409 3635 abiecta
421 3577 562 3634 satrioulao

116 3669 214 3724 tuende
240 3670 357 3746 postiam
381 3668 448 3742 ipsis
471 3666 563 3721 socios

67 3776 70 3781 ·
115 3760 311 3812 romanorum“
329 3763 381 3812 cet.
407 3775 442 3811 m.
461 3753 561 3810 deine

114 3846 227 3919 margini
246 3842 411 3919 adscriptum
430 3851 472 3896 ost
490 3838 561 3917 „pli-

114 3935 196 3990 stia“⁸
221 3963 254 3972 -
278 3930 432 3987 Plisticam
458 3938 487 3983 et
509 3928 561 3984 hoc

85 4056 88 4060 -
115 4017 176 4076 loco
195 4027 221 4073 ct
239 4017 318 4094 paulo
336 4027 400 4095 post
417 4022 444 4085 9
458 4018 503 4074 Ὦ.
520 4035 561 4071 re·

117 4105 283 4165 stitncnduu
305 4105 458 4175 videbatur,
488 4081 562 4180 qdod

710 1807 748 1893 ita
772 1836 838 1896 hacc
860 1837 925 1894 urbs
948 1859 1003 1894 non
1028 1836 1109 1895 modo
1127 1840 1157 1894 in
1188 1822 1191 1827 ⁸

710 1923 830 1982 Livianis
849 1925 988 1982 codicibus
1007 1929 1033 1993 9,
1051 1927 1096 1983 22.
1113 1925 1157 1981 bis

709 2014 810 2088 scripta
837 2021 878 2068 cst
904 2012 953 2069 sed
978 2014 1057 2069 etiam
1084 2006 1156 2089 apud

682 2160 684 2173 p
708 2098 862 2157 Diodorum
883 2101 925 2167 19,
944 2102 986 2157 Ν.
1010 2101 1156 2175 reperitur:

709 2186 786 2244 carol
804 2182 835 2244 db
850 2183 1038 2261 rdc'le'airinv
1050 2191 1159 2255 Eunai·

686 2342 687 2347 ¹
710 2296 756 2333 arec
778 2265 1012 2343 &incommodares
1029 2269 1156 2343 Ῥωμαί-

709 2388 751 2426 οις
769 2350 815 2432 ’ἔτη
828 2360 944 2419 πλείονα
956 2358 1015 2435 περὶ
1028 2363 1074 2432 ripe
1089 2359 1153 2435 dpe-

706 2447 811 2519 μονῖας
823 2448 990 2519 Πληστικὴν
998 2472 1054 2517 μεν
1066 2471 1154 2522 φρου-

706 2536 762 2610 ρὰν
780 2526 916 2602 ’ἔκαυσαν
926 2533 1095 2606 ‘'Prnpuieip'v
1113 2531 1149 2601 εξ·

706 2624 920 2698 επολιιόρκησαω.

637 2713 679 2770 lb.
706 2730 785 2767 crine
826 2714 1000 2771 circumacto
1044 2709 1153 2764 bellum

706 2799 846 2870 deinceps
873 2797 985 2864 („ohnc
1007 2794 1151 2849 Uuterbre·

707 2883 795 2957 cbuag
802 2889 834 2950 “)
848 2885 885 2937 ab
895 2883 1039 2938 dictrctore
1051 2880 1084 2954 Q.
1094 2881 1152 2936 lca-

692 2958 755 3027 ¹bio
771 2979 889 3049 gestum
907 2978 967 3027 est:
986 2967 1043 3025 Ptt.
1063 2998 1096 3009 ν·
1115 2966 1150 3022 Pe

704 3062 763 3118 cos'.
782 3060 848 3114 noui
860 3059 930 3113 sicut
942 3057 1095 3134 superiores
1108 3074 1150 3108 ro·

704 3166 764 3202 mae
795 3155 959 3203 manserunt.
989 3142 1028 3198 tt:
1061 3148 1150 3202 coriis⁴

703 3235 769 3289 noui
788 3243 837 3292 cet.
861 3265 894 3274 -
921 3231 1037 3287 Nomina
1054 3230 1154 3286 borum

705 3319 844 3376 consulum
870 3324 898 3375 in
921 3319 1041 3375 Liuianis
1070 3314 1149 3372 codd.

703 3428 758 3462 uon
777 3416 842 3462 suut
860 3407 966 3463 tradita.
1001 3405 1042 3459 Ex
1060 3394 1149 3479 Capit.

703 3493 797 3567 fragm.
824 3504 851 3550 et
878 3515 910 3549 ex
929 3493 1011 3548 Diod.
1036 3493 1087 3559 19,
1105 3491 1148 3547 66.

703 3581 787 3638 Conr.
800 3580 983 3654 Heusingerus
1001 3580 1084 3635 scribi
1101 3599 1147 3635 vo·

703 3667 766 3722 luit:
797 3665 851 3734 „lc
874 3668 998 3744 Papirius
1025 3676 1148 3744 quartum

703 3754 739 3826 Q.
769 3753 901 3810 Publilius
931 3765 1054 3830 quartum
1084 3754 1148 3809 novi

704 3841 854 3898 consules“
874 3851 923 3900 cet.
940 3870 943 3877 ·
959 3843 995 3898 Et
1012 3846 1038 3899 o.
1057 3843 1101 3899 28.
1119 3841 1148 3895 in

703 3927 824 3984 Liuianis
855 3949 934 3986 mser.
968 3927 1064 4002 legitur
1093 3925 1146 3995 „ln

703 4014 813 4091 Papirio
831 4014 950 4073 Cursore
969 4018 1102 4090 quintum
1115 4011 1147 4072 C.

704 4101 780 4161 lunio
798 4103 920 4162 Bubulco
939 4106 1067 4163 iterum“.'
