2618 4590
500 291 608 352 LIBER
624 292 696 356 vm.
1084 287 1150 356 305

51 480 189 550 rumque
212 455 465 528 obliviscendum
487 456 537 536 sit,
553 478 618 523 nos
643 457 748 545 potius
769 471 880 526 nostru
895 460 1011 530 delicto
1033 465 1149 555 plecte*

51 585 125 631 mur
144 587 243 655 quam
265 585 317 628 res
338 560 467 650 publica
482 569 571 626 tanto
591 582 652 626 suo
666 560 784 628 damno
799 574 907 631 nostra
923 578 1053 654 peccata
1066 569 1147 636 luat:

50 670 139 763 triste
162 665 348 757 exemplum
368 664 425 731 sed
447 664 667 754 inposterum
689 665 815 734 salubre
844 667 999 736 iuventuti
1020 671 1147 740 erimus.

49 799 103 841 me
126 773 257 863 quidem
278 790 353 838 cum
373 768 511 859 ingenita
525 769 639 837 caritas
653 769 789 838 liberum
803 782 873 838 tum
887 772 1050 863 specimen
1065 775 1149 843 istud

50 878 174 946 virmtis
197 875 367 966 deceptum
388 896 470 941 vana
498 871 635 963 imagine
663 875 786 943 decoris
814 875 906 944 inte
933 891 1057 946 movet:
1091 879 1183 946 seda

53 1006 128 1048 cum
150 992 205 1048 aut
225 992 328 1048 morte
349 989 405 1045 tua
427 977 596 1045 sancienda
617 978 681 1046 sint
702 980 871 1047 consulum
884 981 1016 1072 imperia
1037 996 1093 1052 aut
1106 985 1150 1050 in»

50 1085 193 1175 punitate
215 1085 460 1176 inperpetuum
482 1082 678 1173 abroganda,
705 1104 766 1150 nec
790 1095 823 1151 te
852 1086 996 1175 quidem,
1024 1089 1051 1157 si
1073 1088 1151 1179 quid

49 1191 82 1255 in
104 1200 137 1256 te
159 1188 260 1255 nostri
286 1186 446 1278 sanguinis
475 1197 537 1270 est,
565 1211 714 1255 recusare
739 1211 889 1255 censeam
916 1191 994 1281 quin
1015 1191 1150 1282 discipli

49 1317 125 1360 nam
147 1293 314 1359 militarem
337 1291 431 1382 culpa
453 1302 508 1358 tua
524 1291 707 1382 prolapsam
721 1316 826 1383 poena
848 1294 1004 1363 restituas.
1031 1295 1149 1363 ilictor

51 1399 152 1489 deliga
174 1398 215 1464 ad
235 1397 381 1488 palum“.
402 1394 593 1493 'exanimati
615 1420 727 1464 onmes
740 1409 808 1465 tam
823 1400 922 1467 atroci
935 1399 1068 1490 imperio
1088 1424 1149 1468 nec
1161 1413 1196 1469 10
1299 1381 1303 1395 ¹

53 1504 142 1572 aliter
168 1526 266 1594 quam
294 1501 390 1568 inse
419 1498 556 1591 quisque
589 1502 771 1575 destrictam
805 1515 969 1571 cernentes
1003 1528 1149 1574 securem

121 1734 152 1781 ut
177 1719 250 1780 haud
275 1736 332 1799 rep.
357 1720 433 1780 mihi.
463 1735 499 1780 m.
524 1724 564 1782 3.2

120 1817 178 1889 rip.
196 1843 231 1853 -
252 1807 360 1866 Deinde
376 1810 507 1886 scriptum
523 1819 566 1867 ast

120 1900 150 1956 in
172 1896 221 1954 ΡΜ
245 1896 278 1956 al.
306 1906 358 1953 aut
380 1896 440 1953 mei
464 1902 565 1955 maort]

36 2003 42 2011 ’
121 1978 356 2043 obliuiscendum
368 1987 416 2051 ait,
429 1987 495 2040 etin
507 1994 565 2040 und

120 2070 195 2130 Harl.
209 2091 226 2129 1.
244 2080 312 2138 „aut
333 2072 387 2127 mei
407 2084 566 2128 meorumue

121 2156 335 2215 obliuiscendum
364 2159 436 2226 sit“‚
470 2158 566 2216 eudem

120 2249 174 2303 nisi
192 2243 270 2301 failor
287 2244 385 2302 mendo
404 2240 503 2324 quui,
520 2249 565 2306 33.

121 2337 150 2390 in
170 2331 198 2389 Μ
226 2346 389 2408 quaeramur
416 2346 466 2413 pru
495 2354 565 2412 qua
614 2326 619 2335 ¹

104 2428 245 2498 'cumque
263 2424 394 2500 scriptum
414 2438 474 2478 esse
492 2420 564 2478 vide

120 2528 242 2568 anus.-
209 2499 336 2567 -Pm
356 2508 395 2568 1.:
389 2511 512 2587 ·potios.
530 2538 565 2551 -

120 2596 155 2652 P.
190 2610 270 2671 quam
301 2593 372 2675 resp.
416 2595 454 2652 Μ
486 2606 567 2674 quam

119 2684 201 2759 resip

69 2771 95 2827 d.
123 2781 185 2825 tum
203 2769 350 2842 specimen
375 2766 460 2824 islu‘d
476 2770 566 2825 uirtu-

123 2858 179 2913 tiae
173 2853 280 2912 ·P.-
297 2850 325 2908 Μ
343 2871 378 2910 m.
398 2856 435 2911 1..
428 2848 568 2912 ·liberum

121 2954 134 2999 t
163 2961 211 3021 spe
227 2942 232 3012 Ι
243 2941 317 3009 ciem
348 2934 423 2996 istud
451 2934 568 2998 uirtutis

123 3046 159 3089 m.
178 3032 217 3087 L:
235 3022 350 3084 liberum
369 3036 397 3084 te
414 3027 505 3104 specie
521 3028 569 3084 ini

122 3118 237 3175 uirtutis.
247 3129 282 3175 m.
292 3115 329 3174 3.:
341 3116 400 3174 ista.
408 3146 442 3156 -
452 3110 531 3174 Voss.
541 3132 569 3173 ιιι

123 3206 254 3281 multique
268 3218 336 3262 rece.
350 3202 442 3262 ceddi
457 3204 516 3277 dum
528 3203 568 3258 in·

123 3295 212 3370 'genita
249 3292 353 3349 caritas.
390 3321 424 3331 —
453 3288 569 3360 '‚;Zwar

123 3378 229 3459 spri'cht
237 3379 264 3433 in
274 3379 326 3433 mir¹
335 3375 414 3432 theiis
421 3375 469 3432 das
478 3383 567 3433 natdn

123 3462 195 3526 liche
216 3462 314 3520 Gefuhl
341 3463 390 3519 der
406 3461 569 3528 Vatcrlicbe,

124 3553 205 3611 theils
225 3551 299 3607 dicae
310 3549 398 3605 Probe
416 3549 509 3605 deiner
520 3547 569 3605 Τιε

124 3639 240 3721 pferlreit
261 3636 304 3693 fiir
328 3635 391 3692 dich
416 3635 467 3692 deu
485 3634 571 3692 durch

74 3724 77 3731 '
123 3721 174 3784 das
200 3725 264 3782 eitla
290 3723 352 3781 Bild
380 3722 427 3779 des
452 3716 571 3779 Ruhmes

123 3812 178 3872 irre
198 3813 339 3888 geleiteteu
356 3806 512 3884 Junglingr.

72 3905 99 3962 ⁶.
127 3901 306 3958 sancienda:
326 3897 382 3958 ΡΜ.
402 3902 435 3938 -’
458 3895 533 3955 Harl.
551 3915 569 3956 r.

125 3987 204 4045 Voss.
218 4003 246 4045 11.
265 3985 312 4045 al.:
331 3983 478 4044 sentienda.
498 3981 570 4041 -Μ

79 4089 108 4140 Τ.
122 4091 174 4139 Livi
188 4105 238 4150 para
251 4090 283 4136 n.

707 1738 743 1784 m.
768 1723 805 1783 1.:
835 1721 863 1783 in
883 1730 976 1802 ppelu.
1005 1739 1042 1780 m.
1059 1727 1098 1785 2:
1120 1727 1149 1781 iu

704 1817 816 1891 ppetuu.

653 1894 679 1956 ⁸7.
707 1920 760 1958 ricc
771 1909 800 1956 te
813 1899 947 1976 quidem:
965 1896 1015 1954 ΡΜ
1029 1895 1080 1953 rell
1093 1899 1104 1969 ]
1116 1916 1151 1953 na

707 1993 734 2041 te
744 1985 861 2062 quidem.
871 2017 905 2028 ·-
915 1981 1013 2054 „Auch
1027 1985 1064 2042 du
1076 1985 1151 2042 nicht

707 2062 836 2129 ciumal“.
866 2073 1151 2140 cf.1‚10.:nee-

708 2157 851 2237 quidem„
858 2152 927 2215 dach
945 2153 1020 2215 nicht
1033 2156 1150 2215 einmal“

708 2244 742 2306 al.
752 2239 889 2305 CicMLael
899 2248 955 2305 20..
962 2240 1152 2303 nonenimne·

708 2334 943 2418 quetupussis-
952 2333 1152 2412 perducere.

695 2411 824 2480 Ῥιιι1.;
817 2431 1034 2479 mussare.-
1049 2412 1153 2507 Μ.(Ῑιιὶ

707 2510 736 2564 in
755 2507 982 2585 disciplinamae-
947 2508 1038 2566 -Ρ·
1056 2518 1134 2586 pena.

655 2596 829 2654 uitiator
850 2597 953 2674 deliga
974 2597 1018 2652 ad
1034 2598 1153 2670 palum:

706 2680 742 2738 Μ.
765 2712 801 2723 -
825 2681 848 2736 P
868 2680 941 2741 Harl.
963 2702 994 2739 1.:
1022 2685 1043 2738 ii
1063 2682 1153 2742 lictor.

634 2816 636 2820 Α
709 2765 753 2826 cf.
773 2770 803 2833 1,
821 2768 865 2826 26.
893 2799 926 2811 -
953 2767 1028 2825 Pm.
1052 2771 1090 2826 1.:
1119 2767 1155 2825 arl

639 2890 643 2905 .
708 2852 825 2932 paulum.
844 2873 880 2910 m.
897 2855 938 2910 L:
956 2852 990 2907 ad
1008 2852 1154 2928 palum.-

709 2938 733 2993 P
750 2958 786 2997 m.
805 2940 830 2996 1.
849 2937 888 2994 M:
908 2941 1058 2999 examinati.
1079 2939 1102 2997 P
1119 2959 1154 3004 m.

711 3026 750 3084 L:
769 3025 919 3084 exanimati.

641 3108 684 3172 11.
711 3111 883 3170 destrictam
904 3119 1058 3174 cernentes
1075 3130 1156 3175 secu·

711 3213 790 3257 rem:
819 3196 846 3255 Μ
873 3215 908 3257 m.
939 3204 964 3260 2.
991 3201 1013 3258 P
1039 3202 1114 3264 Harl.
1137 3225 1154 3263 1.

710 3280 786 3344 Leid.
799 3307 817 3344 ι.
830 3285 862 3344 al.
881 3287 924 3346 ci.
934 3292 960 3355 9,
973 3292 1016 3347 16.
1030 3322 1063 3336 -
1075 3290 1155 3350 Recc.
1213 3324 1216 3333 .

712 3372 805 3432 codd!
823 3376 949 3431 securim:
969 3368 1002 3435 cf.
1023 3379 1047 3445 1,
1066 3379 1109 3435 40.
1122 3406 1155 3419 ·-

711 3459 738 3517 Μ
756 3477 791 3518 m.
811 3462 854 3518 1.:
872 3474 1001 3522 securam.
1021 3496 1054 3505 —
1073 3458 1154 3522 Paulo

711 3558 775 3624 post
792 3545 814 3603 P
827 3567 863 3605 m.
877 3548 915 3605 1.'':
929 3541 963 3628 ad
974 3544 1156 3610 admiratione.

712 3649 747 3693 m.
767 3631 805 3692 2:
829 3634 870 3692 ab.
895 3668 927 3678 -
950 3628 1083 3698 Pm.1.:
1101 3654 1156 3696 car⁸
1238 3648 1242 3665 ¹

712 3722 773 3777 uice
791 3730 874 3778 caesa.
905 3732 940 3781 in.
959 3717 1000 3783 ΜΕ
1019 3735 1103 3786 caesa.
1121 3751 1155 3769 --·

712 3801 735 3862 P
769 3826 804 3867 m.
836 3805 878 3866 1.:'
911 3807 1009 3882 charia.
1032 3817 1086 3871 nr.
1116 3815 1155 3871 ΜΛ

713 3903 813 3965 cuncte.
839 3926 872 3935 -
903 3887 996 3965 „Uud
1010 3894 1099 3955 indem
1116 3902 1157 3961 sie

713 3991 801 4037 suerat
829 3983 881 4038 wie
909 3982 1089 4057 angewurzclt
1113 4004 1157 4060 ge·

915 4072 1168 4177 20.-
