2618 4590
173 281 240 352 318
589 242 597 271 s
618 284 733 351 'Llllllll
752 291 822 352 lllll.

176 469 264 526 runtr
296 457 350 548 qui
373 454 570 548 aliquamdiu
592 478 699 548 pugno
722 455 822 523 atroci
845 476 920 523 cum
949 465 982 520 et
1009 466 1112 521 semet
1134 454 1195 545 ipsi
1219 455 1277 524 lati·

176 573 305 655 gassent
325 573 358 629 et
378 560 487 627 hastas
510 572 564 629 aut
591 561 837 652 praefregissent
853 570 915 626 ‘aut
935 559 1156 642 hebetassent‚
1184 560 1276 650 pelle-

178 679 250 735 rent
276 666 308 734 vi
336 677 445 733 tamen
472 665 601 755 hostem
622 699 666 714 ——
690 666 883 732 debellatum
905 665 970 732 iarn
997 666 1056 762 rati
1078 678 1277 754 perventum-

178 796 242 864 que
272 771 312 838 ad
342 783 520 839 extremam
548 771 663 853 aciem,
697 781 768 837 tum
796 771 909 838 consul
936 770 1049 837 triariis
1077 768 1277 862 „consurgite

111 903 117 921 ¹
146 881 292 951 anunc“
313 875 415 966 inquit
436 876 573 968 „integri
595 875 747 942 adversus
768 874 871 942 fessos
892 898 1054 942 memores
1082 875 1205 964 patriae
1229 899 1276 966 pa·

176 993 368 1072 tentumque
391 993 425 1049 et
446 982 618 1072 coniugum
634 1005 671 1047 ae
685 979 868 1063 liberonrm,
889 1003 1050 1046 memores
1066 980 1210 1048 consulis
1224 1005 1276 1071 pro

176 1098 282 1154 vestra
303 1086 436 1154 victoria
457 1097 561 1153 morte
585 1085 751 1153 occuban’
776 1090 804 1153 ⁴⁶.
827 1083 883 1150 ubi
905 1085 1000 1150 triarii
1015 1096 1277 1153 consurrexerunt

175 1190 289 1280 integri
311 1189 540 1280 refulgentibus
564 1190 659 1258 armis
680 1213 765 1256 nova
794 1213 836 1256 ex
863 1189 1026 1278 inproviso
1051 1201 1162 1258 exorta
1188 1192 1277 1271 acies,

176 1295 313 1383 receptis
342 1293 375 1360 in
401 1295 567 1364 intervalla
594 1295 742 1362 ordinum
769 1294 955 1385 antepilanis
985 1295 1125 1362 clamore
1153 1295 1277 1363 sublato

129 1418 165 1472 '10
175 1399 328 1490 principia
342 1397 528 1467 Latinorum
546 1402 741 1493 perturbant,
754 1399 918 1490 hastisque
936 1424 991 1467 ora
1002 1399 1160 1468 fodientes
1176 1399 1276 1491 primo

149 1484 296 1572 'robore
324 1505 466 1572 virorum
494 1528 591 1575 caeso
617 1531 676 1598 per
709 1505 787 1572 alios
817 1504 999 1596 manipulos
1026 1504 1116 1573 velut
1143 1505 1278 1575 inermes

166 1622 276 1699 'prope
299 1607 407 1677 intacti
429 1635 561 1681 evasere
587 1623 741 1705 tantaque
770 1610 869 1677 caede
897 1634 1069 1701 perrupere
1097 1633 1220 1678 cuneos
1245 1620 1278 1674 ut

174 1713 229 1782 vix
262 1725 409 1805 quartam
431 1726 555 1805 partem
577 1717 793 1808 relinquerent
817 1712 970 1782 hostiurn.
1014 1715 1175 1782 Samnites
1204 1737 1277 1805 quoa

177 1839 242 1909 que
272 1821 333 1887 sub
361 1819 519 1886 radicibus
548 1823 665 1889 montis
695 1820 809 1912 procul
840 1818 983 1887 instructi
1014 1820 1192 1910 praebuere
1212 1830 1277 1899 ‚ter-

128 1941 163 1996 tt
176 1942 284 1992 rorem
304 1923 434 1992 Latinis.
473 1937 615 1993 ceterum
636 1926 719 2004 inter
745 1947 857 1993 omnes
886 1925 971 1992 cives
1000 1926 1170 2016 sociosque
1193 1948 1278 2014 prae-

173 2029 266 2121 cipua
280 2029 441 2097 laus‘eius
456 2029 533 2098 belli
549 2053 650 2122 penes
665 2029 815 2099 consides
832 2028 899 2113 luit,
922 2053 1059 2120 quorum
1075 2030 1155 2096 alter
1172 2029 1274 2096 omnis

191 2223 216 2277 l.
246 2220 300 2298 qui
312 2220 473 2298 aliquddiu
482 2240 586 2300 pugna
597 2223 694 2279 atroci
780 2223 806 2280 8.
836 2221 945 2300 integri
954 2216 1174 2300 refulgentibus
1186 2222 1275 2276 armis

246 2325 313 2364 cum
331 2317 361 2365 et
378 2316 470 2364 semet
489 2311 548 2384 ipsi
557 2309 692 2387 fatigas·
832 2326 912 2364 nouo
935 2329 976 2365 ex
998 2309 1150 2383 inprouiso
1172 2316 1277 2363 exorto

242 2404 310 2452 sent
328 2393 540 2451 ethostaaaut
553 2396 691 2471 praefre·
832 2396 930 2452 uciesr
954 2393 1003 2453 ΡΜ
1028 2393 1061 2454 al.
1090 2426 1124 2437 -
1154 2393 1221 2452 Lov.
1239 2397 1275 2451 d:

242 2485 360 2561 gissent
376 2490 430 2536 aut
446 2480 650 2540 hebetarunt:
668 2483 691 2539 P
740 2504 742 2513 ·

242 2590 278 2628 m.
297 2570 322 2628 il.
350 2577 384 2610 -ὲ
412 2568 546 2629 Pm.1.:
573 2589 690 2648 pugnam

243 2659 336 2715 atroci.
355 2655 395 2713 bl:
414 2665 441 2712 et
458 2657 549 2713 hastas
567 2667 613 2713 aut
629 2676 689 2734 pre·

241 2745 394 2819 ll†gisseut
411 2755 457 2802 aut
470 2746 622 2802 beatassent
633 2744 689 2822 pel·

243 2829 331 2887 lerant
341 2831 346 2905 Ι
358 2842 388 2888 ut
397 2836 451 2891 tarir
460 2833 573 2891 hostem.
586 2831 653 2891 Lov.
663 2835 689 2891 1.

243 2917 344 2996 aliique
370 2940 440 2980 rece.
468 2920 561 2979 codd:
588 2920 689 2998 perire·

241 3009 352 3082 gissem.

188 3095 215 3152 1.
242 3099 304 3148 tum
319 3098 380 3149 coi.
391 3095 507 3149 triariis
519 3096 701 3172 consurgit(

241 3199 319 3235 nunc
325 3180 435 3253 inquit:
445 3179 519 3236 M.-
530 3175 565 3233 P:
574 3188 630 3235 turn
641 3183 688 3236 coit

240 3267 327 3322 triarii
337 3267 488 3342 consurgite
500 3285 571 3321 nuuc
582 3268 680 3344 inquit,

187 3355 215 3414 6.
242 3372 387 3411 memores
409 3355 541 3411 conculis
562 3371 618 3430 pro
641 3377 688 3413 uc·

242 3453 310 3500 stra
336 3443 462 3498 uictoria
490 3451 585 3498 morte
608 3464 688 3500 occu·

180 3574 187 3583 ,
240 3528 687 3605 ὂαητιέςιΡΜυΙ.]ωεωοηεεοη·

241 3615 308 3671 aulis
326 3649 361 3659 -
378 3627 466 3672 morte
496 3616 688 3677 occumbentis.

241 3728 277 3744 ι-
294 3700 378 3757 ldulto
391 3703 487 3760 lortius
505 3725 564 3762 esse
576 3706 687 3762 verboru

162 3794 166 3800 ’
242 3789 384 3846 accubare
411 3811 490 3867 quarn
519 3795 687 3850 occumbere

240 3876 320 3934 nemo
339 3895 393 3932 uon
411 3877 499 3935 videt:
517 3880 687 3957 „eingedenlr

222 3965 290 4022 -des
318 3961 435 4022 Consule
466 3965 515 4022 der
543 3987 588 4023 um
618 3968 685 4023 euch

174 4072 196 4085 ··
239 4068 301 4108 zum
314 4050 393 4128 Siege
411 4071 444 4110 zu
461 4048 556 4132 ldbren
569 4054 628 4111 todt
641 4053 685 4111 da·

239 4134 290 4198 bio
307 4139 442 4214 geetreelrt
458 4140 553 4219 liegt“.

814 2483 935 2556 ¹integra
970 2481 1163 2559 refulgentibus
1198 2483 1276 2537 anuis

832 2588 902 2626 nona
922 2579 949 2626 et
965 2572 1106 2648 inprouiso
1124 2572 1196 2628 acies
1211 2578 1275 2624 orta.

827 2683 866 2698 *-
891 2655 964 2717 Harl.
979 2677 998 2716 1.
1020 2656 1070 2717 alt
1096 2658 1212 2734 receptis
1234 2658 1274 2712 in·

801 2800 804 2804 .
831 2743 940 2801 terualla
959 2745 1085 2802 ordinum
1103 2757 1154 2804 cet.

760 2834 804 2891 10.
832 2832 989 2907 hamisque
1018 2852 1073 2890 ora
1100 2828 1274 2904 fodientes:

830 2919 866 2978 111.
880 2951 913 2960 -
926 2919 951 2975 P
956 2925 1000 2978 m.
1014 2924 1054 2981 l.:
1072 2920 1194 2993 hastique
1207 2919 1273 2974 lrora

830 3007 972 3067 fodientes
1000 3027 1035 3065 m.
1059 3007 1098 3063 2¹
1124 3004 1271 3081 basiisque.

832 3121 866 3136 -
886 3093 962 3153 Leid.
974 3113 991 3153 ι.
1002 3092 1102 3152 Putn
1112 3089 1234 3152 a-voss.
1247 3112 1273 3150 u.

831 3179 879 3236 al:
908 3181 1044 3258 hastisque
1065 3197 1113 3235 ora
1140 3179 1273 3236 lerientes.

730 3257 737 3269 ”
830 3267 874 3327 cf.
893 3271 942 3336 21,
961 3270 1005 3328 55.
1032 3292 1066 3308 Δ
1091 3265 1154 3324 PM:
1183 3277 1213 3323 ut
1230 3271 1273 3324 uix

830 3365 950 3432 quartam
968 3363 1073 3433 partem
1096 3354 1273 3432 relinquerent

829 3443 957 3503 bostium.
989 3442 1069 3500 Voss.
1085 3461 1115 3500 u.
1143 3443 1190 3503 alr:
1216 3442 1271 3500 reli·

828 3533 943 3608 queriut·

759 3617 802 3676 15.
830 3619 906 3675 inter
933 3636 1036 3676 omnes
1064 3619 1162 3675 ciues.-
1184 3616 1215 3676 Ρ.
1240 3643 1270 3662 -

826 3703 866 3761 M:
885 3708 972 3762 inoms
992 3709 1074 3763 ciues.

758 3793 802 3850 16.
830 3794 907 3851 alter
931 3795 1028 3851 omnis
1050 3794 1149 3850 minas
1164 3791 1271 3867 pericu⁴

828 3882 919 3957 loque
942 3883 982 3937 ab
1008 3881 1074 3937 deis
1099 3881 1216 3954 superis
1234 3879 1270 3932 in·

821 3964 963 4044 ferisque
987 3969 1018 4024 in
1040 3988 1074 4023 se
1097 3984 1189 4052 unum
1212 3982 1271 4020 uer-

825 4059 877 4113 tit:
895 4056 917 4113 P
934 4077 970 4116 ru.
988 4056 1015 4131 2.
1034 4053 1077 4126 lli]
1097 4052 1165 4110 alter
1182 4068 1270 4108 omnes

788 4132 793 4145 '
825 4145 911 4200 minas
946 4140 1121 4221 periculaque
1157 4140 1191 4197 ab
1221 4139 1270 4194 diu
